{"gold_per_floor":[109,109,109,128,28,55,73,87,87,99,99,52,67,67,67,166,166,179,179,179,198,208,208,108,128,151,164,164],"floor_reached":28,"playtime":1687,"items_purged":["Strike_R","Defend_R"],"score":247,"play_id":"0bfa7a2d-94d5-4e72-aa57-24c99e0780d4","local_time":"20180713003140","is_ascension_mode":false,"campfire_choices":[{"floor":11,"key":"REST"},{"floor":15,"key":"REST"},{"data":"Anger","floor":23,"key":"SMITH"}],"neow_cost":"FIFTY_PERCENT_DAMAGE","seed_source_timestamp":13650055762897,"circlet_count":0,"master_deck":["Defend_R","Bash","Anger+1","Warcry","Burning Pact","Pommel Strike","Intimidate","Sword Boomerang","Intimidate","Flex","Headbutt","Anger+1","Immolate","Armaments+1","Bite","Bite","Bite","Bite","Bite","Shrug It Off","Headbutt","Anger+1","Rupture"],"relics":["Burning Blood","Sundial","Mummified Hand","Pear","Empty Cage","Boot"],"potions_floor_usage":[],"damage_taken":[{"damage":8,"enemies":"2 Louse","floor":1,"turns":3},{"damage":1,"enemies":"Cultist","floor":4,"turns":3},{"damage":24,"enemies":"Gremlin Nob","floor":6,"turns":4},{"damage":0,"enemies":"Jaw Worm","floor":7,"turns":3},{"damage":14,"enemies":"2 Fungi Beasts","floor":8,"turns":3},{"damage":9,"enemies":"Blue Slaver","floor":10,"turns":3},{"damage":9,"enemies":"Red Slaver","floor":13,"turns":4},{"damage":48,"enemies":"Slime Boss","floor":16,"turns":12},{"damage":45,"enemies":"Shell Parasite","floor":18,"turns":5},{"damage":25,"enemies":"3 Byrds","floor":21,"turns":6},{"damage":19,"enemies":"Cultist and Chosen","floor":22,"turns":6},{"damage":17,"enemies":"Snake Plant","floor":25,"turns":4},{"damage":50,"enemies":"Slaver and Parasite","floor":27,"turns":6},{"damage":26,"enemies":"3 Cultists","floor":28,"turns":4}],"seed_played":"-2335612206262237054","potions_obtained":[{"floor":4,"key":"BloodPotion"},{"floor":6,"key":"Strength Potion"},{"floor":8,"key":"SkillPotion"}],"is_trial":false,"path_per_floor":["M","?","?","M","$","E","M","M","T","M","R","$","M","$","R","B",null,"M","?","?","M","M","R","$","M","T","M"],"character_chosen":"IRONCLAD","items_purchased":["Pommel Strike","Headbutt"],"campfire_rested":2,"item_purchase_floors":[5,12],"current_hp_per_floor":[38,38,38,43,43,25,31,23,33,30,57,57,54,54,81,39,90,51,51,51,48,51,51,51,44,44,10,0],"gold":164,"neow_bonus":"ONE_RARE_RELIC","is_prod":false,"is_daily":false,"chose_seed":false,"campfire_upgraded":1,"win_rate":0,"timestamp":1531467100,"path_taken":["M","?","?","?","$","E","M","?","T","M","R","$","M","?","R","BOSS","M","?","?","M","M","R","$","M","T","M","M"],"build_version":"2018-07-12","purchased_purges":2,"victory":false,"max_hp_per_floor":[80,80,80,80,80,80,80,80,90,90,90,90,90,90,90,90,90,90,63,63,63,63,63,63,63,63,63,63],"card_choices":[{"not_picked":["Thunderclap","Shrug It Off"],"picked":"Anger","floor":1},{"not_picked":["Shockwave","Pummel"],"picked":"Burning Pact","floor":4},{"not_picked":["Entrench","Heavy Blade"],"picked":"Intimidate","floor":6},{"not_picked":["Hemokinesis","Wild Strike"],"picked":"Sword Boomerang","floor":7},{"not_picked":["Fire Breathing","Warcry"],"picked":"Intimidate","floor":8},{"not_picked":["Twin Strike","Thunderclap"],"picked":"Flex","floor":10},{"not_picked":["Second Wind","Sword Boomerang"],"picked":"Anger","floor":13},{"not_picked":["Juggernaut","Brutality"],"picked":"Immolate","floor":16},{"not_picked":["Warcry+1","Sword Boomerang"],"picked":"Armaments+1","floor":18},{"not_picked":["Evolve","Shrug It Off","Combust"],"picked":"SKIP","floor":21},{"not_picked":["Evolve","Combust"],"picked":"Shrug It Off","floor":21},{"not_picked":["Thunderclap","Shrug It Off"],"picked":"Headbutt","floor":22},{"not_picked":["Heavy Blade","True Grit"],"picked":"Anger+1","floor":25},{"not_picked":["Spot Weakness","Wild Strike+1"],"picked":"Rupture","floor":27}],"player_experience":28976,"relics_obtained":[{"floor":6,"key":"Mummified Hand"},{"floor":9,"key":"Pear"},{"floor":26,"key":"Boot"}],"event_choices":[{"event_name":"Transmorgrifier","player_choice":"Transform","floor":2,"damage_taken":0},{"event_name":"Liars Game","player_choice":"disagreed","floor":3,"damage_taken":0},{"event_name":"Vampires","player_choice":"Became a vampire","floor":19,"damage_taken":0},{"event_name":"Upgrade Shrine","player_choice":"Upgraded","floor":20,"damage_taken":0}],"boss_relics":[{"not_picked":["Snecko Eye","Lizard Tail"],"picked":"Empty Cage"}],"items_purged_floors":[5,24],"is_endless":false,"potions_floor_spawned":[4,6,8,13,21,22],"killed_by":"3 Cultists","ascension_level":0}