{"path_per_floor":["M","?","?","$","M","E","R","M","T","R","$","M","R","?","R","B",null,"M","M","$","M","T","R","?","?","T","M"],"character_chosen":"THE_SILENT","items_purchased":["Ornamental Fan","Escape Plan","Finisher"],"gold_per_floor":[113,113,288,36,56,83,83,95,120,120,9,27,27,27,27,127,127,138,150,80,100,127,127,127,127,204,221],"floor_reached":28,"campfire_rested":2,"playtime":1647,"current_hp_per_floor":[70,56,56,56,53,41,41,41,41,41,41,41,41,38,59,28,70,39,37,37,1,1,45,32,32,32,15],"items_purged":["Doubt"],"gold":221,"score":238,"play_id":"b70ad555-365b-482c-8562-fab5302f4fa0","is_prod":false,"is_daily":false,"is_ascension_mode":true,"campfire_upgraded":3,"path_taken":["M","?","?","$","M","E","R","M","T","R","?","?","R","?","R","BOSS","M","?","?","M","?","R","?","?","T","M","M"],"build_version":"2018-02-15-PROD1","purchased_purges":1,"victory":false,"master_deck":["Defend_G","Defend_G","Defend_G","Defend_G","Defend_G","Strike_G","Strike_G","Strike_G+1","Strike_G+1","Survivor","Neutralize+1","Blade Dance+1","Noxious Fumes+1","Skewer","Bane","Escape Plan","Cloak And Dagger","Envenom","Riddle With Holes","Footwork","Finisher","PiercingWail+1","Dagger Spray+1"],"max_hp_per_floor":[70,70,70,70,70,70,70,70,70,70,70,70,70,70,70,70,70,70,70,70,70,70,70,75,75,75,75],"relics":["Ring of the Snake","Ornamental Fan","Pen Nib","Lantern","Peace Pipe","Eternal Feather","Regal Pillow","Bottled Tornado"],"card_choices":[{"not_picked":["Reflex","Prepared"],"picked":"Blade Dance"},{"not_picked":["Cloak And Dagger","Predator"],"picked":"Noxious Fumes"},{"not_picked":["Dodge and Roll","Deadly Poison"],"picked":"Skewer"},{"not_picked":["Prepared","Sucker Punch"],"picked":"Bane"},{"not_picked":["Outmaneuver","Glass Knife"],"picked":"Cloak And Dagger"},{"not_picked":["Night Terror","A Thousand Cuts"],"picked":"Envenom"},{"not_picked":["Prepared","Flying Knee"],"picked":"Riddle With Holes"},{"not_picked":["Blur","Sucker Punch"],"picked":"Footwork"},{"not_picked":["Blur","Slice"],"picked":"PiercingWail"},{"not_picked":["Dodge and Roll","After Image"],"picked":"Dagger Spray"}],"player_experience":170177,"potions_floor_usage":[18,19,21,27],"damage_taken":[{"damage":0,"enemies":"2 Louse","floor":1,"turns":3},{"damage":3,"enemies":"Small Slimes","floor":5,"turns":6},{"damage":12,"enemies":"3 Sentries","floor":6,"turns":10},{"damage":0,"enemies":"Jaw Worm","floor":8,"turns":5},{"damage":0,"enemies":"Blue Slaver","floor":12,"turns":3},{"damage":31,"enemies":"Hexaghost","floor":16,"turns":10},{"damage":31,"enemies":"Spheric Guardian","floor":18,"turns":6},{"damage":2,"enemies":"Chosen","floor":19,"turns":4},{"damage":36,"enemies":"Sentry and Sphere","floor":21,"turns":9},{"damage":17,"enemies":"Snake Plant","floor":27,"turns":5},{"damage":23,"enemies":"Snecko","floor":28,"turns":5}],"event_choices":[{"event_name":"Shining Light","player_choice":"Entered Light","floor":2,"damage_taken":0},{"event_name":"Liars Game","player_choice":"agreed","floor":3,"damage_taken":0},{"event_name":"Scrap Ooze","player_choice":"success","floor":14,"damage_taken":3},{"event_name":"Forgotten Altar","player_choice":"Shed Blood","floor":24,"damage_taken":0},{"event_name":"Vampires","player_choice":"Ignored","floor":25,"damage_taken":0}],"boss_relics":[{"not_picked":["Ectoplasm","Snecko Eye"],"picked":"Eternal Feather"}],"potions_floor_spawned":[1,5,16,18],"seed_played":"-4419841932569879899","killed_by":"Snecko","ascension_level":2,"is_trial":false}