{"gold_per_floor":[109,109,109,34,46,46,77,77,104,4,15,25,25,40,40,136,136,147,99,149,160,176,176,226,276,353,372,372,406,556,572,572,572],"floor_reached":33,"playtime":1043,"items_purged":["Strike_R","Strike_R"],"score":431,"play_id":"c23c7c57-545e-410a-9e50-3f6e030c4c16","local_time":"20180721190948","is_ascension_mode":true,"campfire_choices":[{"data":"Whirlwind","floor":6,"key":"SMITH"},{"data":"Second Wind","floor":8,"key":"SMITH"},{"data":"Rage","floor":15,"key":"SMITH"},{"floor":23,"key":"REST"},{"floor":28,"key":"REST"},{"floor":32,"key":"REST"}],"neow_cost":"NONE","seed_source_timestamp":35001298371496,"circlet_count":0,"master_deck":["Strike_R","Strike_R","Strike_R","Defend_R","Defend_R","Defend_R","Bash","Flex+1","Whirlwind+1","Second Wind+1","Rage+1","Feed","Wild Strike+1","Clash","Whirlwind+1","Sever Soul","Armaments+1"],"relics":["Burning Blood","NeowsBlessing","Lantern","Omamori","SsserpentHead","Fusion Hammer","Nilry\u0027s Codex","Art of War","Pear","Prayer Wheel"],"potions_floor_usage":[14,16,16,31,33],"damage_taken":[{"damage":0,"enemies":"2 Louse","floor":1,"turns":1},{"damage":0,"enemies":"Cultist","floor":5,"turns":1},{"damage":0,"enemies":"3 Sentries","floor":7,"turns":1},{"damage":0,"enemies":"Small Slimes","floor":11,"turns":1},{"damage":18,"enemies":"Blue Slaver","floor":12,"turns":4},{"damage":0,"enemies":"Red Slaver","floor":14,"turns":2},{"damage":57,"enemies":"Slime Boss","floor":16,"turns":11},{"damage":0,"enemies":"Chosen","floor":18,"turns":4},{"damage":4,"enemies":"Spheric Guardian","floor":21,"turns":3},{"damage":1,"enemies":"3 Cultists","floor":22,"turns":3},{"damage":17,"enemies":"Snake Plant","floor":27,"turns":2},{"damage":29,"enemies":"Slavers","floor":29,"turns":4},{"damage":16,"enemies":"Centurion and Healer","floor":31,"turns":4},{"damage":112,"enemies":"Collector","floor":33,"turns":8}],"seed_played":"-7877369391382021592","potions_obtained":[{"floor":5,"key":"GamblersBrew"},{"floor":11,"key":"Block Potion"},{"floor":12,"key":"Block Potion"},{"floor":21,"key":"Ancient Potion"},{"floor":29,"key":"AttackPotion"}],"is_trial":false,"path_per_floor":["M","?","?","$","M","R","E","R","T","$","M","M","?","M","R","B",null,"M","$","?","M","M","R","?","?","T","M","R","E","?","M","R"],"character_chosen":"IRONCLAD","items_purchased":["Clash"],"campfire_rested":3,"item_purchase_floors":[19],"current_hp_per_floor":[78,78,78,78,80,80,80,80,80,80,80,68,68,74,74,23,66,72,72,56,58,66,83,83,83,93,85,96,73,73,63,91,0],"gold":572,"neow_bonus":"THREE_ENEMY_KILL","is_prod":false,"is_daily":false,"chose_seed":false,"campfire_upgraded":3,"win_rate":0,"timestamp":1532210988,"path_taken":["M","?","?","?","M","R","E","R","T","$","?","M","?","M","R","BOSS","M","$","?","M","M","R","?","?","T","M","R","E","?","M","R","BOSS"],"build_version":"2018-07-19","purchased_purges":2,"victory":false,"max_hp_per_floor":[80,80,80,80,80,80,80,80,80,80,80,80,80,80,80,80,80,80,80,80,80,83,83,83,83,93,96,96,96,96,96,96,96],"card_choices":[{"not_picked":["Perfected Strike","Pommel Strike"],"picked":"Flex","floor":1},{"not_picked":["Infernal Blade","Thunderclap"],"picked":"Whirlwind","floor":5},{"not_picked":["Seeing Red","Reaper"],"picked":"Second Wind","floor":7},{"not_picked":["Clash","Burning Pact"],"picked":"Rage","floor":11},{"not_picked":["Pommel Strike","Flex","Pummel"],"picked":"SKIP","floor":12},{"not_picked":["Pommel Strike","Twin Strike","Entrench"],"picked":"SKIP","floor":14},{"not_picked":["Demon Form","Impervious"],"picked":"Feed","floor":16},{"not_picked":["Armaments","Infernal Blade"],"picked":"Wild Strike+1","floor":18},{"not_picked":["Pummel+1","Twin Strike"],"picked":"Whirlwind+1","floor":21},{"not_picked":["Pummel+1","Shrug It Off+1","Twin Strike+1"],"picked":"SKIP","floor":22},{"not_picked":["Sword Boomerang+1","Clothesline","True Grit"],"picked":"SKIP","floor":27},{"not_picked":["Brutality","Sever Soul","Intimidate"],"picked":"SKIP","floor":29},{"not_picked":["Clash+1","Pommel Strike"],"picked":"Armaments+1","floor":31},{"not_picked":["Havoc","Battle Trance+1","Wild Strike"],"picked":"SKIP","floor":31}],"player_experience":827502,"relics_obtained":[{"floor":7,"key":"Lantern"},{"floor":9,"key":"Omamori"},{"floor":20,"key":"Nilry\u0027s Codex"},{"floor":26,"key":"Pear"},{"floor":29,"key":"Prayer Wheel"}],"event_choices":[{"event_name":"Upgrade Shrine","player_choice":"Upgraded","floor":2,"damage_taken":0},{"event_name":"Purifier","player_choice":"One Purge","floor":3,"damage_taken":0},{"event_name":"FaceTrader","player_choice":"Trade","floor":13,"damage_taken":0},{"event_name":"Cursed Tome","player_choice":"Obtained Book","floor":20,"damage_taken":0},{"event_name":"The Mausoleum","player_choice":"Yes","floor":24,"damage_taken":0},{"event_name":"The Library","player_choice":"Read","floor":25,"damage_taken":0},{"event_name":"Golden Shrine","player_choice":"Pray","floor":30,"damage_taken":0}],"is_beta":true,"boss_relics":[{"not_picked":["Snecko Eye","Tiny House"],"picked":"Fusion Hammer"}],"items_purged_floors":[4,10],"is_endless":false,"potions_floor_spawned":[5,11,12,21,29],"killed_by":"Collector","ascension_level":8}