{"path_per_floor":["M","?","M","$","M","R","E","$","T","R","?","E","R","M","R","B",null,"M","M","?","$"],"character_chosen":"THE_SILENT","items_purchased":["Noxious Fumes","Footwork","Letter Opener"],"gold_per_floor":[109,184,194,44,57,57,85,46,46,46,221,247,247,261,261,358,358,377,397,397,105],"floor_reached":22,"campfire_rested":2,"playtime":1281,"current_hp_per_floor":[70,59,58,58,58,58,31,31,31,52,52,33,33,31,52,9,70,33,17,17,17],"items_purged":["Strike_G","Doubt"],"gold":105,"score":221,"play_id":"bb55bdfa-e6d4-42e6-bf70-e54c78112b61","is_prod":false,"is_daily":false,"is_ascension_mode":true,"campfire_upgraded":1,"path_taken":["M","?","M","$","?","R","E","$","T","R","?","E","R","M","R","BOSS","M","M","?","$","M"],"build_version":"2018-02-15-PROD1","purchased_purges":2,"victory":false,"master_deck":["Defend_G","Defend_G","Defend_G","Defend_G","Defend_G","Strike_G","Strike_G","Strike_G","Strike_G","Survivor","Neutralize+1","Dagger Throw","PiercingWail","Noxious Fumes","Accuracy","Flying Knee","Footwork","Dagger Spray","Cloak And Dagger","Prepared+1","Adrenaline"],"max_hp_per_floor":[70,70,70,70,70,70,70,70,70,70,70,70,70,70,70,70,70,70,70,70,70],"relics":["Ring of the Snake","Blood Vial","Girya","Shovel","Smiling Mask","Mercury Hourglass","The Specimen","Letter Opener"],"card_choices":[{"not_picked":["Outmaneuver","Escape Plan"],"picked":"Dagger Throw"},{"not_picked":["Dagger Throw","Dodge and Roll"],"picked":"PiercingWail"},{"not_picked":["Blur","Cloak And Dagger"],"picked":"Accuracy"},{"not_picked":["Slice","Expertise"],"picked":"Flying Knee"},{"not_picked":["Backflip","Dagger Throw"],"picked":"Dagger Spray"},{"not_picked":["Dodge and Roll","Setup"],"picked":"Cloak And Dagger"},{"not_picked":["Slice","Underhanded Strike"],"picked":"Prepared"}],"player_experience":192768,"potions_floor_usage":[16,16,22],"damage_taken":[{"damage":0,"enemies":"Small Slimes","floor":1,"turns":4},{"damage":3,"enemies":"Jaw Worm","floor":3,"turns":4},{"damage":2,"enemies":"Cultist","floor":5,"turns":4},{"damage":29,"enemies":"Lagavulin","floor":7,"turns":9},{"damage":21,"enemies":"3 Sentries","floor":12,"turns":8},{"damage":4,"enemies":"Looter","floor":14,"turns":4},{"damage":45,"enemies":"Slime Boss","floor":16,"turns":11},{"damage":37,"enemies":"Chosen","floor":18,"turns":6},{"damage":18,"enemies":"3 Byrds","floor":19,"turns":5},{"damage":25,"enemies":"Snecko","floor":22,"turns":5}],"event_choices":[{"event_name":"World of Goop","player_choice":"Gather Gold","floor":2,"damage_taken":0},{"event_name":"Liars Game","player_choice":"agreed","floor":11,"damage_taken":0},{"event_name":"Match and Keep!","player_choice":"1 cards matched","floor":20,"damage_taken":0}],"boss_relics":[{"not_picked":["Astrolabe","Tiny House"],"picked":"The Specimen"}],"potions_floor_spawned":[7,14,18],"seed_played":"-299501937255003730","killed_by":"Snecko","ascension_level":3,"is_trial":false}