{"path_per_floor":["M","?","?","?","$","M","R","M","T","$","R","E","M","M","R","B",null,"M","?","?","$","M"],"character_chosen":"IRONCLAD","items_purchased":["Spot Weakness"],"gold_per_floor":[109,109,109,109,34,52,52,62,62,62,62,88,102,112,112,208,208,225,225,225,48,59],"floor_reached":23,"campfire_rested":0,"playtime":805,"current_hp_per_floor":[60,60,60,44,44,46,46,50,50,50,50,37,39,43,43,8,62,55,55,55,55,35],"items_purged":["Defend_R","Defend_R"],"gold":59,"score":246,"play_id":"f346b1d1-0284-4edf-8995-3a6a66f5f5da","local_time":"20180317134019","is_prod":false,"is_daily":false,"is_ascension_mode":true,"campfire_upgraded":3,"timestamp":1521304819,"path_taken":["M","?","?","?","?","M","R","?","T","$","R","E","?","M","R","BOSS","M","?","?","$","M","E"],"build_version":"2018-03-15v2","purchased_purges":2,"victory":false,"master_deck":["Strike_R+1","Strike_R+1","Strike_R","Strike_R","Strike_R","Bash+1","Rage+1","Dual Wield+1","Spot Weakness+1"],"max_hp_per_floor":[80,80,80,80,80,80,80,80,80,80,80,80,80,80,80,80,80,80,80,80,80,80],"relics":["Burning Blood","Blood Vial","Mercury Hourglass","Toxic Egg 2","Black Star","Ancient Tea Set"],"card_choices":[{"not_picked":["Reckless Charge","Iron Wave"],"picked":"Rage"},{"not_picked":["Twin Strike","Warcry"],"picked":"Dual Wield"}],"player_experience":577308,"potions_floor_usage":[23,23],"damage_taken":[{"damage":18.0,"enemies":"Jaw Worm","floor":1.0,"turns":4.0},{"damage":6.0,"enemies":"Cultist","floor":6.0,"turns":3.0},{"damage":4.0,"enemies":"Small Slimes","floor":8.0,"turns":3.0},{"damage":21.0,"enemies":"3 Sentries","floor":12.0,"turns":7.0},{"damage":6.0,"enemies":"Exordium Wildlife","floor":13.0,"turns":3.0},{"damage":4.0,"enemies":"Large Slime","floor":14.0,"turns":4.0},{"damage":43.0,"enemies":"Hexaghost","floor":16.0,"turns":10.0},{"damage":15.0,"enemies":"Spheric Guardian","floor":18.0,"turns":4.0},{"damage":28.0,"enemies":"Shell Parasite","floor":22.0,"turns":4.0},{"damage":39,"enemies":"Book of Stabbing","floor":23,"turns":3}],"event_choices":[{"event_name":"Accursed Blacksmith","player_choice":"Rummage","floor":2.0,"damage_taken":0.0},{"event_name":"Living Wall","player_choice":"Forget","floor":3.0,"damage_taken":0.0},{"event_name":"Shining Light","player_choice":"Entered Light","floor":4.0,"damage_taken":0.0},{"event_name":"The Mausoleum","player_choice":"Yes","floor":19.0,"damage_taken":0.0},{"event_name":"Back to Basics","player_choice":"Elegance","floor":20.0,"damage_taken":0.0}],"boss_relics":[],"potions_floor_spawned":[6,12,16,18,22],"seed_played":"-8614026664283912224","killed_by":"Book of Stabbing","ascension_level":6,"is_trial":false}