{"gold_per_floor":[110,56,56,73,92,92,92,125,175,175,185,199,219,231,231,334,334,353,278,278,288,133,133],"floor_reached":23,"playtime":1062,"items_purged":["Predator+1"],"score":212,"play_id":"976f7929-d10f-43a4-a2ab-5c899a0de9ad","local_time":"20190212115941","is_ascension_mode":true,"campfire_choices":[{"data":"Noxious Fumes","floor":6,"key":"SMITH"},{"data":"Poisoned Stab","floor":10,"key":"SMITH"},{"floor":15,"key":"REST"}],"neow_cost":"NONE","seed_source_timestamp":125509701780491,"circlet_count":0,"master_deck":["Defend_G","Defend_G","Defend_G","Strike_G","Strike_G","Strike_G","Survivor","Neutralize","Noxious Fumes+1","Dodge and Roll","Blade Dance","Cloak And Dagger","Poisoned Stab+1","Poisoned Stab","Adrenaline","Well Laid Plans+1","Bane","RitualDagger","Backflip","Terror"],"relics":["Eternal Feather","PreservedInsect","Ancient Tea Set","Astrolabe"],"potions_floor_usage":[5,8,12,16,23],"damage_taken":[{"damage":14,"enemies":"Cultist","floor":1,"turns":5},{"damage":7,"enemies":"Jaw Worm","floor":4,"turns":5},{"damage":0,"enemies":"Small Slimes","floor":5,"turns":3},{"damage":8,"enemies":"3 Sentries","floor":8,"turns":7},{"damage":9,"enemies":"Blue Slaver","floor":11,"turns":3},{"damage":1,"enemies":"Looter","floor":12,"turns":3},{"damage":23,"enemies":"Large Slime","floor":13,"turns":4},{"damage":19,"enemies":"Exordium Thugs","floor":14,"turns":5},{"damage":27,"enemies":"Hexaghost","floor":16,"turns":11},{"damage":36,"enemies":"2 Thieves","floor":18,"turns":5},{"damage":6,"enemies":"Chosen","floor":21,"turns":4},{"damage":25,"enemies":"Slavers","floor":23,"turns":2}],"seed_played":"1188942293145265800","potions_obtained":[{"floor":1,"key":"Block Potion"},{"floor":5,"key":"Poison Potion"},{"floor":11,"key":"Fire Potion"},{"floor":13,"key":"Weak Potion"},{"floor":21,"key":"Swift Potion"}],"is_trial":false,"path_per_floor":["M","$","?","M","M","R","?","E","T","R","M","M","M","M","R","B",null,"M","?","?","M","$","E"],"character_chosen":"THE_SILENT","items_purchased":["Dodge and Roll","Terror"],"campfire_rested":1,"item_purchase_floors":[2,22],"current_hp_per_floor":[56,56,56,49,49,58,58,50,50,59,50,49,26,7,37,10,70,34,34,28,22,22,0],"gold":133,"neow_bonus":"BOSS_RELIC","is_prod":false,"is_daily":false,"chose_seed":false,"campfire_upgraded":2,"win_rate":0,"timestamp":1549994381,"path_taken":["M","$","?","?","M","R","?","E","T","R","M","M","M","M","R","BOSS","M","?","?","M","$","E"],"build_version":"2019-01-23","purchased_purges":1,"victory":false,"max_hp_per_floor":[70,70,70,70,70,70,70,70,70,70,70,70,70,70,70,70,70,70,70,70,70,70,70],"card_choices":[{"not_picked":["Blade Dance","Poisoned Stab"],"picked":"Noxious Fumes","floor":1},{"not_picked":["Prepared","Flying Knee"],"picked":"Blade Dance","floor":4},{"not_picked":["Dodge and Roll","Backstab"],"picked":"Cloak And Dagger","floor":5},{"not_picked":["Underhanded Strike","PiercingWail"],"picked":"Poisoned Stab","floor":8},{"not_picked":["PiercingWail","Underhanded Strike","Heel Hook"],"picked":"SKIP","floor":11},{"not_picked":["Bullet Time","Acrobatics"],"picked":"Poisoned Stab","floor":12},{"not_picked":["Heel Hook","Predator","Endless Agony"],"picked":"SKIP","floor":13},{"not_picked":["Sucker Punch","Slice","Flying Knee"],"picked":"SKIP","floor":14},{"not_picked":["Bullet Time","Night Terror"],"picked":"Adrenaline","floor":16},{"not_picked":["Calculated Gamble+1","Quick Slash"],"picked":"Bane","floor":18},{"not_picked":["PiercingWail+1","Slice"],"picked":"Backflip","floor":21}],"player_experience":151097,"relics_obtained":[{"floor":8,"key":"PreservedInsect"},{"floor":9,"key":"Ancient Tea Set"}],"event_choices":[{"cards_removed":["Strike_G"],"damage_healed":0,"gold_gain":0,"player_choice":"Offered Basic","damage_taken":0,"max_hp_gain":0,"max_hp_loss":0,"event_name":"Bonfire Elementals","floor":3,"gold_loss":0},{"damage_healed":0,"gold_gain":0,"player_choice":"Ignored","damage_taken":0,"max_hp_gain":0,"max_hp_loss":0,"event_name":"Liars Game","floor":7,"gold_loss":0},{"cards_removed":["Prepared"],"damage_healed":0,"gold_gain":0,"player_choice":"Gave Gold","damage_taken":0,"max_hp_gain":0,"max_hp_loss":0,"event_name":"Beggar","floor":19,"gold_loss":75},{"damage_healed":0,"gold_gain":0,"player_choice":"Joined the Cult","damage_taken":6,"max_hp_gain":0,"max_hp_loss":0,"event_name":"Nest","floor":20,"gold_loss":0,"cards_obtained":["RitualDagger"]}],"is_beta":false,"boss_relics":[{"not_picked":["Cursed Key","Coffee Dripper"],"picked":"Astrolabe"}],"items_purged_floors":[22],"is_endless":false,"potions_floor_spawned":[1,5,11,13,21],"killed_by":"Slavers","ascension_level":2}