{"gold_per_floor":[113,123,123,135,146,146,178,188,188,188],"floor_reached":10,"playtime":2188,"items_purged":[],"score":137,"play_id":"99e401dd-18f7-4e7c-a2f2-22573db3806f","local_time":"20190308225613","is_ascension_mode":true,"campfire_choices":[{"data":"Neutralize","floor":6,"key":"SMITH"}],"neow_cost":"NONE","seed_source_timestamp":183921131146489,"circlet_count":0,"master_deck":["AscendersBane","Defend_G","Defend_G","Defend_G","Defend_G","Strike_G","Strike_G","Strike_G","Strike_G","Strike_G","Survivor","Neutralize+1","Dash","Deadly Poison","Burst","Caltrops"],"relics":["Ring of the Snake","Calipers","Bottled Lightning"],"potions_floor_usage":[7,10],"damage_taken":[{"damage":0,"enemies":"2 Louse","floor":1,"turns":4},{"damage":0,"enemies":"Cultist","floor":2,"turns":4},{"damage":0,"enemies":"Small Slimes","floor":4,"turns":4},{"damage":12,"enemies":"Red Slaver","floor":5,"turns":4},{"damage":41,"enemies":"Lagavulin","floor":7,"turns":9},{"damage":4,"enemies":"Large Slime","floor":8,"turns":6},{"damage":17,"enemies":"Exordium Wildlife","floor":10,"turns":4}],"seed_played":"-8289502784123891568","potions_obtained":[{"floor":1,"key":"Swift Potion"},{"floor":2,"key":"Swift Potion"},{"floor":5,"key":"Block Potion"}],"is_trial":false,"path_per_floor":["M","M","?","M","M","R","E","M","T","M"],"character_chosen":"THE_SILENT","items_purchased":[],"campfire_rested":0,"item_purchase_floors":[],"current_hp_per_floor":[65,65,58,58,46,46,5,1,1,0],"gold":188,"neow_bonus":"TEN_PERCENT_HP_BONUS","is_prod":false,"is_daily":false,"chose_seed":false,"campfire_upgraded":1,"win_rate":0,"timestamp":1552082173,"path_taken":["M","M","?","M","M","R","E","M","T","M"],"build_version":"2019-01-23","purchased_purges":0,"victory":false,"max_hp_per_floor":[72,72,72,72,72,72,72,72,72,72],"card_choices":[{"not_picked":["Deflect","Backflip"],"picked":"Dash","floor":1},{"not_picked":["Slice","Outmaneuver","Riddle With Holes"],"picked":"SKIP","floor":2},{"not_picked":["Bane","Blade Dance"],"picked":"Deadly Poison","floor":4},{"not_picked":["Flying Knee","Dodge and Roll","Slice"],"picked":"SKIP","floor":5},{"not_picked":["Backflip","Slice"],"picked":"Burst","floor":7},{"not_picked":["Slice","Deflect"],"picked":"Caltrops","floor":8}],"player_experience":946628,"relics_obtained":[{"floor":7,"key":"Calipers"},{"floor":9,"key":"Bottled Lightning"}],"event_choices":[{"cards_removed":["Defend_G"],"damage_healed":0,"gold_gain":0,"player_choice":"Card Removal","damage_taken":7,"max_hp_gain":0,"max_hp_loss":0,"event_name":"Golden Wing","floor":3,"gold_loss":0}],"is_beta":false,"boss_relics":[],"items_purged_floors":[],"is_endless":false,"potions_floor_spawned":[1,2,5],"killed_by":"Exordium Wildlife","ascension_level":19}