{"path_per_floor":["M","?","?","M","M","R","?","R","T","M","M","E","$","?","R","B",null,"M","?","M","?","?","R","E","$","T","E","R","M","R","$","R","B",null,"M","?","M"],"character_chosen":"THE_SILENT","items_purchased":["Dagger Throw","Cloak And Dagger","Tools of the Trade","Dagger Spray"],"gold_per_floor":[110,110,110,121,134,134,134,134,185,203,223,252,73,73,73,151,151,170,170,183,183,183,183,215,4,4,33,33,53,53,53,53,130,130,143,143,155,155],"floor_reached":38,"campfire_rested":5,"playtime":1786,"current_hp_per_floor":[57,57,57,55,53,53,53,53,53,44,38,26,26,19,40,19,57,30,30,22,22,22,43,22,22,22,1,22,18,39,39,60,21,65,16,16,14,0],"items_purged":["Strike_G"],"gold":155,"score":803,"play_id":"dc0de2f6-91ce-4c05-82e9-e76dc54c30b1","local_time":"20180402181826","is_prod":false,"is_daily":false,"is_ascension_mode":true,"campfire_upgraded":2,"timestamp":1522703906,"path_taken":["M","?","?","M","M","R","?","R","T","M","M","E","?","?","R","BOSS","M","?","M","?","?","R","E","$","T","E","R","M","R","$","R","BOSS","M","?","M","M"],"build_version":"2018-03-29v2","purchased_purges":1,"victory":false,"master_deck":["Defend_G","Defend_G","Defend_G","Strike_G","Strike_G","Strike_G","Strike_G","Survivor+1","Neutralize+1","AscendersBane","Reflex","Infinite Blades","Cloak And Dagger+1","Adrenaline","Cloak And Dagger","Dagger Throw","Cloak And Dagger","A Thousand Cuts","Flying Knee","Finesse","Acrobatics","Tools of the Trade","Dagger Spray","Pain","Cloak And Dagger+1","Accuracy","Bullet Time","Normality","Normality","Doubt","Secret Technique"],"max_hp_per_floor":[70,70,70,70,70,70,70,70,70,70,70,70,70,70,70,70,70,70,70,70,70,70,70,70,70,70,70,70,70,70,70,70,70,77,77,77,77,77],"relics":["Ring of the Snake","Bag of Marbles","Letter Opener","Cursed Key","Bronze Scales","Vajra","Tingsha","Pen Nib","Calling Bell","Orichalcum","Unceasing Top","Strawberry"],"card_choices":[{"not_picked":["Acrobatics","Crippling Poison"],"picked":"Reflex","floor":1},{"not_picked":["Skewer","Prepared"],"picked":"Infinite Blades","floor":4},{"not_picked":["Acrobatics","PiercingWail"],"picked":"Cloak And Dagger","floor":5},{"not_picked":["Slice","Cloak And Dagger"],"picked":"Adrenaline","floor":10},{"not_picked":["Noxious Fumes","Terror"],"picked":"Cloak And Dagger","floor":11},{"not_picked":["Envenom","Wraith Form"],"picked":"A Thousand Cuts","floor":16},{"not_picked":["Dodge and Roll","Backflip"],"picked":"Flying Knee","floor":18},{"not_picked":["All Out Attack","Doppelganger"],"picked":"Acrobatics","floor":24},{"not_picked":["Backstab","Prepared"],"picked":"Cloak And Dagger","floor":27},{"not_picked":["Noxious Fumes","Blur"],"picked":"Accuracy","floor":29},{"not_picked":["Night Terror","Glass Knife"],"picked":"Bullet Time","floor":33},{"not_picked":["Swift Strike","Deep Breath"],"picked":"Secret Technique","floor":36}],"player_experience":667707,"potions_floor_usage":[12,16,16,18,33,35],"damage_taken":[{"damage":6,"enemies":"Small Slimes","floor":1,"turns":5},{"damage":2,"enemies":"Cultist","floor":4,"turns":5},{"damage":2,"enemies":"2 Louse","floor":5,"turns":3},{"damage":9,"enemies":"Large Slime","floor":10,"turns":6},{"damage":6,"enemies":"2 Fungi Beasts","floor":11,"turns":3},{"damage":24,"enemies":"Lagavulin","floor":12,"turns":7},{"damage":33,"enemies":"Slime Boss","floor":16,"turns":15},{"damage":27,"enemies":"Chosen","floor":18,"turns":5},{"damage":8,"enemies":"Shell Parasite","floor":20,"turns":4},{"damage":21,"enemies":"Slavers","floor":24,"turns":4},{"damage":21,"enemies":"Book of Stabbing","floor":27,"turns":5},{"damage":4,"enemies":"3 Cultists","floor":29,"turns":3},{"damage":39,"enemies":"Champ","floor":33,"turns":9},{"damage":49,"enemies":"3 Darklings","floor":35,"turns":4},{"damage":2,"enemies":"Orb Walker","floor":37,"turns":3},{"damage":20,"enemies":"Sphere and 2 Shapes","floor":38,"turns":3}],"event_choices":[{"event_name":"Upgrade Shrine","player_choice":"Upgraded","floor":2,"damage_taken":0},{"event_name":"Living Wall","player_choice":"Forget","floor":3,"damage_taken":0},{"event_name":"The Woman in Blue","player_choice":"Bought 0 Potions","floor":7,"damage_taken":0},{"event_name":"Golden Wing","player_choice":"Card Removal","floor":14,"damage_taken":0},{"event_name":"Ghosts","player_choice":"Ignored","floor":19,"damage_taken":0},{"event_name":"Match and Keep!","player_choice":"1 cards matched","floor":21,"damage_taken":0},{"event_name":"The Mausoleum","player_choice":"Yes","floor":22,"damage_taken":0},{"event_name":"SensoryStone","player_choice":"Memory 1","floor":36,"damage_taken":0}],"boss_relics":[{"not_picked":["Runic Dome","Pandora\u0027s Box"],"picked":"Cursed Key"},{"not_picked":["White Beast Statue","Orrery"],"picked":"Calling Bell"}],"potions_floor_spawned":[4,10,12,16,27,33,35],"seed_played":"-2480089968484211595","killed_by":"Sphere and 2 Shapes","ascension_level":13,"is_trial":false}