{"gold_per_floor":[214,232,244,23,38,38,95,95,95,126,143,143,156,170,170,273,273,285,35,86,118,156,156,194,258,329,373,437,437,437,437,437,557,557,574,619,207,307,343,384,384,8,35,35,35,154,172,192,192,192],"floor_reached":51,"playtime":3767,"items_purged":["Strike_R","Feel No Pain+1","Strike_R"],"score":834,"play_id":"61ec7751-56e0-4276-a956-7aebea3026d8","local_time":"20190312185318","is_ascension_mode":false,"campfire_choices":[{"data":"Bash","floor":6,"key":"SMITH"},{"data":"Clothesline","floor":8,"key":"SMITH"},{"data":"Flame Barrier","floor":12,"key":"SMITH"},{"data":"Iron Wave","floor":15,"key":"SMITH"},{"data":"HandOfGreed","floor":23,"key":"SMITH"},{"data":"Barricade","floor":30,"key":"SMITH"},{"floor":32,"key":"REST"},{"data":"Demon Form","floor":44,"key":"SMITH"},{"floor":49,"key":"REST"}],"neow_cost":"NONE","seed_source_timestamp":18170333748275,"circlet_count":0,"master_deck":["Strike_R","Defend_R","Defend_R","Defend_R","Defend_R","Bash+1","Iron Wave+1","Flame Barrier+1","Offering","Clothesline+1","Shrug It Off","Metallicize","HandOfGreed+1","Inflame","Body Slam","Battle Trance","Rampage+1","Barricade+1","Double Tap","Impervious","Demon Form+1"],"relics":["Burning Blood","Oddly Smooth Stone","Blue Candle","Red Skull","Bag of Preparation","Empty Cage","Pear","Snecko Eye","Pen Nib","Thread and Needle","Mummified Hand","Boot"],"potions_floor_usage":[16,16,21,25,33,33,33,33,33,33,47,50,50,50],"damage_taken":[{"damage":10,"enemies":"Jaw Worm","floor":1,"turns":5},{"damage":1,"enemies":"2 Louse","floor":2,"turns":3},{"damage":0,"enemies":"Small Slimes","floor":3,"turns":4},{"damage":7,"enemies":"Blue Slaver","floor":5,"turns":5},{"damage":17,"enemies":"Gremlin Nob","floor":7,"turns":4},{"damage":26,"enemies":"Gremlin Nob","floor":10,"turns":4},{"damage":11,"enemies":"Exordium Thugs","floor":11,"turns":4},{"damage":6,"enemies":"Exordium Wildlife","floor":13,"turns":3},{"damage":5,"enemies":"3 Louse","floor":14,"turns":3},{"damage":21,"enemies":"The Guardian","floor":16,"turns":11},{"damage":29,"enemies":"Spheric Guardian","floor":18,"turns":12},{"damage":18,"enemies":"3 Byrds","floor":20,"turns":8},{"damage":7,"enemies":"Centurion and Healer","floor":21,"turns":11},{"damage":13,"enemies":"Shelled Parasite and Fungi","floor":22,"turns":8},{"damage":14,"enemies":"Snake Plant","floor":24,"turns":5},{"damage":6,"enemies":"Cultist and Chosen","floor":25,"turns":10},{"damage":7,"enemies":"Chosen and Byrds","floor":27,"turns":8},{"damage":11,"enemies":"3 Cultists","floor":28,"turns":6},{"damage":82,"enemies":"Automaton","floor":33,"turns":15},{"damage":20,"enemies":"3 Darklings","floor":35,"turns":6},{"damage":0,"enemies":"Orb Walker","floor":36,"turns":5},{"damage":22,"enemies":"Mind Bloom Boss Battle","floor":38,"turns":6},{"damage":10,"enemies":"Spire Growth","floor":39,"turns":5},{"damage":0,"enemies":"Maw","floor":40,"turns":10},{"damage":0,"enemies":"4 Shapes","floor":46,"turns":9},{"damage":23,"enemies":"Transient","floor":47,"turns":5},{"damage":6,"enemies":"3 Darklings","floor":48,"turns":5},{"damage":0,"enemies":"Time Eater","floor":50,"turns":8}],"seed_played":"8816610288925856875","potions_obtained":[{"floor":2,"key":"SkillPotion"},{"floor":7,"key":"LiquidBronze"},{"floor":10,"key":"Swift Potion"},{"floor":18,"key":"Energy Potion"},{"floor":21,"key":"EntropicBrew"},{"floor":24,"key":"SkillPotion"},{"floor":25,"key":"Explosive Potion"},{"floor":28,"key":"AttackPotion"},{"floor":35,"key":"BloodPotion"},{"floor":40,"key":"AttackPotion"},{"floor":45,"key":"EssenceOfSteel"},{"floor":46,"key":"PowerPotion"},{"floor":47,"key":"Dexterity Potion"}],"is_trial":false,"path_per_floor":["M","M","M","$","M","R","?","R","T","E","M","R","M","M","R","B",null,"M","$","M","M","M","R","M","M","T","M","M","?","R","?","R","B",null,"M","M","$","?","M","M","?","$","T","R","?","M","M","M","R","B",null],"character_chosen":"IRONCLAD","items_purchased":["Oddly Smooth Stone","Metallicize","HandOfGreed","Impervious","Pen Nib","Mummified Hand"],"campfire_rested":2,"item_purchase_floors":[4,19,19,37,37,42],"current_hp_per_floor":[76,80,80,80,79,79,68,68,68,48,43,43,43,44,44,29,80,57,57,45,44,37,37,29,29,39,38,33,33,33,15,43,22,95,81,87,87,71,67,73,73,73,73,73,73,79,62,62,90,95],"gold":192,"neow_bonus":"HUNDRED_GOLD","is_prod":false,"is_daily":false,"chose_seed":false,"campfire_upgraded":7,"win_rate":0,"timestamp":1552431198,"path_taken":["M","M","M","$","M","R","?","R","T","E","M","R","M","M","R","BOSS","M","$","M","M","M","R","M","M","T","M","M","?","R","?","R","BOSS","M","M","$","?","M","M","?","$","T","R","?","M","M","M","R","BOSS"],"build_version":"2019-01-23","purchased_purges":3,"victory":true,"max_hp_per_floor":[80,80,80,80,80,80,80,80,80,80,80,80,80,80,80,80,80,80,80,80,80,80,80,80,80,90,90,90,90,90,95,95,95,95,95,95,95,95,95,95,95,95,95,95,95,95,95,95,95,95],"card_choices":[{"not_picked":["Thunderclap","Flex"],"picked":"Iron Wave","floor":1},{"not_picked":["Bloodletting","Havoc","Wild Strike"],"picked":"SKIP","floor":2},{"not_picked":["Clash","Sword Boomerang"],"picked":"Flame Barrier","floor":3},{"not_picked":["Burning Pact","Iron Wave"],"picked":"Offering","floor":5},{"not_picked":["Pommel Strike","Headbutt"],"picked":"Clothesline","floor":7},{"not_picked":["Twin Strike","Berserk","Burning Pact"],"picked":"SKIP","floor":10},{"not_picked":["Uppercut","Seeing Red","Perfected Strike"],"picked":"SKIP","floor":11},{"not_picked":["Cleave","Wild Strike","Body Slam"],"picked":"SKIP","floor":13},{"not_picked":["True Grit","Iron Wave","Sentinel"],"picked":"SKIP","floor":14},{"not_picked":["Heavy Blade","Pommel Strike"],"picked":"Shrug It Off","floor":18},{"not_picked":["Flex","Headbutt"],"picked":"Inflame","floor":20},{"not_picked":["Wild Strike","Flex"],"picked":"Body Slam","floor":21},{"not_picked":["Thunderclap","Flex"],"picked":"Battle Trance","floor":22},{"not_picked":["Cleave+1","Anger"],"picked":"Rampage+1","floor":24},{"not_picked":["Armaments","Body Slam","Sentinel"],"picked":"SKIP","floor":25},{"not_picked":["Rupture","Whirlwind"],"picked":"Feel No Pain+1","floor":27},{"not_picked":["Thunderclap+1","Sword Boomerang"],"picked":"Barricade","floor":28},{"not_picked":["Demon Form","Bludgeon"],"picked":"Double Tap","floor":33},{"not_picked":["Clothesline+1","Searing Blow","Battle Trance+1"],"picked":"SKIP","floor":35},{"not_picked":["Rampage+1","Sword Boomerang+1","Wild Strike"],"picked":"SKIP","floor":36},{"not_picked":["Anger","Sever Soul","Rupture+1"],"picked":"SKIP","floor":39},{"not_picked":["Havoc","Sentinel+1"],"picked":"Demon Form","floor":40},{"not_picked":["Havoc","Armaments","Wild Strike+1"],"picked":"SKIP","floor":46},{"not_picked":["Searing Blow","Iron Wave+1","Rupture"],"picked":"SKIP","floor":47},{"not_picked":["Cleave+1","Clothesline+1","Spot Weakness"],"picked":"SKIP","floor":48}],"player_experience":586984,"relics_obtained":[{"floor":7,"key":"Blue Candle"},{"floor":9,"key":"Red Skull"},{"floor":10,"key":"Bag of Preparation"},{"floor":26,"key":"Pear"},{"floor":38,"key":"Thread and Needle"},{"floor":43,"key":"Boot"}],"event_choices":[{"damage_healed":0,"gold_gain":30,"player_choice":"Searched \u00273\u0027 times","damage_taken":0,"max_hp_gain":0,"max_hp_loss":0,"event_name":"Dead Adventurer","floor":7,"gold_loss":0},{"damage_healed":0,"gold_gain":0,"player_choice":"Ignored","damage_taken":0,"max_hp_gain":0,"max_hp_loss":0,"event_name":"The Mausoleum","floor":29,"gold_loss":0},{"damage_healed":0,"gold_gain":0,"player_choice":"Shed Blood","damage_taken":23,"max_hp_gain":5,"max_hp_loss":0,"event_name":"Forgotten Altar","floor":31,"gold_loss":0},{"damage_healed":0,"gold_gain":0,"player_choice":"Fight","damage_taken":0,"max_hp_gain":0,"max_hp_loss":0,"event_name":"MindBloom","floor":38,"gold_loss":0},{"damage_healed":0,"gold_gain":0,"player_choice":"Ignored","damage_taken":0,"max_hp_gain":0,"max_hp_loss":0,"event_name":"Mysterious Sphere","floor":41,"gold_loss":0},{"damage_healed":0,"gold_gain":0,"player_choice":"Got Potions","damage_taken":0,"max_hp_gain":0,"max_hp_loss":0,"event_name":"Lab","floor":45,"gold_loss":0}],"is_beta":false,"boss_relics":[{"not_picked":["Calling Bell","Eternal Feather"],"picked":"Empty Cage"},{"not_picked":["Lizard Tail","Fusion Hammer"],"picked":"Snecko Eye"}],"items_purged_floors":[4,37,42],"is_endless":false,"potions_floor_spawned":[2,7,10,14,18,21,24,25,28,35,40,46,47,48],"ascension_level":0}