{"path_per_floor":["M","M","M","M","?","R","M","R","T","E","M","$","M","?","R","B",null,"M","$","?","M","M","R","?","R","T","R","M","$","T","M","R","B",null,"M","M"],"character_chosen":"THE_SILENT","items_purchased":["Tingsha","Dagger Spray","PiercingWail","Regen Potion","Weak Potion","Concentrate","Panache"],"gold_per_floor":[16,36,54,71,321,321,339,339,363,395,406,23,38,213,213,316,316,333,162,162,173,190,190,190,190,490,490,506,23,23,43,43,147,147,162,181],"floor_reached":37,"campfire_rested":4,"playtime":2889,"current_hp_per_floor":[62,62,56,34,34,34,24,44,44,27,27,27,25,25,60,20,55,44,44,44,44,12,47,47,47,47,47,24,24,24,32,67,19,55,21,14],"items_purged":["Regret","Doubt","Defend_G"],"gold":181,"score":510,"play_id":"e6007c7a-0ebc-4869-94b2-ac45c29c63f8","local_time":"20180305103459","is_prod":false,"is_daily":false,"is_ascension_mode":true,"campfire_upgraded":3,"timestamp":1520256899,"path_taken":["M","M","?","?","?","R","M","R","T","E","M","?","?","?","R","BOSS","M","$","?","?","M","R","?","R","T","R","M","$","?","M","R","BOSS","M","M","?"],"build_version":"2018-03-01-PROD1","purchased_purges":3,"victory":false,"master_deck":["Defend_G+1","Defend_G+1","Defend_G+1","Defend_G+1","Strike_G+1","Strike_G+1","Strike_G+1","Strike_G+1","Survivor","Neutralize+1","Cloak And Dagger","Dagger Throw","Caltrops+1","Underhanded Strike","Acrobatics","Tools of the Trade+1","Dagger Spray","PiercingWail","Slice","Footwork+1","Concentrate","Panache","Calculated Gamble","After Image"],"max_hp_per_floor":[67,67,67,67,67,67,67,67,67,67,67,67,67,67,67,67,67,67,67,67,67,67,67,67,67,67,67,67,67,67,67,67,67,67,67,67],"relics":["Ring of the Snake","Regal Pillow","Torii","Tingsha","Lizard Tail","Old Coin","Sundial","Philosopher\u0027s Stone"],"card_choices":[{"not_picked":["Sucker Punch","Flechettes"],"picked":"Cloak And Dagger"},{"not_picked":["Outmaneuver","Dodge and Roll"],"picked":"Dagger Throw"},{"not_picked":["Prepared","Dagger Throw"],"picked":"Caltrops"},{"not_picked":["Footwork","Expertise"],"picked":"Underhanded Strike"},{"not_picked":["Deadly Poison","Flying Knee"],"picked":"Acrobatics"},{"not_picked":["Envenom","Doppelganger"],"picked":"Tools of the Trade"},{"not_picked":["Bouncing Flask","Crippling Poison"],"picked":"Slice"},{"not_picked":["PiercingWail","Well Laid Plans"],"picked":"Footwork"},{"not_picked":["Slice","PiercingWail"],"picked":"Calculated Gamble"},{"not_picked":["Grand Finale","Die Die Die"],"picked":"After Image"}],"player_experience":423456,"potions_floor_usage":[4,11,16,18,31,33,33,35],"damage_taken":[{"damage":1,"enemies":"Cultist","floor":1,"turns":5},{"damage":0,"enemies":"Small Slimes","floor":2,"turns":4},{"damage":6,"enemies":"Jaw Worm","floor":3,"turns":8},{"damage":22,"enemies":"Exordium Wildlife","floor":4,"turns":6},{"damage":10,"enemies":"Gremlin Gang","floor":7,"turns":6},{"damage":17,"enemies":"3 Sentries","floor":10,"turns":9},{"damage":0,"enemies":"Large Slime","floor":11,"turns":3},{"damage":2,"enemies":"3 Louse","floor":13,"turns":3},{"damage":40,"enemies":"The Guardian","floor":16,"turns":18},{"damage":11,"enemies":"Shell Parasite","floor":18,"turns":10},{"damage":0,"enemies":"3 Byrds","floor":21,"turns":3},{"damage":32,"enemies":"Sentry and Sphere","floor":22,"turns":8},{"damage":23,"enemies":"3 Cultists","floor":28,"turns":5},{"damage":7,"enemies":"Centurion and Healer","floor":31,"turns":7},{"damage":90,"enemies":"Automaton","floor":33,"turns":15},{"damage":34,"enemies":"3 Darklings","floor":35,"turns":4},{"damage":7,"enemies":"3 Shapes","floor":36,"turns":7},{"damage":19,"enemies":"3 Darklings","floor":37,"turns":2}],"event_choices":[{"event_name":"Golden Shrine","player_choice":"Desecrate","floor":5,"damage_taken":0},{"event_name":"Liars Game","player_choice":"agreed","floor":14,"damage_taken":0},{"event_name":"Back to Basics","player_choice":"Simplicity","floor":20,"damage_taken":0},{"event_name":"Drug Dealer","player_choice":"Ignored","floor":24,"damage_taken":0}],"boss_relics":[{"not_picked":["Tiny House","Cursed Key"],"picked":"Lizard Tail"},{"not_picked":["Calling Bell","Pandora\u0027s Box"],"picked":"Philosopher\u0027s Stone"}],"potions_floor_spawned":[1,4,10,16,31,33],"seed_played":"3226545182835060494","killed_by":"3 Darklings","ascension_level":10,"is_trial":false}