{"gold_per_floor":[99,54,71,83,6,31,51,51,51,69,100,100,114,125,125,225,225,240,240,258,228,238,238],"floor_reached":23,"playtime":788,"items_purged":[],"score":205,"play_id":"33ed8107-9658-4ba9-8979-d425a2f29a38","local_time":"20190312184338","is_ascension_mode":false,"campfire_choices":[{"floor":12,"key":"REST"},{"floor":15,"key":"REST"}],"neow_cost":"NONE","seed_source_timestamp":328593313493200,"circlet_count":0,"master_deck":["Strike_B","Strike_B","Strike_B","Strike_B","Defend_B","Defend_B","Defend_B","Defend_B","Zap","Dualcast","Gash","Storm","Loop","Storm","Loop","Genetic Algorithm+1","Core Surge","Heatsinks","Hello World","Gash","Core Surge","Consume+1","Genetic Algorithm+1","Force Field+1"],"relics":["Cracked Core","NeowsBlessing","Letter Opener","Pear","Bag of Preparation","Black Star"],"potions_floor_usage":[6,6,6,10,16,16,22,22],"damage_taken":[{"damage":0,"enemies":"Cultist","floor":1,"turns":1},{"damage":0,"enemies":"Jaw Worm","floor":3,"turns":1},{"damage":0,"enemies":"2 Louse","floor":4,"turns":1},{"damage":30,"enemies":"Gremlin Nob","floor":6,"turns":4},{"damage":1,"enemies":"Exordium Thugs","floor":7,"turns":3},{"damage":4,"enemies":"Red Slaver","floor":10,"turns":3},{"damage":33,"enemies":"Lagavulin","floor":11,"turns":6},{"damage":0,"enemies":"Large Slime","floor":13,"turns":5},{"damage":12,"enemies":"2 Fungi Beasts","floor":14,"turns":3},{"damage":7,"enemies":"The Guardian","floor":16,"turns":8},{"damage":17,"enemies":"Shell Parasite","floor":18,"turns":4},{"damage":0,"enemies":"Spheric Guardian","floor":20,"turns":3},{"damage":11,"enemies":"Snake Plant","floor":22,"turns":4},{"damage":67,"enemies":"Slavers","floor":23,"turns":3}],"seed_played":"-2602278691748725275","potions_obtained":[{"floor":3,"key":"EntropicBrew"},{"floor":7,"key":"Weak Potion"},{"floor":10,"key":"GamblersBrew"},{"floor":18,"key":"SpeedPotion"},{"floor":21,"key":"SteroidPotion"},{"floor":21,"key":"FocusPotion"}],"is_trial":false,"path_per_floor":["M","$","M","M","$","E","M","?","T","M","E","R","M","M","R","B",null,"M","?","M","?","M","E"],"character_chosen":"DEFECT","items_purchased":["Gash","Storm"],"campfire_rested":2,"item_purchase_floors":[2,5],"current_hp_per_floor":[75,75,75,75,75,45,44,44,54,50,17,42,42,30,55,48,85,68,68,68,68,57,0],"gold":238,"neow_bonus":"THREE_ENEMY_KILL","is_prod":false,"is_daily":false,"chose_seed":false,"campfire_upgraded":0,"win_rate":0.0,"timestamp":1552437818,"path_taken":["M","$","M","?","$","E","M","?","T","?","E","R","M","M","R","BOSS","M","?","?","?","M","E"],"build_version":"2019-01-23","purchased_purges":0,"victory":false,"max_hp_per_floor":[75,75,75,75,75,75,75,75,85,85,85,85,85,85,85,85,85,85,85,85,85,85,85],"card_choices":[{"not_picked":["Leap","Coolheaded","Reprogram"],"picked":"SKIP","floor":1},{"not_picked":["Reinforced Body","Auto Shields"],"picked":"Storm","floor":3},{"not_picked":["Aggregate","Sweeping Beam"],"picked":"Loop","floor":4},{"not_picked":["Ball Lightning","Auto Shields"],"picked":"Loop","floor":6},{"not_picked":["Go for the Eyes","Hologram"],"picked":"Genetic Algorithm","floor":7},{"not_picked":["Steam Power","Steam"],"picked":"Core Surge","floor":10},{"not_picked":["Double Energy","Undo"],"picked":"Heatsinks","floor":11},{"not_picked":["Force Field","Recycle"],"picked":"Hello World","floor":13},{"not_picked":["Turbo","Barrage"],"picked":"Gash","floor":14},{"not_picked":["Multi-Cast","Machine Learning"],"picked":"Core Surge","floor":16},{"not_picked":["Ball Lightning","Doom and Gloom+1"],"picked":"Consume+1","floor":18},{"not_picked":["Rebound","Recycle"],"picked":"Force Field+1","floor":20},{"not_picked":["Barrage+1","Stack","Sweeping Beam"],"picked":"SKIP","floor":22}],"player_experience":313334,"relics_obtained":[{"floor":6,"key":"Letter Opener"},{"floor":9,"key":"Pear"},{"floor":11,"key":"Bag of Preparation"}],"event_choices":[{"damage_healed":0,"gold_gain":0,"player_choice":"Upgraded","damage_taken":0,"max_hp_gain":0,"max_hp_loss":0,"event_name":"Upgrade Shrine","floor":8,"gold_loss":0,"cards_upgraded":["Genetic Algorithm"]},{"damage_healed":0,"gold_gain":0,"player_choice":"Copied","damage_taken":0,"max_hp_gain":0,"max_hp_loss":0,"event_name":"Duplicator","floor":19,"gold_loss":0,"cards_obtained":["Genetic Algorithm"]},{"damage_healed":0,"gold_gain":0,"player_choice":"Bought 2 Potions","damage_taken":0,"max_hp_gain":0,"max_hp_loss":0,"event_name":"The Woman in Blue","floor":21,"gold_loss":0}],"is_beta":false,"boss_relics":[{"not_picked":["Ectoplasm","Astrolabe"],"picked":"Black Star"}],"items_purged_floors":[],"is_endless":false,"potions_floor_spawned":[3,7,10,18],"killed_by":"Slavers","ascension_level":0}