{"gold_per_floor":[209,284,284,294,31,86,102,102,127,127,152,152,172,190,190,190],"floor_reached":16,"playtime":521,"items_purged":[],"score":220,"play_id":"c2328329-fc2c-467b-a31b-05604952c10c","local_time":"20190312162726","is_ascension_mode":true,"campfire_choices":[{"floor":8,"key":"REST"},{"data":"Caltrops","floor":10,"key":"SMITH"},{"floor":12,"key":"REST"},{"floor":15,"key":"REST"}],"neow_cost":"NONE","seed_source_timestamp":514549205648299,"circlet_count":0,"master_deck":["AscendersBane","Defend_G","Defend_G","Defend_G","Defend_G","Defend_G","Strike_G","Strike_G","Strike_G","Strike_G","Strike_G","Survivor","Neutralize","Caltrops+1","Escape Plan","Neutralize","Dagger Throw","Backstab","Catalyst+1","Escape Plan+1","Catalyst+1","Dagger Spray"],"special_seed":0,"relics":["Ring of the Snake","Toxic Egg 2","Tiny Chest","Ancient Tea Set","Turnip"],"potions_floor_usage":[6,11,16],"damage_taken":[{"damage":1.0,"enemies":"Jaw Worm","floor":1.0,"turns":4.0},{"damage":0,"enemies":"2 Louse","floor":4,"turns":3},{"damage":36,"enemies":"Gremlin Nob","floor":6,"turns":4},{"damage":0,"enemies":"Cultist","floor":7,"turns":4},{"damage":22,"enemies":"3 Sentries","floor":11,"turns":9},{"damage":12,"enemies":"Large Slime","floor":13,"turns":6},{"damage":0,"enemies":"Looter","floor":14,"turns":2},{"damage":36,"enemies":"Hexaghost","floor":16,"turns":9}],"seed_played":"3435420827205795668","potions_obtained":[{"floor":4,"key":"Explosive Potion"},{"floor":7,"key":"Swift Potion"},{"floor":14,"key":"AttackPotion"}],"is_trial":false,"path_per_floor":["M","?","?","M","$","E","M","R","T","R","E","R","M","M","R","B"],"character_chosen":"THE_SILENT","items_purchased":["Toxic Egg 2"],"campfire_rested":3,"item_purchase_floors":[5],"current_hp_per_floor":[58,47,47,47,47,11,11,30,30,30,8,27,15,15,34,0],"gold":190,"neow_bonus":"HUNDRED_GOLD","is_prod":false,"is_daily":false,"chose_seed":false,"campfire_upgraded":1,"win_rate":0,"timestamp":1552404446,"path_taken":["M","?","?","M","$","E","M","R","T","R","E","R","M","M","R","BOSS"],"build_version":"2019-01-23","purchased_purges":0,"victory":false,"max_hp_per_floor":[66,66,66,66,66,66,66,66,66,66,66,66,66,66,66,66],"card_choices":[{"not_picked":["Poisoned Stab","Blade Dance"],"picked":"Caltrops","floor":1.0},{"not_picked":["Accuracy","Slice"],"picked":"Backstab","floor":4},{"not_picked":["Flying Knee","Dagger Spray"],"picked":"Catalyst+1","floor":6},{"not_picked":["Caltrops","Prepared+1","Infinite Blades"],"picked":"SKIP","floor":7},{"not_picked":["Calculated Gamble+1","Wraith Form v2"],"picked":"Escape Plan+1","floor":11},{"not_picked":["Masterful Stab","Eviscerate"],"picked":"Catalyst+1","floor":13},{"not_picked":["Quick Slash","Predator"],"picked":"Dagger Spray","floor":14}],"player_experience":985897,"relics_obtained":[{"floor":6,"key":"Tiny Chest"},{"floor":9,"key":"Ancient Tea Set"},{"floor":11,"key":"Turnip"}],"event_choices":[{"damage_healed":0.0,"max_hp_gain":0.0,"max_hp_loss":0.0,"gold_gain":75.0,"event_name":"World of Goop","player_choice":"Gather Gold","floor":2.0,"gold_loss":0.0,"damage_taken":11.0},{"damage_healed":0,"gold_gain":0,"player_choice":"3 cards matched","damage_taken":0,"max_hp_gain":0,"max_hp_loss":0,"event_name":"Match and Keep!","floor":3,"gold_loss":0,"cards_obtained":["Escape Plan","Neutralize","Dagger Throw"]}],"is_beta":false,"boss_relics":[],"items_purged_floors":[],"is_endless":false,"potions_floor_spawned":[4,7,14],"killed_by":"Hexaghost","ascension_level":20}