{"gold_per_floor":[218,228,153,103,103,135,135,161,161,10,30,65,82,10,10,10],"floor_reached":16,"playtime":680,"items_purged":["Strike_G"],"score":184,"play_id":"89d6f713-4376-42bb-a228-66284a8378db","local_time":"20180727000451","is_ascension_mode":true,"campfire_choices":[{"data":"Deadly Poison","floor":7,"key":"SMITH"},{"floor":15,"key":"REST"}],"neow_cost":"NONE","seed_source_timestamp":48407932206095,"circlet_count":0,"master_deck":["Defend_G","Defend_G","Defend_G","Strike_G","Strike_G","Strike_G","Strike_G","Survivor","Neutralize","AscendersBane","All Out Attack","Deadly Poison+1","Bullet Time","Backflip","Noxious Fumes","Escape Plan"],"relics":["Ring of the Snake","Bag of Preparation","Strawberry","Dream Catcher","Bag of Marbles","Ancient Tea Set"],"potions_floor_usage":[13,16],"damage_taken":[{"damage":3,"enemies":"2 Louse","floor":1,"turns":3},{"damage":0,"enemies":"Small Slimes","floor":2,"turns":3},{"damage":15,"enemies":"Gremlin Nob","floor":6,"turns":4},{"damage":0,"enemies":"Cultist","floor":11,"turns":2},{"damage":22,"enemies":"Lagavulin","floor":12,"turns":5},{"damage":7,"enemies":"Large Slime","floor":13,"turns":5},{"damage":41,"enemies":"Hexaghost","floor":16,"turns":9}],"seed_played":"7818474377001538901","potions_obtained":[{"floor":11,"key":"Weak Potion"},{"floor":12,"key":"AttackPotion"}],"is_trial":false,"path_per_floor":["M","M","$","?","?","E","R","T","T","$","M","E","M","$","R"],"character_chosen":"THE_SILENT","items_purchased":["Bag of Marbles","Noxious Fumes"],"campfire_rested":1,"item_purchase_floors":[10,14],"current_hp_per_floor":[56,56,56,56,56,41,41,48,48,48,48,26,19,19,40,0],"gold":10,"neow_bonus":"HUNDRED_GOLD","is_prod":false,"is_daily":false,"chose_seed":false,"campfire_upgraded":1,"win_rate":0,"timestamp":1532660691,"path_taken":["M","M","$","?","?","E","R","?","T","$","M","E","M","?","R","BOSS"],"build_version":"2018-07-26","purchased_purges":1,"victory":false,"max_hp_per_floor":[66,66,66,66,66,66,66,73,73,73,73,73,73,73,73,73],"card_choices":[{"not_picked":["Acrobatics","Escape Plan"],"picked":"All Out Attack","floor":1},{"not_picked":["Heel Hook","Slice"],"picked":"Deadly Poison","floor":2},{"not_picked":["Dagger Throw","Prepared"],"picked":"Bullet Time","floor":6},{"not_picked":["Quick Slash","Flying Knee","Outmaneuver"],"picked":"SKIP","floor":11},{"not_picked":["Concentrate","Terror","Outmaneuver"],"picked":"SKIP","floor":12},{"not_picked":["Outmaneuver","Cloak And Dagger"],"picked":"Backflip","floor":13},{"not_picked":["Deadly Poison","Sucker Punch"],"picked":"Escape Plan","floor":15}],"player_experience":846544,"relics_obtained":[{"floor":6,"key":"Bag of Preparation"},{"floor":8,"key":"Strawberry"},{"floor":9,"key":"Dream Catcher"},{"floor":12,"key":"Ancient Tea Set"}],"event_choices":[{"event_name":"The Cleric","player_choice":"Card Removal","floor":4,"damage_taken":0},{"event_name":"Purifier","player_choice":"One Purge","floor":5,"damage_taken":0}],"is_beta":true,"boss_relics":[],"items_purged_floors":[3],"is_endless":false,"potions_floor_spawned":[11,12],"killed_by":"Hexaghost","ascension_level":14}