{"gold_per_floor":[113,129,79,154,154,154,168,13,13,31,31,63,45,57,57,159,159,173,186,41,41,51,51],"floor_reached":23,"playtime":696,"items_purged":["Strike_R","Bash"],"score":248,"play_id":"480f455e-fd3a-4f30-af4b-1468851acb06","local_time":"20180707021454","is_ascension_mode":true,"campfire_choices":[{"data":"Cleave","floor":6.0,"key":"SMITH"},{"data":"Whirlwind","floor":11.0,"key":"SMITH"},{"data":"Flex","floor":15.0,"key":"SMITH"}],"neow_cost":"","seed_source_timestamp":0,"circlet_count":0,"master_deck":["Strike_R","Strike_R","Strike_R","Strike_R","Defend_R","Defend_R","Defend_R","Rage+1","Cleave+1","Headbutt","Whirlwind+1","Warcry","Offering","True Grit","Flex+1","Demon Form","Metallicize+1","Pummel"],"special_seed":0,"relics":["Burning Blood","Mummified Hand","The Courier","Coffee Dripper"],"potions_floor_usage":[],"damage_taken":[{"damage":2.0,"enemies":"2 Louse","floor":1.0,"turns":3.0},{"damage":6.0,"enemies":"Small Slimes","floor":2.0,"turns":5.0},{"damage":2.0,"enemies":"Jaw Worm","floor":7.0,"turns":3.0},{"damage":0.0,"enemies":"3 Louse","floor":10.0,"turns":1.0},{"damage":5.0,"enemies":"Gremlin Nob","floor":12.0,"turns":3.0},{"damage":4.0,"enemies":"Red Slaver","floor":14.0,"turns":2.0},{"damage":34.0,"enemies":"Slime Boss","floor":16.0,"turns":7.0},{"damage":20.0,"enemies":"3 Byrds","floor":18.0,"turns":4.0},{"damage":14.0,"enemies":"Spheric Guardian","floor":19.0,"turns":4.0},{"damage":29.0,"enemies":"Snake Plant","floor":22.0,"turns":4.0},{"damage":0,"enemies":"Gremlin Leader","floor":23,"turns":1}],"seed_played":"-2177630152115028840","potions_obtained":[{"floor":2.0,"key":"Weak Potion"},{"floor":12.0,"key":"SpeedPotion"},{"floor":14.0,"key":"Poison Potion"},{"floor":16.0,"key":"BloodPotion"},{"floor":22.0,"key":"Dexterity Potion"}],"is_trial":false,"path_per_floor":["M","M","?","?","?","R","M","$","T","M","R","E","$","M","R","B",null,"M","M","$","?","M"],"character_chosen":"IRONCLAD","items_purchased":["Whirlwind","True Grit","Pummel"],"campfire_rested":0,"item_purchase_floors":[],"current_hp_per_floor":[76,76,76,65,65,65,69,69,69,75,75,76,76,78,78,50,73,67,59,59,44,21,21],"gold":51,"neow_bonus":"","is_prod":false,"is_daily":false,"chose_seed":false,"campfire_upgraded":3,"win_rate":0,"timestamp":1530940494,"path_taken":["M","M","?","?","?","R","M","$","T","?","R","E","$","M","R","BOSS","M","M","?","?","M","E"],"build_version":"2018-07-05","purchased_purges":2,"victory":false,"max_hp_per_floor":[80,80,80,80,80,80,80,80,80,80,80,80,80,80,80,80,80,80,80,80,85,85,85],"card_choices":[{"not_picked":["Anger","Twin Strike"],"picked":"Rage","floor":1.0},{"not_picked":["Feel No Pain","Uppercut"],"picked":"Cleave","floor":2.0},{"not_picked":["True Grit","Armaments"],"picked":"Headbutt","floor":7.0},{"not_picked":["Body Slam","Anger"],"picked":"Warcry","floor":10.0},{"not_picked":["Uppercut","Iron Wave"],"picked":"Offering","floor":12.0},{"not_picked":["Wild Strike","True Grit"],"picked":"Flex","floor":14.0},{"not_picked":["Reaper","Juggernaut"],"picked":"Demon Form","floor":16.0},{"not_picked":["Entrench","Perfected Strike"],"picked":"Metallicize+1","floor":18.0},{"not_picked":["Body Slam","Flex+1","Wild Strike"],"picked":"SKIP","floor":19.0},{"not_picked":["Carnage","Twin Strike+1","Combust+1"],"picked":"SKIP","floor":22.0}],"player_experience":813819,"relics_obtained":[{"floor":9.0,"key":"Mummified Hand"},{"floor":12.0,"key":"The Courier"}],"event_choices":[{"event_name":"The Cleric","player_choice":"Card Removal","floor":3.0,"damage_taken":0.0},{"event_name":"World of Goop","player_choice":"Gather Gold","floor":4.0,"damage_taken":0.0},{"event_name":"Upgrade Shrine","player_choice":"Upgraded","floor":5.0,"damage_taken":0.0},{"event_name":"Forgotten Altar","player_choice":"Shed Blood","floor":21.0,"damage_taken":0.0}],"boss_relics":[{"not_picked":["Black Blood","Busted Crown"],"picked":"Coffee Dripper"}],"items_purged_floors":[],"is_endless":false,"potions_floor_spawned":[2,12,14,16,22],"killed_by":"Gremlin Leader","ascension_level":6}