{"gold_per_floor":[111,111,61,80,80,111,122,147,227,227,32,32,43,43,43,43],"floor_reached":16,"playtime":258,"items_purged":[],"score":160,"play_id":"23fcb0c1-de8f-4c7d-812f-25fdf47ba0e0","local_time":"20190227120426","is_ascension_mode":true,"campfire_choices":[{"floor":10,"key":"DIG"},{"data":"Berserk","floor":12,"key":"SMITH"},{"floor":15,"key":"DIG"}],"neow_cost":"NONE","seed_source_timestamp":58214500146470,"circlet_count":0,"master_deck":["Strike_R","Strike_R","Strike_R+1","Defend_R","Defend_R","Defend_R","Defend_R","Bash","Fire Breathing","Cleave","Berserk+1","Feel No Pain","Thunderclap","Anger","Pommel Strike+1"],"relics":["Burning Blood","NeowsBlessing","Shovel","Anchor","Bottled Tornado","Letter Opener","ClockworkSouvenir","Ornamental Fan"],"potions_floor_usage":[8,8],"damage_taken":[{"damage":0,"enemies":"Jaw Worm","floor":1,"turns":1},{"damage":0,"enemies":"2 Louse","floor":4,"turns":1},{"damage":0,"enemies":"3 Sentries","floor":6,"turns":1},{"damage":0,"enemies":"Small Slimes","floor":7,"turns":3},{"damage":50,"enemies":"Lagavulin","floor":8,"turns":7},{"damage":11,"enemies":"Blue Slaver","floor":13,"turns":4},{"damage":32,"enemies":"The Guardian","floor":16,"turns":2}],"seed_played":"4314698929192540645","potions_obtained":[{"floor":1,"key":"BloodPotion"},{"floor":7,"key":"SkillPotion"},{"floor":8,"key":"SneckoOil"}],"is_trial":false,"path_per_floor":["M","?","?","M","?","E","M","E","T","R","$","R","M","?","R","B"],"character_chosen":"IRONCLAD","items_purchased":["ClockworkSouvenir"],"campfire_rested":0,"item_purchase_floors":[11],"current_hp_per_floor":[80,85,85,85,85,85,85,49,49,49,49,49,44,27,27,0],"gold":43,"neow_bonus":"THREE_ENEMY_KILL","is_prod":false,"is_daily":false,"chose_seed":false,"campfire_upgraded":1,"win_rate":0,"timestamp":1551290666,"path_taken":["M","?","?","M","?","E","M","E","T","R","$","R","?","?","R","BOSS"],"build_version":"2019-01-23","purchased_purges":0,"victory":false,"max_hp_per_floor":[80,85,85,85,85,85,85,85,85,85,85,85,85,85,85,85],"card_choices":[{"not_picked":["Anger","Body Slam"],"picked":"Fire Breathing","floor":1},{"not_picked":["True Grit","Second Wind"],"picked":"Cleave","floor":4},{"not_picked":["Dropkick","Juggernaut"],"picked":"Feel No Pain","floor":6},{"not_picked":["Power Through","Perfected Strike"],"picked":"Thunderclap","floor":7},{"not_picked":["Dropkick","Clash"],"picked":"Anger","floor":8},{"not_picked":["Shrug It Off","True Grit"],"picked":"Pommel Strike","floor":13}],"player_experience":259883,"relics_obtained":[{"floor":6,"key":"Shovel"},{"floor":8,"key":"Anchor"},{"floor":9,"key":"Bottled Tornado"},{"floor":10,"key":"Letter Opener"},{"floor":15,"key":"Ornamental Fan"}],"event_choices":[{"damage_healed":0,"gold_gain":0,"player_choice":"Donut","damage_taken":0,"max_hp_gain":5,"max_hp_loss":0,"event_name":"Big Fish","floor":2,"gold_loss":0},{"cards_removed":["Strike_R"],"damage_healed":0,"gold_gain":0,"player_choice":"Card Removal","damage_taken":0,"max_hp_gain":0,"max_hp_loss":0,"event_name":"The Cleric","floor":3,"gold_loss":50},{"damage_healed":0,"gold_gain":0,"cards_transformed":["Strike_R"],"player_choice":"Change","damage_taken":0,"max_hp_gain":0,"max_hp_loss":0,"event_name":"Living Wall","floor":5,"gold_loss":0,"cards_obtained":["Berserk"]},{"damage_healed":0,"gold_gain":0,"player_choice":"Entered Light","damage_taken":17,"max_hp_gain":0,"max_hp_loss":0,"event_name":"Shining Light","floor":14,"gold_loss":0,"cards_upgraded":["Pommel Strike","Strike_R"]}],"is_beta":false,"boss_relics":[],"items_purged_floors":[],"is_endless":false,"potions_floor_spawned":[1,7,8],"killed_by":"The Guardian","ascension_level":4}