{"gold_per_floor":[117,117,42,42,61,96,112,112,136,136,136,164,179,36,36,139,139,154,154,170,21,39,39,67,83,83,102,102,113,113,113,113,210,210,224,239,253,253,9,9,28,45,71,90,312,325,325,325,325,325],"floor_reached":51,"playtime":3879,"items_purged":["Strike_R","Strike_R"],"score":683,"play_id":"f928f170-21f6-453c-8831-f3d573981693","local_time":"20190312144437","is_ascension_mode":false,"campfire_choices":[{"data":"Bash","floor":10,"key":"SMITH"},{"data":"Armaments","floor":15,"key":"SMITH"},{"data":"Feed","floor":23,"key":"SMITH"},{"data":"Disarm","floor":30,"key":"SMITH"},{"data":"Metallicize","floor":32,"key":"SMITH"},{"data":"Spot Weakness","floor":40,"key":"SMITH"},{"data":"Limit Break","floor":47,"key":"SMITH"},{"floor":49,"key":"REST"}],"neow_cost":"NONE","seed_source_timestamp":3131309037075,"circlet_count":0,"master_deck":["Strike_R","Strike_R","Defend_R","Defend_R","Defend_R+1","Defend_R","Bash+1","Hemokinesis+1","Armaments+1","Intimidate","Clothesline","Rampage","Feed+1","Shrug It Off","Corruption","Metallicize+1","Impervious","Spot Weakness+1","Exhume","Headbutt+1","Disarm+1","Exhume","True Grit+1","Shrug It Off+1","Entrench+1","Reaper","Battle Trance","Limit Break+1"],"relics":["Burning Blood","Regal Pillow","Red Skull","Spirit Poop","Kunai","Blood Vial","Runic Dome","Red Mask","Meat on the Bone","White Beast Statue","War Paint"],"potions_floor_usage":[22,24,33,37,41,44,50],"damage_taken":[{"damage":1,"enemies":"Cultist","floor":1,"turns":4},{"damage":5,"enemies":"Jaw Worm","floor":5,"turns":3},{"damage":34,"enemies":"Gremlin Nob","floor":6,"turns":4},{"damage":6,"enemies":"Small Slimes","floor":7,"turns":5},{"damage":18,"enemies":"Lagavulin","floor":12,"turns":7},{"damage":2,"enemies":"Blue Slaver","floor":13,"turns":5},{"damage":30,"enemies":"Hexaghost","floor":16,"turns":10},{"damage":40,"enemies":"3 Byrds","floor":18,"turns":8},{"damage":12,"enemies":"2 Thieves","floor":20,"turns":4},{"damage":9,"enemies":"Centurion and Healer","floor":22,"turns":5},{"damage":3,"enemies":"Masked Bandits","floor":24,"turns":6},{"damage":2,"enemies":"Snecko","floor":25,"turns":8},{"damage":13,"enemies":"Snake Plant","floor":27,"turns":8},{"damage":11,"enemies":"Centurion and Healer","floor":29,"turns":6},{"damage":23,"enemies":"Automaton","floor":33,"turns":10},{"damage":19,"enemies":"Orb Walker","floor":35,"turns":6},{"damage":38,"enemies":"3 Shapes","floor":36,"turns":11},{"damage":37,"enemies":"Jaw Worm Horde","floor":37,"turns":6},{"damage":19,"enemies":"Sphere and 2 Shapes","floor":41,"turns":15},{"damage":49,"enemies":"Transient","floor":42,"turns":5},{"damage":71,"enemies":"Jaw Worm Horde","floor":44,"turns":8},{"damage":12,"enemies":"4 Shapes","floor":46,"turns":17},{"damage":84,"enemies":"Time Eater","floor":50,"turns":13}],"seed_played":"-4855012524223114862","potions_obtained":[{"floor":6,"key":"Fire Potion"},{"floor":16,"key":"SpeedPotion"},{"floor":18,"key":"SkillPotion"},{"floor":24,"key":"GamblersBrew"},{"floor":29,"key":"Strength Potion"},{"floor":33,"key":"Poison Potion"},{"floor":35,"key":"LiquidBronze"},{"floor":37,"key":"Explosive Potion"},{"floor":41,"key":"Strength Potion"},{"floor":42,"key":"Fire Potion"},{"floor":44,"key":"SpeedPotion"}],"is_trial":false,"path_per_floor":["M","?","$","?","M","E","M","?","T","R","?","E","M","$","R","B",null,"M","?","M","$","M","R","?","M","T","M","?","M","R","?","R","B",null,"M","M","M","?","$","R","M","M","T","M","?","M","R","?","R","B",null],"character_chosen":"IRONCLAD","items_purchased":["Blood Vial","Metallicize","Impervious","Reaper"],"campfire_rested":1,"item_purchase_floors":[14,21,21,39],"current_hp_per_floor":[80,80,80,80,80,52,52,57,57,57,57,45,49,49,49,27,85,55,38,37,37,36,36,45,55,55,66,66,71,71,71,71,72,121,112,90,81,81,81,81,86,65,65,66,66,88,88,88,151,162],"gold":325,"neow_bonus":"REMOVE_CARD","is_prod":false,"is_daily":false,"chose_seed":false,"campfire_upgraded":7,"win_rate":0,"timestamp":1552416277,"path_taken":["M","?","$","?","M","E","?","?","T","R","?","E","?","?","R","BOSS","M","?","M","$","M","R","?","M","T","M","?","M","R","?","R","BOSS","M","M","M","?","$","R","M","M","T","M","?","M","R","?","R","BOSS"],"build_version":"2019-01-23","purchased_purges":2,"victory":true,"max_hp_per_floor":[80,80,80,80,80,80,80,85,85,85,85,85,85,85,85,85,85,89,94,97,97,97,97,101,105,105,109,109,117,117,117,117,121,121,125,133,141,134,134,134,142,142,142,150,150,162,162,162,162,162],"card_choices":[{"not_picked":["Body Slam","Bloodletting"],"picked":"Hemokinesis","floor":1},{"not_picked":["Searing Blow","Entrench"],"picked":"Armaments","floor":5},{"not_picked":["Armaments","Power Through"],"picked":"Intimidate","floor":6},{"not_picked":["Power Through","Intimidate"],"picked":"Clothesline","floor":7},{"not_picked":["Second Wind","Clash"],"picked":"Rampage","floor":12},{"not_picked":["Heavy Blade","Dual Wield","Flex"],"picked":"SKIP","floor":13},{"not_picked":["Fiend Fire","Juggernaut"],"picked":"Feed","floor":16},{"not_picked":["Anger","Warcry"],"picked":"Shrug It Off","floor":18},{"not_picked":["Perfected Strike","Pommel Strike"],"picked":"Corruption","floor":20},{"not_picked":["Warcry","Thunderclap"],"picked":"Spot Weakness","floor":22},{"not_picked":["Whirlwind","Evolve"],"picked":"Exhume","floor":25},{"not_picked":["Searing Blow","Clothesline"],"picked":"Headbutt+1","floor":27},{"not_picked":["Second Wind+1","Armaments","Perfected Strike"],"picked":"SKIP","floor":29},{"not_picked":["Impervious","Dark Embrace"],"picked":"Exhume","floor":33},{"not_picked":["Sword Boomerang","Reckless Charge+1"],"picked":"True Grit+1","floor":35},{"not_picked":["Havoc","Iron Wave+1"],"picked":"Shrug It Off","floor":36},{"not_picked":["Combust","Body Slam"],"picked":"Entrench+1","floor":37},{"not_picked":["Blood for Blood","Second Wind","Cleave+1"],"picked":"SKIP","floor":41},{"not_picked":["Wild Strike","Uppercut"],"picked":"Battle Trance","floor":42},{"not_picked":["Whirlwind","Inflame"],"picked":"Limit Break","floor":44},{"not_picked":["Havoc+1","Perfected Strike+1","Blood for Blood"],"picked":"SKIP","floor":46}],"player_experience":572108,"relics_obtained":[{"floor":6,"key":"Regal Pillow"},{"floor":9,"key":"Red Skull"},{"floor":12,"key":"Kunai"},{"floor":24,"key":"Red Mask"},{"floor":26,"key":"Meat on the Bone"},{"floor":43,"key":"War Paint"}],"event_choices":[{"damage_healed":0,"gold_gain":0,"player_choice":"Grow","damage_taken":0,"max_hp_gain":0,"max_hp_loss":0,"event_name":"Living Wall","floor":2,"gold_loss":0,"cards_upgraded":["Hemokinesis"]},{"damage_healed":0,"gold_gain":0,"player_choice":"Cursed","damage_taken":0,"max_hp_gain":0,"max_hp_loss":0,"event_name":"Wheel of Change","floor":4,"gold_loss":0,"cards_obtained":["Decay"]},{"damage_healed":0,"gold_gain":0,"player_choice":"Donut","damage_taken":0,"max_hp_gain":5,"max_hp_loss":0,"event_name":"Big Fish","floor":8,"gold_loss":0},{"cards_removed":["Decay"],"damage_healed":0,"gold_gain":0,"player_choice":"Offered Curse","damage_taken":0,"relics_obtained":["Spirit Poop"],"max_hp_gain":0,"max_hp_loss":0,"event_name":"Bonfire Elementals","floor":11,"gold_loss":0},{"damage_healed":0,"gold_gain":0,"player_choice":"Shed Blood","damage_taken":22,"max_hp_gain":5,"max_hp_loss":0,"event_name":"Forgotten Altar","floor":19,"gold_loss":0},{"damage_healed":0,"gold_gain":0,"player_choice":"Fought Bandits","damage_taken":0,"max_hp_gain":0,"max_hp_loss":0,"event_name":"Masked Bandits","floor":24,"gold_loss":0},{"damage_healed":0,"gold_gain":0,"player_choice":"Read","damage_taken":0,"max_hp_gain":0,"max_hp_loss":0,"event_name":"The Library","floor":28,"gold_loss":0,"cards_obtained":["Disarm"]},{"damage_healed":0,"gold_gain":0,"player_choice":"Ignored","damage_taken":0,"max_hp_gain":0,"max_hp_loss":0,"event_name":"The Mausoleum","floor":31,"gold_loss":0},{"damage_healed":0,"gold_gain":0,"player_choice":"Max HP","damage_taken":0,"max_hp_gain":0,"max_hp_loss":7,"event_name":"Winding Halls","floor":38,"gold_loss":0},{"damage_healed":0,"gold_gain":222,"player_choice":"Wore Mask","damage_taken":0,"max_hp_gain":0,"max_hp_loss":0,"event_name":"Tomb of Lord Red Mask","floor":45,"gold_loss":0},{"damage_healed":0,"gold_gain":0,"player_choice":"Ignored","damage_taken":0,"max_hp_gain":0,"max_hp_loss":0,"event_name":"Mysterious Sphere","floor":48,"gold_loss":0}],"is_beta":false,"boss_relics":[{"not_picked":["Eternal Feather","Tiny House"],"picked":"Runic Dome"},{"not_picked":["Calling Bell","Lizard Tail"],"picked":"White Beast Statue"}],"items_purged_floors":[3,39],"is_endless":false,"potions_floor_spawned":[6,16,18,24,29,33,35,36,37,41,42,44,46],"ascension_level":0}