{"gold_per_floor":[20,50,64,64,81,114,144,144,222,234,234,246,246,280,280,377,377,387,387,487,487,412,444,31,31,31,78,78,21,21,36,36,132,132,146,146,158,188,213,260,272,208,220,29,48,48,48,59,59,59],"floor_reached":51,"playtime":2181,"items_purged":["Bite","Bite"],"score":824,"play_id":"5c25555b-280f-4c76-851e-8eb6833d972c","local_time":"20190208121938","is_ascension_mode":false,"campfire_choices":[{"data":"1","floor":8.0,"key":"LIFT"},{"floor":11.0,"key":"REST"},{"data":"Heavy Blade","floor":13.0,"key":"SMITH"},{"data":"Spot Weakness","floor":15.0,"key":"SMITH"},{"data":"2","floor":28.0,"key":"LIFT"},{"data":"3","floor":30.0,"key":"LIFT"},{"data":"Flame Barrier","floor":32.0,"key":"SMITH"},{"data":"The Bomb","floor":47.0,"key":"SMITH"},{"data":"Offering","floor":49.0,"key":"SMITH"}],"neow_cost":"NO_GOLD","seed_source_timestamp":0,"circlet_count":0,"master_deck":["Defend_R","Defend_R","Defend_R","Bash","Entrench","Flame Barrier+1","Clothesline","Heavy Blade+1","True Grit","Spot Weakness+1","Blood for Blood+1","Bite","Bite","Bite","Blood for Blood+1","Enlightenment","Offering+1","Rampage","Armaments+1","Inflame+1","The Bomb+1","Metallicize+1","Dropkick","Whirlwind+1"],"special_seed":0,"relics":["Burning Blood","Torii","Tiny Chest","Gremlin Horn","Girya","Mercury Hourglass","Strawberry","Snecko Eye","FossilizedHelix","Shuriken","Thread and Needle","Bag of Preparation","Membership Card","Singing Bowl","Matryoshka","The Courier","Red Skull","Happy Flower","Orrery","Incense Burner","MawBank","Juzu Bracelet","Darkstone Periapt","Orichalcum","Frozen Egg 2"],"potions_floor_usage":[50,50],"damage_taken":[{"damage":10.0,"enemies":"Small Slimes","floor":1.0,"turns":4.0},{"damage":6.0,"enemies":"Jaw Worm","floor":3.0,"turns":3.0},{"damage":1.0,"enemies":"2 Louse","floor":5.0,"turns":3.0},{"damage":46.0,"enemies":"Lagavulin","floor":6.0,"turns":6.0},{"damage":23.0,"enemies":"Exordium Wildlife","floor":10.0,"turns":3.0},{"damage":9.0,"enemies":"2 Fungi Beasts","floor":12.0,"turns":3.0},{"damage":14.0,"enemies":"Gremlin Nob","floor":14.0,"turns":4.0},{"damage":28.0,"enemies":"The Guardian","floor":16.0,"turns":13.0},{"damage":0.0,"enemies":"3 Byrds","floor":18.0,"turns":3.0},{"damage":1.0,"enemies":"Colosseum Slavers","floor":20.0,"turns":2.0},{"damage":16.0,"enemies":"Colosseum Nobs","floor":20.0,"turns":4.0},{"damage":13.0,"enemies":"Gremlin Leader","floor":23.0,"turns":5.0},{"damage":0.0,"enemies":"Spheric Guardian","floor":31.0,"turns":1.0},{"damage":0.0,"enemies":"Automaton","floor":33.0,"turns":5.0},{"damage":0.0,"enemies":"3 Darklings","floor":35.0,"turns":3.0},{"damage":0.0,"enemies":"Orb Walker","floor":38.0,"turns":3.0},{"damage":0.0,"enemies":"Maw","floor":39.0,"turns":4.0},{"damage":1.0,"enemies":"Giant Head","floor":40.0,"turns":5.0},{"damage":0.0,"enemies":"Sphere and 2 Shapes","floor":45.0,"turns":3.0},{"damage":0.0,"enemies":"4 Shapes","floor":48.0,"turns":4.0},{"damage":60,"enemies":"Donu and Deca","floor":50,"turns":8}],"seed_played":"-6481471937047404937","potions_obtained":[{"floor":1.0,"key":"SkillPotion"},{"floor":3.0,"key":"AttackPotion"},{"floor":12.0,"key":"Swift Potion"},{"floor":16.0,"key":"Dexterity Potion"},{"floor":31.0,"key":"Energy Potion"},{"floor":33.0,"key":"Weak Potion"},{"floor":38.0,"key":"PowerPotion"},{"floor":40.0,"key":"FearPotion"},{"floor":45.0,"key":"Swift Potion"}],"is_trial":false,"path_per_floor":["M","?","M","T","M","E","?","R","T","M","R","M","R","E","R","B",null,"M","?","?","T","?","E","$","?","T","T","R","$","R","M","R","B",null,"M","T","?","M","M","E","?","?","T","$","M","?","R","M","R","B",null],"character_chosen":"IRONCLAD","items_purchased":["Membership Card","Enlightenment","Singing Bowl","Happy Flower","Frozen Egg 2","Metallicize+1","Dropkick"],"campfire_rested":1,"item_purchase_floors":[24,24,24,29,44,44,44],"current_hp_per_floor":[76,73,73,73,78,38,38,38,38,21,45,42,42,41,41,19,87,87,60,52,52,52,53,53,43,43,43,43,43,43,53,53,67,71,71,71,71,73,73,75,75,75,75,75,77,77,77,77,77,27],"gold":59,"neow_bonus":"ONE_RARE_RELIC","is_prod":false,"is_daily":false,"chose_seed":false,"campfire_upgraded":5,"win_rate":0.0,"timestamp":1549649978,"path_taken":["M","?","M","?","M","E","?","R","T","M","R","?","R","E","R","BOSS","M","?","?","?","?","E","$","?","T","?","R","?","R","M","R","BOSS","M","?","?","M","?","E","?","?","T","$","M","?","R","M","R","BOSS"],"build_version":"2019-01-23","purchased_purges":2,"victory":true,"max_hp_per_floor":[80,80,80,80,80,80,80,80,80,80,80,80,80,87,87,87,87,87,60,60,60,60,60,60,65,65,65,65,65,65,67,67,67,71,71,71,71,73,73,75,75,75,75,75,77,77,77,77,77,77],"card_choices":[{"not_picked":["Sword Boomerang","Twin Strike"],"picked":"Entrench","floor":1.0},{"not_picked":["Havoc","Body Slam"],"picked":"Flame Barrier","floor":3.0},{"not_picked":["Heavy Blade","Warcry"],"picked":"Clothesline","floor":5.0},{"not_picked":["Berserk","Cleave"],"picked":"Heavy Blade","floor":6.0},{"not_picked":["Havoc","Perfected Strike","Entrench"],"picked":"SKIP","floor":10.0},{"not_picked":["Second Wind","Body Slam"],"picked":"True Grit","floor":12.0},{"not_picked":["Feel No Pain","Clash"],"picked":"Spot Weakness","floor":14.0},{"not_picked":["Pommel Strike+1","Thunderclap"],"picked":"Blood for Blood+1","floor":18.0},{"not_picked":["Sword Boomerang","Disarm"],"picked":"Blood for Blood+1","floor":20.0},{"not_picked":["Berserk","Rampage","Flame Barrier"],"picked":"SKIP","floor":23.0},{"not_picked":["Perfected Strike","Battle Trance","Cleave"],"picked":"Singing Bowl","floor":31.0},{"not_picked":["Bludgeon","Brutality"],"picked":"Offering","floor":33.0},{"not_picked":["Burning Pact","Wild Strike","Body Slam"],"picked":"Singing Bowl","floor":34.0},{"not_picked":["Burning Pact","Clash+1","Iron Wave+1"],"picked":"Singing Bowl","floor":34.0},{"not_picked":["Wild Strike","Hemokinesis"],"picked":"Rampage","floor":34.0},{"not_picked":["Cleave","Clothesline"],"picked":"Armaments+1","floor":35.0},{"not_picked":["Hemokinesis+1","Thunderclap+1","Body Slam+1"],"picked":"Singing Bowl","floor":38.0},{"not_picked":["Hemokinesis+1","Pummel"],"picked":"Inflame+1","floor":39.0},{"not_picked":["Evolve+1","Offering","Blood for Blood+1"],"picked":"Singing Bowl","floor":40.0},{"not_picked":["Forethought","Blind"],"picked":"The Bomb","floor":41.0},{"not_picked":["Clash","Wild Strike","Disarm+1"],"picked":"Singing Bowl","floor":45.0},{"not_picked":["Intimidate","Sentinel+1"],"picked":"Whirlwind+1","floor":48.0}],"player_experience":128679,"relics_obtained":[{"floor":4.0,"key":"Gremlin Horn"},{"floor":6.0,"key":"Girya"},{"floor":9.0,"key":"Mercury Hourglass"},{"floor":14.0,"key":"Strawberry"},{"floor":20.0,"key":"FossilizedHelix"},{"floor":20.0,"key":"Shuriken"},{"floor":21.0,"key":"Thread and Needle"},{"floor":23.0,"key":"Bag of Preparation"},{"floor":26.0,"key":"Matryoshka"},{"floor":27.0,"key":"The Courier"},{"floor":27.0,"key":"Red Skull"},{"floor":36.0,"key":"Incense Burner"},{"floor":36.0,"key":"MawBank"},{"floor":40.0,"key":"Juzu Bracelet"},{"floor":43.0,"key":"Orichalcum"}],"event_choices":[{"damage_healed":0.0,"max_hp_gain":0.0,"max_hp_loss":0.0,"gold_gain":0.0,"event_name":"Scrap Ooze","player_choice":"Success","floor":2.0,"gold_loss":0.0,"damage_taken":3.0,"relics_obtained":["Tiny Chest"]},{"damage_healed":0.0,"max_hp_gain":0.0,"max_hp_loss":0.0,"gold_gain":30.0,"event_name":"Dead Adventurer","player_choice":"Searched \u00271\u0027 times","floor":7.0,"gold_loss":0.0,"damage_taken":0.0},{"damage_healed":0.0,"max_hp_gain":0.0,"max_hp_loss":27.0,"gold_gain":0.0,"event_name":"Vampires","player_choice":"Became a vampire","floor":19.0,"gold_loss":0.0,"damage_taken":0.0,"cards_obtained":["Bite","Bite","Bite","Bite","Bite"]},{"damage_healed":0.0,"max_hp_gain":0.0,"max_hp_loss":0.0,"gold_gain":0.0,"event_name":"Colosseum","player_choice":"Fight","floor":20.0,"gold_loss":0.0,"damage_taken":0.0},{"damage_healed":0.0,"max_hp_gain":0.0,"max_hp_loss":0.0,"gold_gain":0.0,"event_name":"Colosseum","player_choice":"Fought Nobs","floor":20.0,"gold_loss":0.0,"damage_taken":0.0},{"cards_removed":["Defend_R"],"damage_healed":0.0,"max_hp_gain":0.0,"max_hp_loss":0.0,"gold_gain":0.0,"event_name":"Beggar","player_choice":"Gave Gold","floor":22.0,"gold_loss":75.0,"damage_taken":0.0},{"damage_healed":0.0,"max_hp_gain":5.0,"max_hp_loss":0.0,"gold_gain":0.0,"event_name":"Forgotten Altar","player_choice":"Shed Blood","floor":25.0,"gold_loss":0.0,"damage_taken":15.0},{"damage_healed":0.0,"max_hp_gain":0.0,"max_hp_loss":0.0,"gold_gain":0.0,"event_name":"SecretPortal","player_choice":"Ignored","floor":37.0,"gold_loss":0.0,"damage_taken":0.0},{"damage_healed":0.0,"max_hp_gain":0.0,"max_hp_loss":0.0,"gold_gain":0.0,"event_name":"SensoryStone","player_choice":"Memory 1","floor":41.0,"gold_loss":0.0,"damage_taken":0.0},{"damage_healed":0.0,"max_hp_gain":0.0,"max_hp_loss":0.0,"gold_gain":0.0,"event_name":"WeMeetAgain","player_choice":"Paid Gold","floor":42.0,"gold_loss":76.0,"damage_taken":0.0,"relics_obtained":["Darkstone Periapt"]},{"damage_healed":0.0,"max_hp_gain":0.0,"max_hp_loss":0.0,"gold_gain":0.0,"event_name":"Lab","player_choice":"Got Potions","floor":46.0,"gold_loss":0.0,"damage_taken":0.0}],"is_beta":false,"boss_relics":[{"not_picked":["Mark of Pain","Pandora\u0027s Box"],"picked":"Snecko Eye"},{"not_picked":["Busted Crown","Philosopher\u0027s Stone"],"picked":"Orrery"}],"items_purged_floors":[24,44],"is_endless":false,"potions_floor_spawned":[1,3,12,16,20,31,33,38,40,45],"ascension_level":0}