{"path_per_floor":["M","M","?","?","$","E","M","R","T","R","M","M","E","M","R","B",null,"M","$","M","?","M","R","?","R","T","R","?","M","?","M","R","B",null,"M","?","M","$","?","E","R","?","T","M","M","R","$","M","R"],"character_chosen":"THE_SILENT","items_purchased":["Snake Skull","Kunai"],"gold_per_floor":[12,28,28,28,28,59,73,73,73,73,94,107,143,163,163,294,294,279,60,73,73,84,84,84,84,107,107,107,127,127,145,145,241,241,253,253,271,17,17,47,47,47,47,59,74,74,74,92,92],"floor_reached":50,"campfire_rested":4,"playtime":4018,"current_hp_per_floor":[63,63,63,63,63,62,62,62,69,69,66,66,56,56,56,68,71,62,62,51,51,30,51,51,51,56,56,56,48,48,53,72,36,63,68,68,62,62,62,41,62,62,62,45,45,66,66,65,65],"items_purged":["Normality"],"gold":92,"score":605,"play_id":"dbaa6db7-7583-4947-8c28-c4ac2f864a19","is_prod":false,"is_daily":false,"is_ascension_mode":true,"campfire_upgraded":6,"path_taken":["M","?","?","?","$","E","M","R","T","R","M","M","E","M","R","BOSS","M","$","M","?","M","R","?","R","T","R","?","?","?","M","R","BOSS","M","?","M","$","?","E","R","?","T","?","M","R","$","M","R","BOSS"],"build_version":"2018-02-22-PROD2","purchased_purges":1,"victory":false,"master_deck":["Defend_G+1","Defend_G+1","Defend_G+1","Defend_G+1","Strike_G+1","Strike_G+1","Strike_G+1","Survivor","Neutralize+1","Noxious Fumes+1","Dash+1","Bane","Heel Hook","Cloak And Dagger+1","Blur","Bullet Time+1","PiercingWail+1","Backstab","Dagger Spray","Die Die Die","Calculated Gamble","Neutralize"],"max_hp_per_floor":[70,70,65,65,65,65,65,65,72,72,72,72,72,72,72,72,72,72,72,72,72,72,72,72,72,72,72,72,72,72,72,72,72,72,72,72,72,72,72,72,72,72,72,72,72,72,72,72,72],"relics":["Ring of the Snake","Bloody Idol","Thread and Needle","Ninja Scroll","Strawberry","Ancient Tea Set","Runic Pyramid","Snake Skull","Prayer Wheel","Lizard Tail","Kunai","Lantern","Du-Vu Doll"],"card_choices":[{"not_picked":["Deadly Poison","Sucker Punch"],"picked":"Noxious Fumes"},{"not_picked":["PiercingWail","All Out Attack"],"picked":"Dash"},{"not_picked":["Underhanded Strike","PiercingWail"],"picked":"Accuracy"},{"not_picked":["Setup","Outmaneuver"],"picked":"Bane"},{"not_picked":["Dodge and Roll","Leg Sweep"],"picked":"Heel Hook"},{"not_picked":["Wraith Form","Flying Knee"],"picked":"Cloak And Dagger"},{"not_picked":["Accuracy","Expertise"],"picked":"Blur"},{"not_picked":["Venomology","Wraith Form"],"picked":"Bullet Time"},{"not_picked":["Bane","Endless Agony"],"picked":"PiercingWail"},{"not_picked":["PiercingWail","Cloak And Dagger"],"picked":"Backstab"},{"not_picked":["Acrobatics","PiercingWail"],"picked":"Dagger Spray"},{"not_picked":["Tactician","Phantasmal Killer"],"picked":"Die Die Die"},{"not_picked":["Noxious Fumes","Dodge and Roll"],"picked":"Calculated Gamble"}],"player_experience":312912,"potions_floor_usage":[16,20,29,31,33,35,40,48],"damage_taken":[{"damage":0,"enemies":"Cultist","floor":1,"turns":5},{"damage":0,"enemies":"Jaw Worm","floor":2,"turns":5},{"damage":1,"enemies":"3 Sentries","floor":6,"turns":9},{"damage":0,"enemies":"Small Slimes","floor":7,"turns":4},{"damage":3,"enemies":"Looter","floor":11,"turns":3},{"damage":0,"enemies":"2 Fungi Beasts","floor":12,"turns":4},{"damage":10,"enemies":"Gremlin Nob","floor":13,"turns":5},{"damage":0,"enemies":"Red Slaver","floor":14,"turns":4},{"damage":3,"enemies":"The Guardian","floor":16,"turns":13},{"damage":9,"enemies":"2 Thieves","floor":18,"turns":4},{"damage":11,"enemies":"Spheric Guardian","floor":20,"turns":5},{"damage":26,"enemies":"Snecko","floor":22,"turns":8},{"damage":13,"enemies":"Cultist and Chosen","floor":29,"turns":8},{"damage":0,"enemies":"Centurion and Healer","floor":31,"turns":6},{"damage":41,"enemies":"Collector","floor":33,"turns":12},{"damage":0,"enemies":"3 Darklings","floor":35,"turns":4},{"damage":11,"enemies":"3 Shapes","floor":37,"turns":8},{"damage":67,"enemies":"Nemesis","floor":40,"turns":11},{"damage":22,"enemies":"3 Darklings","floor":44,"turns":5},{"damage":5,"enemies":"4 Shapes","floor":45,"turns":6},{"damage":6,"enemies":"Sphere and 2 Shapes","floor":48,"turns":9},{"damage":68,"enemies":"Donu and Deca","floor":50,"turns":5}],"event_choices":[{"event_name":"Golden Idol","player_choice":"Lose Max HP","floor":3,"damage_taken":0},{"event_name":"Accursed Blacksmith","player_choice":"Rummage","floor":4,"damage_taken":0},{"event_name":"Forgotten Altar","player_choice":"Gave Idol","floor":21,"damage_taken":0},{"event_name":"Addict","player_choice":"Ignored","floor":24,"damage_taken":0},{"event_name":"Back to Basics","player_choice":"Simplicity","floor":28,"damage_taken":0},{"event_name":"Purifier","player_choice":"One Purge","floor":30,"damage_taken":0},{"event_name":"Mysterious Sphere","player_choice":"Ignore","floor":39,"damage_taken":0},{"event_name":"Match and Keep!","player_choice":"1 cards matched","floor":42,"damage_taken":0}],"boss_relics":[{"not_picked":["Runic Dome","Orrery"],"picked":"Runic Pyramid"},{"not_picked":["Astrolabe","Question Card"],"picked":"Lizard Tail"}],"potions_floor_spawned":[1,7,13,14,22,31,33,37,44],"seed_played":"-476774193859649779","killed_by":"Donu and Deca","ascension_level":8,"is_trial":false}