{"gold_per_floor":[118,118,131,142,157,157,190,200,200,218,7,63,81,101,101,101],"floor_reached":16,"playtime":959,"items_purged":[],"score":212,"play_id":"e765e400-a745-4b30-8b6b-afbb1b0e3725","local_time":"20190314103507","is_ascension_mode":true,"campfire_choices":[{"data":"Neutralize","floor":6.0,"key":"SMITH"},{"floor":15,"key":"REST"}],"neow_cost":"NONE","seed_source_timestamp":40196546372097,"circlet_count":0,"master_deck":["AscendersBane","Defend_G","Defend_G","Defend_G","Defend_G","Defend_G","Strike_G","Strike_G+1","Strike_G","Strike_G+1","Strike_G","Survivor","Neutralize+1","Riddle With Holes+1","Caltrops","Backflip","Escape Plan","Footwork","Dash","Well Laid Plans","Venomology"],"special_seed":0,"relics":["Ring of the Snake","Whetstone","Anchor","Omamori"],"potions_floor_usage":[14,14,16,16],"damage_taken":[{"damage":6.0,"enemies":"Jaw Worm","floor":1.0,"turns":4.0},{"damage":0.0,"enemies":"2 Louse","floor":3.0,"turns":3.0},{"damage":0.0,"enemies":"Cultist","floor":4.0,"turns":4.0},{"damage":3.0,"enemies":"Looter","floor":5.0,"turns":3.0},{"damage":18.0,"enemies":"Gremlin Nob","floor":7.0,"turns":4.0},{"damage":7.0,"enemies":"Blue Slaver","floor":8.0,"turns":5.0},{"damage":12.0,"enemies":"Lots of Slimes","floor":10.0,"turns":5.0},{"damage":6.0,"enemies":"3 Sentries","floor":12.0,"turns":10.0},{"damage":4.0,"enemies":"3 Louse","floor":13.0,"turns":4.0},{"damage":2,"enemies":"Gremlin Gang","floor":14,"turns":6},{"damage":21,"enemies":"Hexaghost","floor":16,"turns":11}],"seed_played":"-3818789382797459873","potions_obtained":[{"floor":4.0,"key":"AttackPotion"},{"floor":5.0,"key":"Block Potion"},{"floor":8.0,"key":"FearPotion"},{"floor":13.0,"key":"GamblersBrew"}],"is_trial":false,"path_per_floor":["M","?","M","M","M","R","E","M","T","M","$","?","M","M","R","B"],"character_chosen":"THE_SILENT","items_purchased":["Dash","Well Laid Plans","PowerPotion"],"campfire_rested":1,"item_purchase_floors":[11,11,11],"current_hp_per_floor":[53,53,53,53,50,50,32,25,25,13,13,7,3,1,20,0],"gold":101,"neow_bonus":"THREE_CARDS","is_prod":false,"is_daily":false,"chose_seed":false,"campfire_upgraded":1,"win_rate":0,"timestamp":1552556107,"path_taken":["M","?","M","M","M","R","E","M","T","M","$","?","M","M","R","BOSS"],"build_version":"2019-01-23","purchased_purges":0,"victory":false,"max_hp_per_floor":[66,66,66,66,66,66,66,66,66,66,66,66,66,66,66,66],"card_choices":[{"not_picked":["Acrobatics","Distraction"],"picked":"Riddle With Holes","floor":0.0},{"not_picked":["Flying Knee","Dagger Throw","Dodge and Roll"],"picked":"SKIP","floor":1.0},{"not_picked":["Sucker Punch","Choke"],"picked":"Caltrops","floor":3.0},{"not_picked":["Prepared","Sucker Punch"],"picked":"Backflip","floor":4.0},{"not_picked":["PiercingWail","Slice"],"picked":"Escape Plan","floor":5.0},{"not_picked":["Backflip","Dagger Throw"],"picked":"Footwork","floor":7.0},{"not_picked":["Cloak And Dagger","Distraction","Endless Agony"],"picked":"SKIP","floor":8.0},{"not_picked":["Setup","Terror","Calculated Gamble"],"picked":"SKIP","floor":10.0},{"not_picked":["Underhanded Strike","Prepared"],"picked":"Venomology","floor":12.0},{"not_picked":["Well Laid Plans","Finisher","Slice"],"picked":"SKIP","floor":13.0},{"not_picked":["Flechettes","Dodge and Roll","Dagger Throw"],"picked":"SKIP","floor":14}],"player_experience":1002874,"relics_obtained":[{"floor":7.0,"key":"Whetstone"},{"floor":9.0,"key":"Anchor"},{"floor":12.0,"key":"Omamori"}],"event_choices":[{"damage_healed":0.0,"max_hp_gain":0.0,"max_hp_loss":0.0,"gold_gain":0.0,"event_name":"Living Wall","player_choice":"Grow","floor":2.0,"gold_loss":0.0,"damage_taken":0.0,"cards_upgraded":["Riddle With Holes"]},{"damage_healed":0.0,"max_hp_gain":0.0,"max_hp_loss":0.0,"gold_gain":0.0,"event_name":"Dead Adventurer","player_choice":"Searched \u00271\u0027 times","floor":12.0,"gold_loss":0.0,"damage_taken":0.0}],"is_beta":false,"boss_relics":[],"items_purged_floors":[],"is_endless":false,"potions_floor_spawned":[4,5,8,13],"killed_by":"Hexaghost","ascension_level":20}