{"gold_per_floor":[119,65,85,85,102,102,131,131,204,204,220,246,246,246,246,246],"floor_reached":16,"playtime":379,"items_purged":[],"score":140,"play_id":"001f1b8c-a0e8-47d5-bb2b-04401e365f14","local_time":"20190313115717","is_ascension_mode":true,"campfire_choices":[{"data":"Zap","floor":6,"key":"SMITH"},{"data":"Echo Form","floor":10,"key":"SMITH"},{"floor":13,"key":"REST"},{"data":"Creative AI","floor":15,"key":"SMITH"}],"neow_cost":"NONE","seed_source_timestamp":392228062611208,"circlet_count":0,"master_deck":["Strike_B","Strike_B","Strike_B","Defend_B","Defend_B","Defend_B","Defend_B","Zap+1","Dualcast","Ball Lightning","Leap","Biased Cognition","Leap","Echo Form+1","Storm","Creative AI+1"],"relics":["Cracked Core","Centennial Puzzle","Bottled Lightning","Orichalcum"],"potions_floor_usage":[],"damage_taken":[{"damage":7,"enemies":"Jaw Worm","floor":1,"turns":3},{"damage":10,"enemies":"Small Slimes","floor":3,"turns":3},{"damage":0,"enemies":"2 Louse","floor":5,"turns":2},{"damage":17,"enemies":"Lagavulin","floor":7,"turns":7},{"damage":2,"enemies":"2 Fungi Beasts","floor":11,"turns":3},{"damage":38,"enemies":"3 Sentries","floor":12,"turns":9},{"damage":32,"enemies":"Slime Boss","floor":16,"turns":3}],"seed_played":"-2726805908583146206","potions_obtained":[{"floor":5,"key":"SpeedPotion"},{"floor":11,"key":"SteroidPotion"},{"floor":12,"key":"EntropicBrew"}],"is_trial":false,"path_per_floor":["M","$","M","?","M","R","E","?","T","R","M","E","R","?","R","B"],"character_chosen":"DEFECT","items_purchased":["Leap"],"campfire_rested":1,"item_purchase_floors":[2],"current_hp_per_floor":[68,68,58,63,63,63,46,46,46,46,44,6,32,25,25,0],"gold":246,"neow_bonus":"TEN_PERCENT_HP_BONUS","is_prod":false,"is_daily":false,"chose_seed":false,"campfire_upgraded":3,"win_rate":0,"timestamp":1552496237,"path_taken":["M","$","M","?","M","R","E","?","T","R","M","E","R","?","R","BOSS"],"build_version":"2019-01-23","purchased_purges":0,"victory":false,"max_hp_per_floor":[82,82,82,87,87,87,87,87,87,87,87,87,87,87,87,87],"card_choices":[{"not_picked":["Redo","Sweeping Beam"],"picked":"Ball Lightning","floor":1},{"not_picked":["Go for the Eyes","Rebound"],"picked":"Biased Cognition","floor":3},{"not_picked":["Lockon","Cold Snap"],"picked":"Leap","floor":5},{"not_picked":["Rebound","Ball Lightning"],"picked":"Echo Form","floor":7},{"not_picked":["Hologram","Reinforced Body"],"picked":"Storm","floor":11},{"not_picked":["Force Field","Leap"],"picked":"Creative AI","floor":12}],"player_experience":347840,"relics_obtained":[{"floor":7,"key":"Centennial Puzzle"},{"floor":9,"key":"Bottled Lightning"},{"floor":12,"key":"Orichalcum"}],"event_choices":[{"damage_healed":0,"gold_gain":0,"player_choice":"Donut","damage_taken":0,"max_hp_gain":5,"max_hp_loss":0,"event_name":"Big Fish","floor":4,"gold_loss":0},{"damage_healed":0,"gold_gain":0,"player_choice":"Ignored","damage_taken":0,"max_hp_gain":0,"max_hp_loss":0,"event_name":"Liars Game","floor":8,"gold_loss":0},{"cards_removed":["Strike_B"],"damage_healed":0,"gold_gain":0,"player_choice":"Card Removal","damage_taken":7,"max_hp_gain":0,"max_hp_loss":0,"event_name":"Golden Wing","floor":14,"gold_loss":0}],"is_beta":false,"boss_relics":[],"items_purged_floors":[],"is_endless":false,"potions_floor_spawned":[5,11,12],"killed_by":"Slime Boss","ascension_level":6}