{"gold_per_floor":[113,113,113,126,145,145,164,164,187,187,207,241,84,84],"floor_reached":14,"playtime":505,"items_purged":["Strike_G"],"score":149,"play_id":"6538a7ec-fdd3-44fe-b398-3796738ad97a","local_time":"20180721204138","is_ascension_mode":true,"campfire_choices":[{"data":"Dagger Spray","floor":6,"key":"SMITH"},{"data":"Neutralize","floor":8,"key":"SMITH"},{"data":"PiercingWail","floor":10,"key":"SMITH"}],"neow_cost":"","seed_source_timestamp":41050602189542,"circlet_count":0,"master_deck":["Defend_G","Defend_G","Defend_G","Defend_G","Defend_G","Strike_G","Strike_G","Strike_G","Strike_G","Survivor","Neutralize+1","AscendersBane","Escape Plan","Dagger Spray+1","PiercingWail+1","Cloak And Dagger","Blade Dance"],"relics":["Ring of the Snake","Anchor","Snake Skull"],"potions_floor_usage":[5,12,12],"damage_taken":[{"damage":1,"enemies":"Jaw Worm","floor":1,"turns":4},{"damage":0,"enemies":"2 Louse","floor":4,"turns":3},{"damage":7,"enemies":"Small Slimes","floor":5,"turns":4},{"damage":3,"enemies":"Blue Slaver","floor":7,"turns":4},{"damage":0,"enemies":"Lots of Slimes","floor":11,"turns":2},{"damage":60,"enemies":"Lagavulin","floor":12,"turns":9},{"damage":14,"enemies":"Gremlin Gang","floor":14,"turns":3}],"seed_played":"935738623566704959","potions_obtained":[{"floor":1,"key":"Regen Potion"},{"floor":4,"key":"SkillPotion"},{"floor":7,"key":"Strength Potion"}],"is_trial":false,"path_per_floor":["M","?","?","M","M","R","M","R","T","R","M","E","$"],"character_chosen":"THE_SILENT","items_purchased":["Blade Dance"],"campfire_rested":0,"item_purchase_floors":[13],"current_hp_per_floor":[62,67,67,67,60,60,57,57,57,57,57,12,12,0],"gold":84,"neow_bonus":"","is_prod":false,"is_daily":false,"chose_seed":false,"campfire_upgraded":3,"win_rate":0,"timestamp":1532216498,"path_taken":["M","?","?","M","?","R","M","R","T","R","M","E","?","M"],"build_version":"2018-07-19","purchased_purges":1,"victory":false,"max_hp_per_floor":[70,75,75,75,75,75,75,75,75,75,75,75,75,75],"card_choices":[{"not_picked":["Calculated Gamble","Infinite Blades"],"picked":"Escape Plan","floor":1},{"not_picked":["Acrobatics","Backflip"],"picked":"Dagger Spray","floor":4},{"not_picked":["Dodge and Roll","Poisoned Stab","All Out Attack"],"picked":"SKIP","floor":5},{"not_picked":["Dodge and Roll","Acrobatics"],"picked":"PiercingWail","floor":7},{"not_picked":["Storm of Steel","Prepared"],"picked":"Cloak And Dagger","floor":11},{"not_picked":["Deflect","Distraction","Setup"],"picked":"SKIP","floor":12}],"player_experience":829048,"relics_obtained":[{"floor":9,"key":"Anchor"},{"floor":12,"key":"Snake Skull"}],"event_choices":[{"event_name":"Big Fish","player_choice":"Donut","floor":2,"damage_taken":0},{"event_name":"Liars Game","player_choice":"disagreed","floor":3,"damage_taken":0}],"is_beta":true,"boss_relics":[],"items_purged_floors":[13],"is_endless":false,"potions_floor_spawned":[1,4,7],"killed_by":"Gremlin Gang","ascension_level":13}