{"path_per_floor":["M","$","?","M","M","R","E","M","T","M","?","R","M","M","R","B",null,"M","$","?","M","M","R","M","R","T","M"],"character_chosen":"DEFECT","items_purchased":["Hello World","Letter Opener","Reprogram"],"gold_per_floor":[118,67,67,79,98,98,124,140,217,233,293,293,308,325,325,428,428,439,25,0,14,25,25,37,37,37,54,54],"floor_reached":28,"campfire_rested":3,"playtime":1563,"current_hp_per_floor":[70,70,70,70,70,70,43,22,22,22,8,30,17,14,36,30,75,48,48,48,48,28,28,12,34,34,16,0],"items_purged":["Strike_B"],"gold":54,"score":235,"play_id":"7af2c528-4b13-4839-b4f6-8d2cad256bc7","local_time":"20180427101305","is_prod":false,"is_daily":false,"chose_seed":false,"is_ascension_mode":true,"campfire_upgraded":2,"timestamp":1524834785,"path_taken":["M","?","?","M","M","R","E","M","T","M","?","R","M","M","R","BOSS","M","$","?","M","M","R","M","R","T","M","M"],"build_version":"2018-04-26v2","seed_source_timestamp":16622984524014,"purchased_purges":1,"victory":false,"master_deck":["Strike_B","Strike_B","Defend_B","Defend_B","Defend_B","Defend_B","Zap","Dualcast","Conserve Battery","Beam Cell","Hello World","Chaos+1","Impulse+1","Defragment","Stack","Auto Shields","Redo","Axe Kick","Reprogram","Self Repair","Storm","Gash"],"max_hp_per_floor":[75,75,75,75,75,75,75,75,75,75,75,75,75,75,75,75,75,75,75,75,75,75,75,75,75,75,75,75],"relics":["Cracked Core","Ginger","Pantograph","Anchor","Runic Dome","Letter Opener","The Courier"],"card_choices":[{"not_picked":["Stack","Skim"],"picked":"Beam Cell","floor":1},{"not_picked":["Hello World","Streamline"],"picked":"Chaos","floor":4},{"not_picked":["Sweeping Beam","Ball Lightning"],"picked":"Impulse","floor":5},{"not_picked":["Sweeping Beam","White Noise"],"picked":"Defragment","floor":7},{"not_picked":["Coolheaded","Capacitor"],"picked":"Stack","floor":8},{"not_picked":["Beam Cell","Capacitor"],"picked":"Auto Shields","floor":14},{"not_picked":["Seek","Rainbow"],"picked":"Redo","floor":16},{"not_picked":["Skim","Reinforced Body"],"picked":"Axe Kick","floor":18},{"not_picked":["Hello World","Cold Snap"],"picked":"Self Repair","floor":21},{"not_picked":["Barrage","Hologram"],"picked":"Storm","floor":22},{"not_picked":["Turbo","Tempest"],"picked":"Gash","floor":24}],"player_experience":771320,"potions_floor_usage":[7,11,16,22,24,24,28],"damage_taken":[{"damage":5,"enemies":"Cultist","floor":1,"turns":4},{"damage":0,"enemies":"2 Louse","floor":4,"turns":3},{"damage":0,"enemies":"Small Slimes","floor":5,"turns":3},{"damage":27,"enemies":"Gremlin Nob","floor":7,"turns":4},{"damage":21,"enemies":"Exordium Thugs","floor":8,"turns":5},{"damage":0,"enemies":"Large Slime","floor":10,"turns":5},{"damage":14,"enemies":"Gremlin Nob","floor":11,"turns":4},{"damage":13,"enemies":"Exordium Wildlife","floor":13,"turns":5},{"damage":3,"enemies":"Looter","floor":14,"turns":3},{"damage":31,"enemies":"Hexaghost","floor":16,"turns":13},{"damage":27,"enemies":"Spheric Guardian","floor":18,"turns":5},{"damage":0,"enemies":"Shell Parasite","floor":21,"turns":6},{"damage":27,"enemies":"Snecko","floor":22,"turns":6},{"damage":23,"enemies":"Centurion and Healer","floor":24,"turns":6},{"damage":18,"enemies":"Snake Plant","floor":27,"turns":3},{"damage":17,"enemies":"3 Cultists","floor":28,"turns":3}],"event_choices":[{"event_name":"The Lab","player_choice":"Got Potions","floor":3,"damage_taken":0},{"event_name":"Dead Adventurer","player_choice":"Searched \u00271\u0027 times","floor":11,"damage_taken":0},{"event_name":"Masked Bandits","player_choice":"Paid Bandits 25 gold","floor":20,"damage_taken":0}],"boss_relics":[{"not_picked":["Velvet Choker","Ectoplasm"],"picked":"Runic Dome"}],"potions_floor_spawned":[5,8,11,16,22,24,27],"seed_played":"-7005281399769103626","killed_by":"3 Cultists","ascension_level":1,"is_trial":false}