{"gold_per_floor":[219,239,250,175,175,200,200,200,200,215,215,249,259,274,274,375,375,395,405,420,255,274,274,302,322,347,0,0],"floor_reached":28,"playtime":1596,"items_purged":["Defend_B","Strike_B"],"score":252,"play_id":"1166d950-7fb5-421c-9696-f0a9055ff1c3","local_time":"20190310213248","is_ascension_mode":false,"campfire_choices":[{"floor":7.0,"key":"REST"},{"floor":15.0,"key":"REST"},{"floor":23.0,"key":"REST"}],"neow_cost":"NONE","seed_source_timestamp":0,"circlet_count":0,"master_deck":["Strike_B","Strike_B","Strike_B","Defend_B","Defend_B+1","Zap","Dualcast","Gash+1","Conserve Battery","Beam Cell","Conserve Battery","Reboot","Gash","Buffer+1","Capacitor+1","Heatsinks+1","Static Discharge+1","White Noise","Scrape","Gash+1","Static Discharge+1"],"special_seed":0,"relics":["Cracked Core","Frozen Egg 2","Bottled Lightning","The Courier","Eternal Feather","Boot","Lantern"],"potions_floor_usage":[28],"damage_taken":[{"damage":0.0,"enemies":"Small Slimes","floor":1.0,"turns":3.0},{"damage":7.0,"enemies":"2 Louse","floor":2.0,"turns":2.0},{"damage":6.0,"enemies":"Jaw Worm","floor":3.0,"turns":2.0},{"damage":12.0,"enemies":"Lagavulin","floor":6.0,"turns":5.0},{"damage":10.0,"enemies":"Looter","floor":10.0,"turns":2.0},{"damage":6.0,"enemies":"Gremlin Nob","floor":12.0,"turns":3.0},{"damage":0.0,"enemies":"Exordium Wildlife","floor":13.0,"turns":3.0},{"damage":20.0,"enemies":"Gremlin Gang","floor":14.0,"turns":3.0},{"damage":9.0,"enemies":"Hexaghost","floor":16.0,"turns":7.0},{"damage":5.0,"enemies":"Shell Parasite","floor":18.0,"turns":6.0},{"damage":10.0,"enemies":"Spheric Guardian","floor":19.0,"turns":4.0},{"damage":15.0,"enemies":"Snecko","floor":20.0,"turns":6.0},{"damage":28.0,"enemies":"Shelled Parasite and Fungi","floor":22.0,"turns":4.0},{"damage":17.0,"enemies":"Slavers","floor":24.0,"turns":6.0},{"damage":17.0,"enemies":"Chosen and Byrds","floor":25.0,"turns":5.0},{"damage":15,"enemies":"Colosseum Slavers","floor":28,"turns":2}],"seed_played":"-3264716343151584451","potions_obtained":[{"floor":2.0,"key":"Poison Potion"},{"floor":10.0,"key":"PowerPotion"},{"floor":12.0,"key":"AttackPotion"},{"floor":13.0,"key":"FearPotion"},{"floor":18.0,"key":"SpeedPotion"}],"is_trial":false,"path_per_floor":["M","M","M","$","?","E","R","?","T","M","?","E","M","M","R","B",null,"M","M","M","$","M","R","E","M","T","?","?"],"character_chosen":"DEFECT","items_purchased":["Static Discharge+1","White Noise"],"campfire_rested":3,"item_purchase_floors":[21,21],"current_hp_per_floor":[75,68,62,62,47,35,57,50,50,40,40,34,34,14,36,27,75,70,60,45,45,17,48,31,14,14,14,0],"gold":0,"neow_bonus":"HUNDRED_GOLD","is_prod":false,"is_daily":false,"chose_seed":false,"campfire_upgraded":0,"win_rate":0.0,"timestamp":1552275168,"path_taken":["M","M","M","$","?","E","R","?","T","M","?","E","M","M","R","BOSS","M","M","M","$","M","R","E","M","T","?","?"],"build_version":"2019-01-23","purchased_purges":2,"victory":false,"max_hp_per_floor":[75,75,75,75,75,75,75,75,75,75,75,75,75,75,75,75,75,75,75,75,75,75,75,75,75,75,75,75],"card_choices":[{"not_picked":["Steam","Streamline"],"picked":"Gash","floor":1.0},{"not_picked":["Stack","Steam"],"picked":"Conserve Battery","floor":2.0},{"not_picked":["Reprogram","Auto Shields"],"picked":"Beam Cell","floor":3.0},{"not_picked":["Double Energy","Go for the Eyes"],"picked":"Conserve Battery","floor":6.0},{"not_picked":["Conserve Battery","Darkness"],"picked":"Reboot","floor":10.0},{"not_picked":["Consume","Barrage","Genetic Algorithm"],"picked":"SKIP","floor":12.0},{"not_picked":["Cold Snap","Turbo"],"picked":"Gash","floor":13.0},{"not_picked":["Aggregate","Steam","Barrage"],"picked":"SKIP","floor":14.0},{"not_picked":["Thunder Strike","Multi-Cast"],"picked":"Buffer+1","floor":16.0},{"not_picked":["Static Discharge+1","Double Energy"],"picked":"Capacitor+1","floor":18.0},{"not_picked":["Glacier","Turbo","Coolheaded"],"picked":"SKIP","floor":19.0},{"not_picked":["Streamline","Reprogram"],"picked":"Heatsinks+1","floor":20.0},{"not_picked":["Aggregate+1","Conserve Battery"],"picked":"Scrape","floor":22.0},{"not_picked":["Fission","Leap"],"picked":"Gash+1","floor":24.0},{"not_picked":["Sweeping Beam","Tempest"],"picked":"Static Discharge+1","floor":25.0}],"player_experience":308239,"relics_obtained":[{"floor":6.0,"key":"Frozen Egg 2"},{"floor":9.0,"key":"Bottled Lightning"},{"floor":12.0,"key":"The Courier"},{"floor":24.0,"key":"Boot"},{"floor":26.0,"key":"Lantern"}],"event_choices":[{"damage_healed":0.0,"max_hp_gain":0.0,"max_hp_loss":0.0,"gold_gain":0.0,"event_name":"Shining Light","player_choice":"Entered Light","floor":5.0,"gold_loss":0.0,"damage_taken":15.0,"cards_upgraded":["Gash","Defend_B"]},{"cards_removed":["Defend_B"],"damage_healed":0.0,"max_hp_gain":0.0,"max_hp_loss":0.0,"gold_gain":0.0,"event_name":"Golden Wing","player_choice":"Card Removal","floor":8.0,"gold_loss":0.0,"damage_taken":7.0},{"damage_healed":0.0,"max_hp_gain":0.0,"max_hp_loss":0.0,"gold_gain":0.0,"event_name":"Liars Game","player_choice":"Ignored","floor":11.0,"gold_loss":0.0,"damage_taken":0.0},{"damage_healed":0.0,"max_hp_gain":0.0,"max_hp_loss":0.0,"gold_gain":0.0,"event_name":"Masked Bandits","player_choice":"Paid Fearfully","floor":27.0,"gold_loss":347.0,"damage_taken":0.0},{"damage_healed":0,"gold_gain":0,"player_choice":"Fight","damage_taken":0,"max_hp_gain":0,"max_hp_loss":0,"event_name":"Colosseum","floor":28,"gold_loss":0}],"is_beta":false,"boss_relics":[{"not_picked":["Astrolabe","Coffee Dripper"],"picked":"Eternal Feather"}],"items_purged_floors":[4,21],"is_endless":false,"potions_floor_spawned":[2,10,12,13,18],"killed_by":"Colosseum Slavers","ascension_level":0}