{"gold_per_floor":[116,135,19,38,38,38,65,85,85,118,148,40,40,215,215,345,345,364,378,378,53,76,76],"floor_reached":23,"playtime":3795,"items_purged":["Regret"],"score":219,"play_id":"f240d2bd-feef-4daa-9946-5c5baa778e73","local_time":"20190306225417","is_ascension_mode":true,"campfire_choices":[{"data":"Footwork","floor":6,"key":"SMITH"},{"floor":15,"key":"RECALL"}],"neow_cost":"NONE","seed_source_timestamp":873757733346994,"circlet_count":0,"master_deck":["Defend_G","Defend_G","Defend_G","Defend_G","Defend_G","Strike_G","Strike_G","Strike_G","Strike_G","Strike_G","Survivor","Neutralize","Backflip","Dagger Throw","Well Laid Plans","Crippling Poison","Footwork+1","Backflip","Dodge and Roll+1","Calculated Gamble+1","Footwork","Backstab","Injury","Doubt","A Thousand Cuts","Blur+1","Blade Dance+1"],"relics":["Ring of the Snake","Blue Candle","Happy Flower","Toxic Egg 2","Mercury Hourglass","Odd Mushroom","Golden Idol","HoveringKite","HandDrill"],"potions_floor_usage":[16,22,22,23,23],"damage_taken":[{"damage":3,"enemies":"2 Louse","floor":1,"turns":3},{"damage":2,"enemies":"Jaw Worm","floor":2,"turns":5},{"damage":4,"enemies":"Small Slimes","floor":4,"turns":4},{"damage":23,"enemies":"Lagavulin","floor":7,"turns":11},{"damage":6,"enemies":"Red Slaver","floor":8,"turns":5},{"damage":11,"enemies":"3 Sentries","floor":10,"turns":13},{"damage":1,"enemies":"The Mushroom Lair","floor":11,"turns":3},{"damage":14,"enemies":"Hexaghost","floor":16,"turns":16},{"damage":21,"enemies":"Shell Parasite","floor":18,"turns":10},{"damage":26,"enemies":"Spheric Guardian","floor":19,"turns":10},{"damage":17,"enemies":"Snake Plant","floor":22,"turns":6},{"damage":19,"enemies":"Book of Stabbing","floor":23,"turns":7}],"seed_played":"3304685427715846096","potions_obtained":[{"floor":2,"key":"LiquidBronze"},{"floor":4,"key":"FearPotion"},{"floor":8,"key":"SneckoOil"},{"floor":10,"key":"SteroidPotion"},{"floor":20,"key":"EssenceOfSteel"},{"floor":22,"key":"Fruit Juice"}],"is_trial":false,"path_per_floor":["M","M","$","M","?","R","E","M","T","E","?","$","?","?","R","B",null,"M","M","?","$","M","E"],"character_chosen":"THE_SILENT","items_purchased":["Well Laid Plans","Crippling Poison","Footwork","Backstab","HandDrill","Blade Dance+1"],"campfire_rested":0,"item_purchase_floors":[3,3,12,12,21,21],"current_hp_per_floor":[67,65,65,61,61,61,38,32,32,21,20,20,20,20,20,6,70,49,23,23,23,6,0],"gold":76,"neow_bonus":"THREE_CARDS","is_prod":false,"is_daily":false,"chose_seed":false,"campfire_upgraded":1,"win_rate":0,"timestamp":1551930857,"path_taken":["M","M","$","M","?","R","E","M","T","E","?","$","?","?","R","BOSS","M","M","?","$","?","E"],"build_version":"2019-01-23","purchased_purges":1,"victory":false,"max_hp_per_floor":[70,70,70,70,70,70,70,70,70,70,70,70,70,70,70,70,70,70,70,70,70,70,75],"card_choices":[{"not_picked":["Distraction","Flying Knee"],"picked":"Backflip","floor":0},{"not_picked":["Underhanded Strike","Outmaneuver","Acrobatics"],"picked":"SKIP","floor":1},{"not_picked":["Distraction","Deadly Poison"],"picked":"Dagger Throw","floor":2},{"not_picked":["PiercingWail","Poisoned Stab"],"picked":"Footwork","floor":4},{"not_picked":["Dagger Throw","Flying Knee","All Out Attack"],"picked":"SKIP","floor":7},{"not_picked":["Underhanded Strike","Prepared"],"picked":"Backflip","floor":8},{"not_picked":["Quick Slash","Poisoned Stab"],"picked":"Dodge and Roll+1","floor":10},{"not_picked":["Bane","Skewer"],"picked":"Calculated Gamble+1","floor":11},{"not_picked":["Grand Finale","Envenom"],"picked":"A Thousand Cuts","floor":16},{"not_picked":["Cloak And Dagger+1","Quick Slash"],"picked":"Blur+1","floor":18},{"not_picked":["Skewer","Slice+1","Calculated Gamble+1"],"picked":"SKIP","floor":19},{"not_picked":["Underhanded Strike","Outmaneuver+1","Sucker Punch"],"picked":"SKIP","floor":22}],"player_experience":142541,"relics_obtained":[{"floor":7,"key":"Happy Flower"},{"floor":9,"key":"Toxic Egg 2"},{"floor":10,"key":"Mercury Hourglass"},{"floor":11,"key":"Odd Mushroom"}],"event_choices":[{"damage_healed":0,"gold_gain":0,"player_choice":"Box","damage_taken":0,"relics_obtained":["Blue Candle"],"max_hp_gain":0,"max_hp_loss":0,"event_name":"Big Fish","floor":5,"gold_loss":0,"cards_obtained":["Regret"]},{"damage_healed":0,"gold_gain":0,"player_choice":"Fought Mushrooms","damage_taken":0,"max_hp_gain":0,"max_hp_loss":0,"event_name":"Mushrooms","floor":11,"gold_loss":0},{"damage_healed":0,"gold_gain":0,"player_choice":"Take Wound","damage_taken":0,"relics_obtained":["Golden Idol"],"max_hp_gain":0,"max_hp_loss":0,"event_name":"Golden Idol","floor":13,"gold_loss":0,"cards_obtained":["Injury"]},{"damage_healed":0,"gold_gain":175,"player_choice":"AGREE","damage_taken":0,"max_hp_gain":0,"max_hp_loss":0,"event_name":"Liars Game","floor":14,"gold_loss":0,"cards_obtained":["Doubt"]},{"damage_healed":0,"gold_gain":0,"player_choice":"Got Potions","damage_taken":0,"max_hp_gain":0,"max_hp_loss":0,"event_name":"Lab","floor":20,"gold_loss":0}],"is_beta":false,"boss_relics":[{"not_picked":["Fusion Hammer","Runic Dome"],"picked":"HoveringKite"}],"items_purged_floors":[21],"is_endless":false,"potions_floor_spawned":[2,4,8,10,22],"killed_by":"Book of Stabbing","ascension_level":2}