{"gold_per_floor":[117,117,117,127,145,180,198,198,198,215,215,104,104,130,130,233,233,250,1,16,32,46,46,46,46,73,73,73,93,93],"floor_reached":30,"playtime":852,"items_purged":["Strike_B","Strike_B"],"score":240,"play_id":"3ecbadbc-de48-401b-b583-e5634ceab298","local_time":"20190315162823","is_ascension_mode":false,"campfire_choices":[{"data":"Zap","floor":8,"key":"SMITH"},{"data":"Sunder","floor":11,"key":"SMITH"},{"data":"Loop","floor":13,"key":"SMITH"},{"floor":15,"key":"REST"},{"floor":23,"key":"REST"},{"floor":28,"key":"RECALL"}],"neow_cost":"NONE","seed_source_timestamp":190014873504073,"circlet_count":0,"master_deck":["Strike_B","Defend_B","Defend_B","Zap+1","Dualcast","Conserve Battery","Streamline","Cold Snap","Steam","Sunder+1","Loop+1","Gash","All For One","Compile Driver","Defragment","Conserve Battery","Gash","Rainbow","Multi-Cast"],"relics":["Cracked Core","NeowsBlessing","CultistMask","Shuriken","Kunai","Empty Cage","Dream Catcher"],"potions_floor_usage":[6,14,20,29],"damage_taken":[{"damage":0,"enemies":"Cultist","floor":1,"turns":1},{"damage":0,"enemies":"Jaw Worm","floor":4,"turns":1},{"damage":0,"enemies":"Small Slimes","floor":5,"turns":1},{"damage":32,"enemies":"Lagavulin","floor":6,"turns":6},{"damage":5,"enemies":"Blue Slaver","floor":7,"turns":4},{"damage":0,"enemies":"3 Louse","floor":10,"turns":3},{"damage":17,"enemies":"3 Sentries","floor":14,"turns":4},{"damage":30,"enemies":"Hexaghost","floor":16,"turns":10},{"damage":11,"enemies":"Spheric Guardian","floor":18,"turns":4},{"damage":10,"enemies":"Chosen","floor":20,"turns":3},{"damage":22,"enemies":"Snecko","floor":21,"turns":5},{"damage":11,"enemies":"Centurion and Healer","floor":22,"turns":7},{"damage":12,"enemies":"Cultist and Chosen","floor":29,"turns":5},{"damage":35,"enemies":"Book of Stabbing","floor":30,"turns":3}],"seed_played":"-2621085158194946291","potions_obtained":[{"floor":4,"key":"AttackPotion"},{"floor":7,"key":"LiquidBronze"},{"floor":16,"key":"Ancient Potion"},{"floor":18,"key":"AttackPotion"},{"floor":21,"key":"Explosive Potion"}],"is_trial":false,"path_per_floor":["M","?","?","M","M","E","M","R","T","M","R","$","R","E","R","B",null,"M","$","M","M","M","R","$","?","T","?","R","M","E"],"character_chosen":"DEFECT","items_purchased":["Loop","Compile Driver","Defragment","Conserve Battery"],"campfire_rested":2,"item_purchase_floors":[12,19,19,19],"current_hp_per_floor":[75,75,75,75,75,43,38,38,38,38,38,38,38,21,43,13,75,64,64,54,32,21,43,43,43,43,43,43,31,0],"gold":93,"neow_bonus":"THREE_ENEMY_KILL","is_prod":false,"is_daily":false,"chose_seed":false,"campfire_upgraded":3,"win_rate":0,"timestamp":1552692503,"path_taken":["M","?","?","M","M","E","?","R","T","M","R","$","R","E","R","BOSS","M","$","M","M","M","R","$","?","T","?","R","M","E"],"build_version":"2019-01-23","purchased_purges":2,"victory":false,"max_hp_per_floor":[75,75,75,75,75,75,75,75,75,75,75,75,75,75,75,75,75,75,75,75,75,75,75,75,75,75,75,75,75,75],"card_choices":[{"not_picked":["Rebound","Reprogram"],"picked":"Conserve Battery","floor":1},{"not_picked":["Steam","Chill"],"picked":"Streamline","floor":4},{"not_picked":["Chaos","Capacitor"],"picked":"Cold Snap","floor":5},{"not_picked":["Seek","Meteor Strike"],"picked":"Steam","floor":6},{"not_picked":["Cold Snap","Recycle","Turbo"],"picked":"SKIP","floor":7},{"not_picked":["Stack","Reprogram"],"picked":"Sunder","floor":10},{"not_picked":["Chaos","Lockon"],"picked":"Gash","floor":14},{"not_picked":["Fission","Biased Cognition"],"picked":"All For One","floor":16},{"not_picked":["Hologram","Turbo","Hello World"],"picked":"SKIP","floor":18},{"not_picked":["Redo","Steam"],"picked":"Doom and Gloom","floor":20},{"not_picked":["Compile Driver","Leap","Redo"],"picked":"SKIP","floor":21},{"not_picked":["Force Field","Scrape"],"picked":"Gash","floor":22},{"not_picked":["Turbo","Conserve Battery","Storm+1"],"picked":"SKIP","floor":29}],"player_experience":472016,"relics_obtained":[{"floor":6,"key":"Shuriken"},{"floor":14,"key":"Kunai"},{"floor":26,"key":"Dream Catcher"}],"event_choices":[{"damage_healed":0,"gold_gain":0,"player_choice":"Ignored","damage_taken":0,"max_hp_gain":0,"max_hp_loss":0,"event_name":"Shining Light","floor":2,"gold_loss":0},{"damage_healed":0,"gold_gain":0,"player_choice":"Trade","damage_taken":0,"relics_obtained":["CultistMask"],"max_hp_gain":0,"max_hp_loss":0,"event_name":"FaceTrader","floor":3,"gold_loss":0},{"damage_healed":0,"gold_gain":0,"cards_transformed":["Doom and Gloom","Defend_B"],"player_choice":"Became Test Subject","damage_taken":0,"max_hp_gain":0,"max_hp_loss":0,"event_name":"Drug Dealer","floor":25,"gold_loss":0,"cards_obtained":["Rainbow","Multi-Cast"]},{"damage_healed":0,"gold_gain":0,"player_choice":"Ignored","damage_taken":0,"max_hp_gain":0,"max_hp_loss":0,"event_name":"Vampires","floor":27,"gold_loss":0}],"is_beta":false,"boss_relics":[{"not_picked":["Cursed Key","Calling Bell"],"picked":"Empty Cage"}],"items_purged_floors":[12,19],"is_endless":false,"potions_floor_spawned":[4,7,16,18,21],"killed_by":"Book of Stabbing","ascension_level":0}