{"path_per_floor":["M","M","?","M","?","?","R","$","T","M","M","M","M","M","R","B",null,"M","$","?","$","M","R","?","M","T","M","M","M","R","$","R"],"character_chosen":"IRONCLAD","items_purchased":["Sever Soul","Offering","Whirlwind","Inflame"],"gold_per_floor":[15,26,26,44,44,44,44,44,44,57,73,85,105,118,118,213,213,227,82,82,7,26,26,26,36,60,76,93,107,107,1,1,1],"floor_reached":33,"campfire_rested":1,"playtime":1278,"current_hp_per_floor":[80,80,73,68,52,52,52,52,52,46,47,45,51,47,47,8,80,80,80,80,80,71,71,71,55,55,48,46,33,33,33,57,0],"items_purged":["Defend_R"],"gold":1,"score":243,"play_id":"f9173c6c-09a7-4656-b1e9-779f9b8ce516","local_time":"20180424222424","is_prod":false,"is_daily":false,"chose_seed":false,"is_ascension_mode":false,"campfire_upgraded":4,"timestamp":1524619464,"path_taken":["M","M","?","M","?","?","R","?","T","M","M","?","M","M","R","BOSS","M","$","?","$","M","R","?","M","T","?","M","?","R","?","R","BOSS"],"build_version":"2018-04-19","seed_source_timestamp":46046337948196,"purchased_purges":1,"victory":false,"master_deck":["Strike_R+1","Strike_R","Strike_R","Strike_R+1","Bash","Flex","True Grit+1","Cleave","Power Through","Limit Break+1","Rage+1","Double Tap+1","Sever Soul","Offering","True Grit+1","Whirlwind","Inflame"],"max_hp_per_floor":[80,80,80,80,80,80,80,80,80,80,80,80,80,80,80,80,80,80,80,80,80,80,80,80,80,80,80,80,80,80,80,80,80],"relics":["Burning Blood"],"card_choices":[{"not_picked":["Entrench","Sword Boomerang"],"picked":"Flex","floor":1},{"not_picked":["Warcry","Ghostly Armor"],"picked":"True Grit","floor":2},{"not_picked":["Anger","Rupture"],"picked":"Cleave","floor":4},{"not_picked":["True Grit","Pummel"],"picked":"Power Through","floor":10},{"not_picked":["Whirlwind","Clothesline"],"picked":"Limit Break","floor":12},{"not_picked":["Carnage","Infernal Blade"],"picked":"Rage","floor":13},{"not_picked":["Immolate","Limit Break"],"picked":"Double Tap","floor":16},{"not_picked":["Power Through","Headbutt"],"picked":"True Grit","floor":27}],"player_experience":738423,"potions_floor_usage":[12,13,16,16,28,33,33],"damage_taken":[{"damage":0,"enemies":"Small Slimes","floor":1,"turns":3},{"damage":5,"enemies":"2 Louse","floor":2,"turns":2},{"damage":11,"enemies":"Jaw Worm","floor":4,"turns":2},{"damage":12,"enemies":"Blue Slaver","floor":10,"turns":2},{"damage":5,"enemies":"3 Louse","floor":11,"turns":2},{"damage":8,"enemies":"Exordium Thugs","floor":12,"turns":4},{"damage":0,"enemies":"2 Fungi Beasts","floor":13,"turns":2},{"damage":10,"enemies":"Looter","floor":14,"turns":3},{"damage":45,"enemies":"Hexaghost","floor":16,"turns":12},{"damage":5,"enemies":"Chosen","floor":18,"turns":4},{"damage":15,"enemies":"3 Byrds","floor":22,"turns":5},{"damage":22,"enemies":"Snake Plant","floor":25,"turns":4},{"damage":13,"enemies":"Chosen and Byrds","floor":27,"turns":7},{"damage":8,"enemies":"Snecko","floor":28,"turns":5},{"damage":19,"enemies":"Snake Plant","floor":29,"turns":5},{"damage":79,"enemies":"Champ","floor":33,"turns":12}],"event_choices":[{"event_name":"Golden Wing","player_choice":"Card Removal","floor":3,"damage_taken":0},{"event_name":"Shining Light","player_choice":"Entered Light","floor":5,"damage_taken":0},{"event_name":"Living Wall","player_choice":"Forget","floor":6,"damage_taken":0},{"event_name":"Cursed Tome","player_choice":"Ignored","floor":20,"damage_taken":0},{"event_name":"Drug Dealer","player_choice":"Ignored","floor":24,"damage_taken":0}],"boss_relics":[{"not_picked":["Cursed Key","Sozu","Runic Cube"]}],"potions_floor_spawned":[1,11,12,14,16,22,28,29],"seed_played":"-1823154466199460006","killed_by":"Champ","ascension_level":0,"is_trial":false}