{"gold_per_floor":[116,132,82,92,16,16,16,48,126,140,140,153,153,166,166,269,269,255,274,127,141,158,189,189,189,216,14,14,25,42,59,59,161,161,176,190,190,201,33,33,33,33,56,68,99,130,156,168,180,192,204,216,12,40,40],"floor_reached":55,"playtime":3508,"items_purged":["Strike_B","Defend_B","Defend_B"],"score":668,"play_id":"0fee4c64-cbd7-4685-9020-7e9c3160f2de","local_time":"20190315184035","is_ascension_mode":false,"campfire_choices":[{"data":"Loop","floor":6,"key":"SMITH"},{"floor":11,"key":"RECALL"},{"data":"Defragment","floor":15,"key":"SMITH"},{"data":"Amplify","floor":24,"key":"SMITH"},{"data":"Self Repair","floor":28,"key":"SMITH"},{"floor":32,"key":"REST"},{"data":"Defragment","floor":40,"key":"SMITH"},{"data":"Dualcast","floor":42,"key":"SMITH"},{"data":"Secret Technique","floor":49,"key":"SMITH"},{"data":"Blind","floor":52,"key":"SMITH"}],"neow_cost":"NONE","seed_source_timestamp":195298716825136,"circlet_count":0,"master_deck":["Defend_B","Zap+1","Dualcast+1","Amplify+1","Glacier","Cold Snap","Leap","Loop+1","Go for the Eyes","Self Repair+1","Defragment+1","Blizzard","Creative AI","Force Field","Glacier","Loop+1","Stack+1","Genetic Algorithm","Thunder Strike","Rainbow","Defragment+1","Parasite","Force Field","Blind+1","Electrodynamics","Secret Technique+1","Panacea"],"relics":["Cracked Core","Bag of Preparation","Letter Opener","Oddly Smooth Stone","Snecko Eye","Boot","OrangePellets","Lizard Tail","MawBank","Shuriken"],"potions_floor_usage":[8,8,18,29,33,54,54,55],"damage_taken":[{"damage":0,"enemies":"2 Louse","floor":1,"turns":2},{"damage":0,"enemies":"Jaw Worm","floor":2,"turns":4},{"damage":0,"enemies":"Small Slimes","floor":4,"turns":3},{"damage":28,"enemies":"Gremlin Nob","floor":8,"turns":14},{"damage":1,"enemies":"Gremlin Gang","floor":10,"turns":6},{"damage":5,"enemies":"Blue Slaver","floor":12,"turns":3},{"damage":1,"enemies":"Large Slime","floor":14,"turns":4},{"damage":14,"enemies":"The Guardian","floor":16,"turns":12},{"damage":17,"enemies":"2 Thieves","floor":18,"turns":5},{"damage":0,"enemies":"Spheric Guardian","floor":19,"turns":3},{"damage":0,"enemies":"Snecko","floor":21,"turns":5},{"damage":0,"enemies":"Centurion and Healer","floor":22,"turns":9},{"damage":24,"enemies":"Gremlin Leader","floor":23,"turns":7},{"damage":26,"enemies":"3 Cultists","floor":29,"turns":4},{"damage":1,"enemies":"Snake Plant","floor":30,"turns":6},{"damage":5,"enemies":"Centurion and Healer","floor":31,"turns":9},{"damage":57,"enemies":"Champ","floor":33,"turns":17},{"damage":13,"enemies":"3 Shapes","floor":35,"turns":3},{"damage":6,"enemies":"3 Darklings","floor":36,"turns":5},{"damage":8,"enemies":"Writhing Mass","floor":38,"turns":4},{"damage":35,"enemies":"Jaw Worm Horde","floor":45,"turns":9},{"damage":7,"enemies":"Transient","floor":46,"turns":5},{"damage":3,"enemies":"Writhing Mass","floor":47,"turns":7},{"damage":25,"enemies":"Time Eater","floor":50,"turns":12},{"damage":74,"enemies":"Shield and Spear","floor":54,"turns":7},{"damage":85,"enemies":"The Heart","floor":55,"turns":9}],"seed_played":"-6637561963944022078","potions_obtained":[{"floor":1,"key":"SpeedPotion"},{"floor":2,"key":"AttackPotion"},{"floor":8,"key":"Energy Potion"},{"floor":10,"key":"Dexterity Potion"},{"floor":18,"key":"SpeedPotion"},{"floor":19,"key":"Poison Potion"},{"floor":22,"key":"Explosive Potion"},{"floor":30,"key":"AttackPotion"},{"floor":31,"key":"Dexterity Potion"},{"floor":38,"key":"Weak Potion"},{"floor":46,"key":"LiquidBronze"}],"is_trial":false,"path_per_floor":["M","M","?","M","$","R","?","E","T","M","R","M","?","M","R","B",null,"M","M","$","M","M","E","R","?","T","$","R","M","M","M","R","B",null,"M","M","?","M","$","R","?","R","T","?","M","M","M","?","R","B",null,"R","$","E","B"],"character_chosen":"DEFECT","items_purchased":["Loop","Glacier","OrangePellets","Force Field","Panacea"],"campfire_rested":1,"item_purchase_floors":[5,20,27,39,53],"current_hp_per_floor":[75,75,75,75,75,75,75,47,47,46,46,55,48,54,54,47,75,72,75,75,75,75,51,51,51,51,51,51,25,34,39,61,24,75,72,75,75,67,67,67,67,67,67,67,42,45,62,62,62,47,75,75,75,21,0],"gold":40,"neow_bonus":"TRANSFORM_CARD","is_prod":false,"is_daily":false,"chose_seed":false,"campfire_upgraded":8,"win_rate":0,"timestamp":1552700435,"path_taken":["M","M","?","M","$","R","?","E","T","M","R","M","?","M","R","BOSS","M","M","$","M","M","E","R","?","T","$","R","M","M","M","R","BOSS","M","M","?","M","$","R","?","R","T","?","?","M","M","?","R","BOSS","R","$","E","BOSS"],"build_version":"2019-01-23","purchased_purges":3,"victory":false,"max_hp_per_floor":[75,75,75,75,75,75,75,75,75,75,75,75,75,75,75,75,75,75,75,75,75,75,75,75,75,75,75,75,75,75,75,75,75,75,75,75,75,75,75,75,75,75,75,75,75,75,75,75,75,75,75,75,75,75,75],"card_choices":[{"not_picked":["Cold Snap","Hologram"],"picked":"Glacier","floor":1},{"not_picked":["Redo","Coolheaded"],"picked":"Cold Snap","floor":2},{"not_picked":["Reprogram","Undo"],"picked":"Leap","floor":4},{"not_picked":["Tempest","Steam"],"picked":"Go for the Eyes","floor":8},{"not_picked":["Turbo","Sweeping Beam"],"picked":"Self Repair","floor":10},{"not_picked":["Compile Driver","Turbo"],"picked":"Defragment","floor":12},{"not_picked":["Hyperbeam","Steam"],"picked":"Blizzard","floor":14},{"not_picked":["Multi-Cast","Hyperbeam"],"picked":"Creative AI","floor":16},{"not_picked":["Barrage","Compile Driver"],"picked":"Melter","floor":18},{"not_picked":["Rip and Tear","Steam Power"],"picked":"Force Field","floor":19},{"not_picked":["Doom and Gloom","Turbo+1"],"picked":"Loop+1","floor":21},{"not_picked":["Turbo","Machine Learning"],"picked":"Stack+1","floor":22},{"not_picked":["Sunder","Sweeping Beam","Streamline"],"picked":"SKIP","floor":23},{"not_picked":["Hologram+1","Barrage","Melter+1"],"picked":"SKIP","floor":29},{"not_picked":["Rebound","Compile Driver","Beam Cell"],"picked":"SKIP","floor":30},{"not_picked":["Steam+1","Go for the Eyes","Amplify"],"picked":"SKIP","floor":31},{"not_picked":["All For One","Creative AI"],"picked":"Rainbow","floor":33},{"not_picked":["Coolheaded","Self Repair"],"picked":"Defragment","floor":35},{"not_picked":["Redo","Conserve Battery","Stack"],"picked":"SKIP","floor":36},{"not_picked":["Compile Driver","Storm+1","Gash+1"],"picked":"SKIP","floor":38},{"not_picked":["Turbo+1","Redo+1"],"picked":"Electrodynamics","floor":45},{"not_picked":["Barrage","Go for the Eyes","Cold Snap+1"],"picked":"SKIP","floor":46},{"not_picked":["Blizzard+1","Steam+1","Genetic Algorithm"],"picked":"SKIP","floor":47},{"not_picked":["Master of Strategy","Flash of Steel"],"picked":"Secret Technique","floor":48},{"not_picked":["Chill","Turbo","Fusion"],"picked":"SKIP","floor":54}],"player_experience":477264,"relics_obtained":[{"floor":8,"key":"Bag of Preparation"},{"floor":9,"key":"Letter Opener"},{"floor":23,"key":"Boot"},{"floor":43,"key":"MawBank"},{"floor":54,"key":"Shuriken"}],"event_choices":[{"cards_removed":["Strike_B"],"damage_healed":0,"gold_gain":0,"player_choice":"Card Removal","damage_taken":0,"max_hp_gain":0,"max_hp_loss":0,"event_name":"The Cleric","floor":3,"gold_loss":50},{"damage_healed":0,"gold_gain":0,"player_choice":"Grow","damage_taken":0,"max_hp_gain":0,"max_hp_loss":0,"event_name":"Living Wall","floor":7,"gold_loss":0,"cards_upgraded":["Zap"]},{"damage_healed":0,"gold_gain":0,"player_choice":"Success","damage_taken":7,"relics_obtained":["Oddly Smooth Stone"],"max_hp_gain":0,"max_hp_loss":0,"event_name":"Scrap Ooze","floor":13,"gold_loss":0},{"damage_healed":0,"gold_gain":0,"cards_transformed":["Defend_B","Strike_B"],"player_choice":"Became Test Subject","damage_taken":0,"max_hp_gain":0,"max_hp_loss":0,"event_name":"Drug Dealer","floor":25,"gold_loss":0,"cards_obtained":["Genetic Algorithm","Thunder Strike"]},{"damage_healed":0,"gold_gain":0,"player_choice":"Ignored","damage_taken":0,"max_hp_gain":0,"max_hp_loss":0,"event_name":"Mysterious Sphere","floor":37,"gold_loss":0},{"cards_removed":["Melter"],"damage_healed":0,"gold_gain":0,"player_choice":"Removed Attack","damage_taken":0,"max_hp_gain":0,"max_hp_loss":0,"event_name":"Falling","floor":41,"gold_loss":0},{"damage_healed":0,"gold_gain":0,"player_choice":"1 cards matched","damage_taken":0,"max_hp_gain":0,"max_hp_loss":0,"event_name":"Match and Keep!","floor":44,"gold_loss":0,"cards_obtained":["Blind"]},{"damage_healed":0,"gold_gain":0,"player_choice":"Memory 1","damage_taken":0,"max_hp_gain":0,"max_hp_loss":0,"event_name":"SensoryStone","floor":48,"gold_loss":0}],"is_beta":false,"boss_relics":[{"not_picked":["Velvet Choker","White Beast Statue"],"picked":"Snecko Eye"},{"not_picked":["Pandora\u0027s Box","Nuclear Battery"],"picked":"Lizard Tail"}],"items_purged_floors":[20,39,53],"is_endless":false,"potions_floor_spawned":[1,2,8,10,18,19,22,30,31,38,46],"killed_by":"The Heart","ascension_level":0}