{"gold_per_floor":[369,70,70,70,88,88,118,118,118,118,136,154,169,195,195,298,298,310,410,102,102,116,127,127,154,207,207,218,244,194,194,194,297,297,317,317,317,317,317,317,342,342,342,342,95,115,132,151,151,151],"floor_reached":50,"playtime":2929,"items_purged":["Strike_G","Decay"],"score":761,"play_id":"f852d12c-af62-4140-907c-38871696aff9","local_time":"20190221004402","is_ascension_mode":true,"campfire_choices":[{"data":"1","floor":6,"key":"LIFT"},{"floor":8,"key":"REST"},{"floor":15,"key":"REST"},{"floor":24,"key":"REST"},{"data":"2","floor":27,"key":"LIFT"},{"floor":32,"key":"REST"},{"data":"3","floor":40,"key":"LIFT"},{"data":"Noxious Fumes","floor":42,"key":"SMITH"},{"floor":44,"key":"REST"},{"floor":49,"key":"REST"}],"neow_cost":"PERCENT_DAMAGE","seed_source_timestamp":453375148370908,"circlet_count":0,"master_deck":["Defend_G","Defend_G","Defend_G","Defend_G","Defend_G","Strike_G","Strike_G","Survivor","Neutralize","Dagger Spray","Adrenaline","Poisoned Stab","Dagger Spray","All Out Attack","Caltrops","Dagger Spray","A Thousand Cuts","Unload","Noxious Fumes+1","Phantasmal Killer","Deadly Poison+1","Madness","Madness","Magnetism","Panache","Dagger Throw+1"],"relics":["Ring of the Snake","Girya","WarpedTongs","Lantern","Ornamental Fan","Art of War","Busted Crown","Ice Cream","Shuriken","PreservedInsect","Strawberry","Dead Branch","Smiling Mask","Bottled Flame","Cursed Key","Nunchaku","Regal Pillow"],"potions_floor_usage":[14,23,25,33,47,50,50,50],"damage_taken":[{"damage":1,"enemies":"Cultist","floor":1,"turns":4},{"damage":5,"enemies":"Jaw Worm","floor":5,"turns":3},{"damage":26,"enemies":"3 Sentries","floor":7,"turns":6},{"damage":0,"enemies":"2 Louse","floor":11,"turns":1},{"damage":0,"enemies":"Exordium Wildlife","floor":12,"turns":3},{"damage":0,"enemies":"Gremlin Gang","floor":13,"turns":1},{"damage":0,"enemies":"Gremlin Nob","floor":14,"turns":4},{"damage":10,"enemies":"Hexaghost","floor":16,"turns":9},{"damage":6,"enemies":"2 Thieves","floor":18,"turns":3},{"damage":14,"enemies":"Colosseum Slavers","floor":19,"turns":2},{"damage":12,"enemies":"Colosseum Nobs","floor":19,"turns":3},{"damage":0,"enemies":"3 Byrds","floor":22,"turns":3},{"damage":3,"enemies":"Cultist and Chosen","floor":23,"turns":3},{"damage":14,"enemies":"Gremlin Leader","floor":25,"turns":2},{"damage":0,"enemies":"Snecko","floor":28,"turns":2},{"damage":13,"enemies":"Book of Stabbing","floor":29,"turns":4},{"damage":27,"enemies":"Automaton","floor":33,"turns":5},{"damage":14,"enemies":"3 Darklings","floor":35,"turns":3},{"damage":0,"enemies":"Reptomancer","floor":41,"turns":3},{"damage":1,"enemies":"3 Shapes","floor":46,"turns":3},{"damage":22,"enemies":"3 Darklings","floor":47,"turns":3},{"damage":13,"enemies":"Jaw Worm Horde","floor":48,"turns":3},{"damage":124,"enemies":"Time Eater","floor":50,"turns":9}],"seed_played":"-2329407033468250711","potions_obtained":[{"floor":11,"key":"Ancient Potion"},{"floor":12,"key":"Block Potion"},{"floor":13,"key":"FearPotion"},{"floor":19,"key":"LiquidBronze"},{"floor":25,"key":"PowerPotion"},{"floor":35,"key":"FearPotion"},{"floor":41,"key":"Explosive Potion"},{"floor":46,"key":"Block Potion"},{"floor":48,"key":"Regen Potion"}],"is_trial":false,"path_per_floor":["M","$","?","?","M","R","E","R","T","?","M","M","M","E","R","B",null,"M","?","$","?","M","M","R","E","T","R","M","E","$","?","R","B",null,"M","?","?","?","?","R","E","R","T","R","$","M","M","M","R","B"],"character_chosen":"THE_SILENT","items_purchased":["Girya","PreservedInsect","Strawberry","Panache"],"campfire_rested":6,"item_purchase_floors":[2,20,20,45],"current_hp_per_floor":[44,44,44,44,39,39,13,34,34,27,27,27,27,27,48,38,62,56,30,37,37,37,34,57,43,43,43,43,30,30,30,53,26,64,50,50,50,40,40,40,40,40,40,77,77,76,54,41,77,0],"gold":151,"neow_bonus":"TWO_FIFTY_GOLD","is_prod":false,"is_daily":false,"chose_seed":false,"campfire_upgraded":1,"win_rate":0,"timestamp":1550738642,"path_taken":["M","$","?","?","?","R","E","R","T","?","M","M","M","E","R","BOSS","M","?","$","?","?","M","R","E","T","R","M","E","$","?","R","BOSS","M","?","?","?","?","R","E","R","T","R","$","M","?","M","R","BOSS"],"build_version":"2019-01-23","purchased_purges":2,"victory":false,"max_hp_per_floor":[70,70,70,70,70,70,70,70,70,70,70,70,70,70,70,70,70,70,70,77,77,77,77,77,77,77,77,77,77,77,77,77,77,77,77,77,77,77,77,77,77,77,77,77,77,77,77,77,77,77],"card_choices":[{"not_picked":["Blade Dance","Slice"],"picked":"Dagger Spray","floor":1},{"not_picked":["Prepared","Underhanded Strike"],"picked":"Poisoned Stab","floor":5},{"not_picked":["Predator","Escape Plan"],"picked":"Dagger Spray","floor":7},{"not_picked":["Deadly Poison","Bane"],"picked":"All Out Attack","floor":11},{"not_picked":["Backstab","Accuracy"],"picked":"Caltrops","floor":12},{"not_picked":["PiercingWail","Malaise"],"picked":"Dagger Spray","floor":13},{"not_picked":["Poisoned Stab","Backflip"],"picked":"A Thousand Cuts","floor":14},{"not_picked":["Burst","Grand Finale"],"picked":"Unload","floor":16},{"not_picked":["Acrobatics+1"],"picked":"SKIP","floor":18},{"not_picked":["Acrobatics"],"picked":"SKIP","floor":22},{"not_picked":["Catalyst"],"picked":"SKIP","floor":23},{"not_picked":[],"picked":"Noxious Fumes","floor":25},{"not_picked":["Sucker Punch"],"picked":"SKIP","floor":28},{"not_picked":["Crippling Poison"],"picked":"SKIP","floor":29},{"not_picked":[],"picked":"Phantasmal Killer","floor":33},{"not_picked":[],"picked":"Deadly Poison+1","floor":35},{"not_picked":[],"picked":"Magnetism","floor":39},{"not_picked":["Choke+1"],"picked":"SKIP","floor":41},{"not_picked":["Dagger Spray"],"picked":"SKIP","floor":46},{"not_picked":["PiercingWail+1"],"picked":"SKIP","floor":47},{"not_picked":[],"picked":"Dagger Throw+1","floor":48}],"player_experience":308308,"relics_obtained":[{"floor":7,"key":"Lantern"},{"floor":9,"key":"Ornamental Fan"},{"floor":14,"key":"Art of War"},{"floor":19,"key":"Ice Cream"},{"floor":19,"key":"Shuriken"},{"floor":25,"key":"Dead Branch"},{"floor":26,"key":"Smiling Mask"},{"floor":29,"key":"Bottled Flame"},{"floor":41,"key":"Nunchaku"},{"floor":43,"key":"Regal Pillow"}],"event_choices":[{"damage_healed":0,"gold_gain":0,"cards_transformed":["Strike_G"],"player_choice":"Change","damage_taken":0,"max_hp_gain":0,"max_hp_loss":0,"event_name":"Living Wall","floor":3,"gold_loss":0,"cards_obtained":["Adrenaline"]},{"damage_healed":0,"gold_gain":0,"player_choice":"Rummage","damage_taken":0,"relics_obtained":["WarpedTongs"],"max_hp_gain":0,"max_hp_loss":0,"event_name":"Accursed Blacksmith","floor":4,"gold_loss":0,"cards_obtained":["Pain"]},{"cards_removed":["Pain"],"damage_healed":0,"gold_gain":0,"player_choice":"Card Removal","damage_taken":7,"max_hp_gain":0,"max_hp_loss":0,"event_name":"Golden Wing","floor":10,"gold_loss":0},{"damage_healed":0,"gold_gain":0,"player_choice":"Fight","damage_taken":0,"max_hp_gain":0,"max_hp_loss":0,"event_name":"Colosseum","floor":19,"gold_loss":0},{"damage_healed":0,"gold_gain":0,"player_choice":"Fought Nobs","damage_taken":0,"max_hp_gain":0,"max_hp_loss":0,"event_name":"Colosseum","floor":19,"gold_loss":0},{"damage_healed":0,"gold_gain":0,"player_choice":"Ignored","damage_taken":0,"max_hp_gain":0,"max_hp_loss":0,"event_name":"N\u0027loth","floor":21,"gold_loss":0},{"damage_healed":0,"gold_gain":0,"player_choice":"Ignored","damage_taken":0,"max_hp_gain":0,"max_hp_loss":0,"event_name":"Cursed Tome","floor":31,"gold_loss":0},{"damage_healed":0,"gold_gain":0,"player_choice":"Ignored","damage_taken":0,"max_hp_gain":0,"max_hp_loss":0,"event_name":"Tomb of Lord Red Mask","floor":36,"gold_loss":0},{"cards_removed":["Strike_G"],"damage_healed":0,"gold_gain":0,"player_choice":"Removed Attack","damage_taken":0,"max_hp_gain":0,"max_hp_loss":0,"event_name":"Falling","floor":37,"gold_loss":0},{"damage_healed":0,"gold_gain":0,"player_choice":"Embrace Madness","damage_taken":10,"max_hp_gain":0,"max_hp_loss":0,"event_name":"Winding Halls","floor":38,"gold_loss":0,"cards_obtained":["Madness","Madness"]},{"damage_healed":0,"gold_gain":0,"player_choice":"Memory 1","damage_taken":0,"max_hp_gain":0,"max_hp_loss":0,"event_name":"SensoryStone","floor":39,"gold_loss":0}],"is_beta":false,"boss_relics":[{"not_picked":["Pandora\u0027s Box","Fusion Hammer"],"picked":"Busted Crown"},{"not_picked":["Empty Cage","HoveringKite"],"picked":"Cursed Key"}],"items_purged_floors":[30,45],"is_endless":false,"potions_floor_spawned":[11,12,13,19,19,25,35,41,46,48],"killed_by":"Time Eater","ascension_level":6}