{"gold_per_floor":[113,124,124,124,137,137,171,25,48,60,50,77,89,89,101,113],"floor_reached":16,"playtime":453,"items_purged":[],"score":120,"play_id":"51209336-116b-4f32-8bf8-921defd0f018","local_time":"20190227105900","is_ascension_mode":true,"campfire_choices":[{"data":"Bash","floor":6,"key":"SMITH"},{"floor":13,"key":"REST"},{"data":"Disarm","floor":15,"key":"SMITH"}],"neow_cost":"NONE","seed_source_timestamp":54093563959655,"circlet_count":0,"master_deck":["Strike_R","Strike_R","Strike_R","Strike_R","Strike_R","Defend_R","Defend_R+1","Defend_R","Defend_R","Bash+1","Whirlwind+1","Flame Barrier","Disarm+1","Thunderclap"],"relics":["Burning Blood","Art of War","Dream Catcher","Vajra","MawBank"],"potions_floor_usage":[12],"damage_taken":[{"damage":4,"enemies":"Small Slimes","floor":1,"turns":4},{"damage":12,"enemies":"Jaw Worm","floor":2,"turns":3},{"damage":1,"enemies":"Cultist","floor":5,"turns":3},{"damage":45,"enemies":"Lagavulin","floor":7,"turns":8},{"damage":0,"enemies":"2 Fungi Beasts","floor":12,"turns":6},{"damage":11,"enemies":"Exordium Thugs","floor":14,"turns":4},{"damage":40,"enemies":"The Guardian","floor":16,"turns":6}],"seed_played":"244640400626497257","potions_obtained":[{"floor":1,"key":"Swift Potion"},{"floor":2,"key":"PowerPotion"},{"floor":12,"key":"Poison Potion"}],"is_trial":false,"path_per_floor":["M","M","?","?","M","R","E","$","T","$","?","M","R","M","R","B"],"character_chosen":"IRONCLAD","items_purchased":["Vajra"],"campfire_rested":1,"item_purchase_floors":[8],"current_hp_per_floor":[88,82,64,46,51,51,12,12,12,12,12,18,44,39,39,0],"gold":113,"neow_bonus":"TEN_PERCENT_HP_BONUS","is_prod":false,"is_daily":false,"chose_seed":false,"campfire_upgraded":2,"win_rate":0,"timestamp":1551286740,"path_taken":["M","M","?","?","M","R","E","$","T","$","?","?","R","M","R","BOSS"],"build_version":"2019-01-23","purchased_purges":0,"victory":false,"max_hp_per_floor":[88,88,88,88,88,88,88,88,88,88,88,88,88,88,88,88],"card_choices":[{"not_picked":["Shockwave","Second Wind"],"picked":"Whirlwind","floor":1},{"not_picked":["Havoc","Dropkick","Wild Strike"],"picked":"SKIP","floor":2},{"not_picked":["Anger","Carnage"],"picked":"Flame Barrier","floor":5},{"not_picked":["Barricade","Infernal Blade"],"picked":"Disarm","floor":7},{"not_picked":["Heavy Blade","Clash"],"picked":"Thunderclap","floor":12},{"not_picked":["Havoc","Rupture","Bloodletting"],"picked":"SKIP","floor":14}],"player_experience":255811,"relics_obtained":[{"floor":7,"key":"Dream Catcher"},{"floor":9,"key":"MawBank"}],"event_choices":[{"damage_healed":0,"gold_gain":0,"player_choice":"Success","damage_taken":18,"relics_obtained":["Art of War"],"max_hp_gain":0,"max_hp_loss":0,"event_name":"Scrap Ooze","floor":3,"gold_loss":0},{"damage_healed":0,"gold_gain":0,"player_choice":"Entered Light","damage_taken":18,"max_hp_gain":0,"max_hp_loss":0,"event_name":"Shining Light","floor":4,"gold_loss":0,"cards_upgraded":["Whirlwind","Defend_R"]},{"damage_healed":0,"gold_gain":0,"player_choice":"Left Gold","damage_taken":0,"max_hp_gain":0,"max_hp_loss":0,"event_name":"World of Goop","floor":11,"gold_loss":22}],"is_beta":false,"boss_relics":[],"items_purged_floors":[],"is_endless":false,"potions_floor_spawned":[1,2,12],"killed_by":"The Guardian","ascension_level":4}