{"path_per_floor":["M","M","?","?","?","R","E","M","T","$","R","E","T","?","R","B",null,"M","?","M","?"],"character_chosen":"DEFECT","items_purchased":["Barrage"],"gold_per_floor":[111,131,131,131,131,131,165,182,182,80,80,111,188,363,363,458,458,477,392,409,409,409],"floor_reached":22,"campfire_rested":0,"playtime":1053,"current_hp_per_floor":[74,74,74,74,74,74,64,67,67,67,67,60,60,60,60,33,75,41,41,12,37,0],"items_purged":["Regret"],"gold":409,"score":200,"play_id":"49075329-97a3-4a2d-8cb8-993cdb6c8296","local_time":"20180426213717","is_prod":false,"is_daily":false,"chose_seed":false,"is_ascension_mode":true,"campfire_upgraded":2,"timestamp":1524789437,"path_taken":["M","M","?","?","?","R","E","M","T","$","R","E","?","?","R","BOSS","M","?","M","?","?"],"build_version":"2018-04-26","seed_source_timestamp":58070346204444,"purchased_purges":1,"victory":false,"master_deck":["Strike_B","Strike_B","Defend_B","Defend_B+1","Defend_B","Defend_B+1","Zap","Dualcast+1","Buffer","Beam Cell+1","Self Repair","Sweeping Beam","Defragment+1","Barrage","Genetic Algorithm","Doubt","Creative AI","Parasite","Writhe","Writhe","Heatsinks"],"max_hp_per_floor":[75,75,75,75,75,75,75,75,75,75,75,75,75,75,75,75,75,75,75,77,77,77],"relics":["Cracked Core","Dead Branch","Singing Bowl","Unceasing Top","Girya","Bottled Lightning","Calling Bell","War Paint","Matryoshka","Torii","Bag of Preparation"],"card_choices":[{"not_picked":["Loop","Impulse"],"picked":"Buffer","floor":1},{"not_picked":["Ball Lightning","Tempest"],"picked":"Beam Cell","floor":2},{"not_picked":["Streamline","Stack"],"picked":"Sweeping Beam","floor":7},{"not_picked":["Reprogram","Axe Kick"],"picked":"Defragment","floor":8},{"not_picked":["Doom and Gloom","Barrage"],"picked":"Genetic Algorithm","floor":12},{"not_picked":["All For One","Biased Cognition"],"picked":"Creative AI","floor":16},{"not_picked":["Sweeping Beam","Hello World"],"picked":"Heatsinks","floor":18}],"player_experience":754174,"potions_floor_usage":[7,12],"damage_taken":[{"damage":1,"enemies":"Small Slimes","floor":1,"turns":3},{"damage":0,"enemies":"Cultist","floor":2,"turns":4},{"damage":17,"enemies":"Gremlin Nob","floor":7,"turns":5},{"damage":4,"enemies":"Jaw Worm","floor":8,"turns":3},{"damage":29,"enemies":"3 Sentries","floor":12,"turns":8},{"damage":27,"enemies":"Slime Boss","floor":16,"turns":8},{"damage":41,"enemies":"Spheric Guardian","floor":18,"turns":6},{"damage":38,"enemies":"Shell Parasite","floor":20,"turns":9},{"damage":37,"enemies":"Snake Plant","floor":22,"turns":4}],"event_choices":[{"event_name":"Upgrade Shrine","player_choice":"Upgraded","floor":3,"damage_taken":0},{"event_name":"Transmorgrifier","player_choice":"Transform","floor":4,"damage_taken":0},{"event_name":"Big Fish","player_choice":"Box","floor":5,"damage_taken":0},{"event_name":"Liars Game","player_choice":"agreed","floor":14,"damage_taken":0},{"event_name":"Addict","player_choice":"Obtained Relic","floor":19,"damage_taken":0},{"event_name":"The Library","player_choice":"Heal","floor":21,"damage_taken":0}],"boss_relics":[{"not_picked":["Snecko Eye","Eternal Feather"],"picked":"Calling Bell"}],"potions_floor_spawned":[1,2],"seed_played":"-8657946429107038296","killed_by":"Snake Plant","ascension_level":1,"is_trial":false}