{"gold_per_floor":[114,114,16,16,27,27,38,50,50,78,78,97,110,121,121,225,225,236,7,25,25,25,59,59,84,109,123,173,173,173,185,185,281,281,296,296,62,75,86,86,116,16,16,16,26,26,40,94,94,94,94,94,24,55,55],"floor_reached":55,"playtime":7776,"items_purged":["Pain"],"score":941,"play_id":"c17b22af-1ae1-4926-8d46-4baee15f41b1","local_time":"20190201003622","is_ascension_mode":true,"campfire_choices":[{"floor":6,"key":"RECALL"},{"floor":11,"key":"REST"},{"data":"Neutralize","floor":15,"key":"SMITH"},{"data":"Bullet Time","floor":24,"key":"SMITH"},{"data":"Sucker Punch","floor":29,"key":"SMITH"},{"data":"Backflip","floor":32,"key":"SMITH"},{"data":"Bite","floor":40,"key":"SMITH"},{"data":"Bite","floor":44,"key":"SMITH"},{"data":"Bite","floor":46,"key":"SMITH"},{"data":"Endless Agony","floor":49,"key":"SMITH"},{"data":"Defend_G","floor":52,"key":"SMITH"}],"neow_cost":"CURSE","seed_source_timestamp":898744686315142,"circlet_count":0,"master_deck":["Defend_G","Defend_G+1","Defend_G+1","Defend_G","Defend_G+1","Survivor","Neutralize+1","Backflip+1","Dagger Throw","Flying Knee+1","Well Laid Plans+1","Infinite Blades+1","Bullet Time+1","Endless Agony+1","Sucker Punch+1","After Image+1","Quick Slash+1","Noxious Fumes+1","Dash+1","Bite+1","Bite+1","Bite+1","Bite+1","Bite","Shame","Blade Dance+1","Backflip+1","Accuracy+1","A Thousand Cuts+1","Catalyst+1","Flash of Steel","Magnetism+1","Slice+1","Backstab+1","Blade Dance+1","Prepared+1","Terror+1","Infinite Blades+1","A Thousand Cuts+1"],"relics":["Ring of the Snake","Frozen Egg 2","Sundial","Oddly Smooth Stone","WristBlade","Blue Candle","Matryoshka","Snake Skull","Happy Flower","Potion Belt","Ancient Tea Set","Coffee Dripper","Strawberry","War Paint","Dodecahedron","PreservedInsect","Whetstone"],"potions_floor_usage":[10,10,16,16,20,23,23,33,41,48,50,54,55],"damage_taken":[{"damage":11,"enemies":"Cultist","floor":1,"turns":5},{"damage":0,"enemies":"2 Louse","floor":5,"turns":3},{"damage":6,"enemies":"Jaw Worm","floor":7,"turns":6},{"damage":20,"enemies":"Lots of Slimes","floor":8,"turns":5},{"damage":26,"enemies":"Lagavulin","floor":10,"turns":9},{"damage":3,"enemies":"3 Louse","floor":12,"turns":4},{"damage":0,"enemies":"2 Fungi Beasts","floor":13,"turns":3},{"damage":2,"enemies":"Looter","floor":14,"turns":3},{"damage":11,"enemies":"Hexaghost","floor":16,"turns":9},{"damage":5,"enemies":"Shell Parasite","floor":18,"turns":4},{"damage":7,"enemies":"Spheric Guardian","floor":20,"turns":3},{"damage":15,"enemies":"Book of Stabbing","floor":23,"turns":6},{"damage":18,"enemies":"Centurion and Healer","floor":27,"turns":5},{"damage":0,"enemies":"Cultist and Chosen","floor":31,"turns":4},{"damage":7,"enemies":"Automaton","floor":33,"turns":8},{"damage":24,"enemies":"3 Darklings","floor":35,"turns":4},{"damage":5,"enemies":"Orb Walker","floor":38,"turns":3},{"damage":8,"enemies":"Sphere and 2 Shapes","floor":39,"turns":4},{"damage":1,"enemies":"Nemesis","floor":41,"turns":7},{"damage":1,"enemies":"Transient","floor":45,"turns":5},{"damage":29,"enemies":"Maw","floor":47,"turns":5},{"damage":23,"enemies":"Reptomancer","floor":48,"turns":5},{"damage":39,"enemies":"Awakened One","floor":50,"turns":8},{"damage":32,"enemies":"Shield and Spear","floor":54,"turns":3},{"damage":66,"enemies":"The Heart","floor":55,"turns":3}],"seed_played":"1324518735539639819","potions_obtained":[{"floor":1,"key":"Explosive Potion"},{"floor":7,"key":"FearPotion"},{"floor":10,"key":"EntropicBrew"},{"floor":12,"key":"Strength Potion"},{"floor":16,"key":"AttackPotion"},{"floor":31,"key":"Weak Potion"},{"floor":35,"key":"FearPotion"},{"floor":39,"key":"SpeedPotion"},{"floor":48,"key":"Fire Potion"},{"floor":54,"key":"Fire Potion"}],"is_trial":false,"path_per_floor":["M","T","$","?","M","R","M","M","T","E","R","M","M","M","R","B",null,"M","$","M","?","?","E","R","T","T","M","?","R","$","M","R","B",null,"M","?","$","M","M","R","E","?","T","R","M","R","M","E","R","B",null,"R","$","E","B"],"character_chosen":"THE_SILENT","items_purchased":["Dagger Throw","Blood Vial","Noxious Fumes+1","Magnetism+1","GhostInAJar","Infinite Blades+1"],"campfire_rested":1,"item_purchase_floors":[3,19,19,37,37,53],"current_hp_per_floor":[73,73,73,70,70,70,64,44,44,18,43,40,40,38,38,27,84,79,79,74,74,74,67,67,67,67,59,59,59,59,69,69,78,84,64,64,64,63,59,59,79,79,79,79,88,88,75,60,60,34,91,91,91,61,0],"gold":55,"neow_bonus":"TWENTY_PERCENT_HP_BONUS","is_prod":false,"is_daily":false,"chose_seed":false,"campfire_upgraded":9,"win_rate":0,"timestamp":1549010182,"path_taken":["M","?","?","?","M","R","M","M","T","E","R","M","?","M","R","BOSS","M","?","M","?","?","E","R","?","T","M","?","R","$","M","R","BOSS","M","?","$","M","M","R","E","?","T","R","M","R","M","E","R","BOSS","R","$","E","BOSS"],"build_version":"2019-01-23","purchased_purges":1,"victory":false,"max_hp_per_floor":[84,84,84,84,84,84,84,84,84,84,84,84,84,84,84,84,84,84,84,84,84,84,84,84,84,84,84,84,84,84,84,84,84,84,84,84,84,84,84,84,91,91,91,91,91,91,91,91,91,91,91,91,91,91,91],"card_choices":[{"not_picked":["Blade Dance","Leg Sweep"],"picked":"Backflip","floor":1},{"not_picked":["Choke","Acrobatics","PiercingWail"],"picked":"SKIP","floor":5},{"not_picked":["Acrobatics","Finisher"],"picked":"Flying Knee","floor":7},{"not_picked":["Dagger Throw","Bouncing Flask"],"picked":"Well Laid Plans+1","floor":8},{"not_picked":["Endless Agony","Riddle With Holes"],"picked":"Infinite Blades+1","floor":10},{"not_picked":["Flying Knee","Poisoned Stab"],"picked":"Bullet Time","floor":12},{"not_picked":["Dodge and Roll","Bane"],"picked":"Endless Agony","floor":13},{"not_picked":["Prepared","Dodge and Roll"],"picked":"Sucker Punch","floor":14},{"not_picked":["Phantasmal Killer","Doppelganger"],"picked":"After Image+1","floor":16},{"not_picked":["Blade Dance","Dodge and Roll"],"picked":"Quick Slash+1","floor":18},{"not_picked":["Dagger Throw","Deflect+1"],"picked":"Dash+1","floor":20},{"not_picked":["Flying Knee","Underhanded Strike"],"picked":"Blade Dance+1","floor":23},{"not_picked":["Bane","Quick Slash"],"picked":"Backflip+1","floor":27},{"not_picked":["Sucker Punch","Poisoned Stab+1"],"picked":"Accuracy+1","floor":31},{"not_picked":["Night Terror","Malaise"],"picked":"A Thousand Cuts+1","floor":33},{"not_picked":["Quick Slash","Well Laid Plans+1"],"picked":"Catalyst+1","floor":35},{"not_picked":["Enlightenment","Secret Weapon"],"picked":"Flash of Steel","floor":36},{"not_picked":["Prepared","Underhanded Strike+1"],"picked":"Slice+1","floor":38},{"not_picked":["Dagger Throw","Slice"],"picked":"Backstab+1","floor":39},{"not_picked":["Poisoned Stab+1","Wraith Form v2+1"],"picked":"Blade Dance+1","floor":41},{"not_picked":["Deflect+1","Underhanded Strike+1","Deadly Poison"],"picked":"SKIP","floor":45},{"not_picked":["Eviscerate","Deflect"],"picked":"Prepared+1","floor":47},{"not_picked":["Cloak And Dagger","Poisoned Stab+1"],"picked":"Terror+1","floor":48},{"not_picked":["Endless Agony","Prepared"],"picked":"A Thousand Cuts+1","floor":54}],"player_experience":210728,"relics_obtained":[{"floor":9,"key":"Sundial"},{"floor":10,"key":"Oddly Smooth Stone"},{"floor":23,"key":"Matryoshka"},{"floor":25,"key":"Snake Skull"},{"floor":25,"key":"Happy Flower"},{"floor":26,"key":"Potion Belt"},{"floor":26,"key":"Ancient Tea Set"},{"floor":41,"key":"Strawberry"},{"floor":43,"key":"Dodecahedron"},{"floor":48,"key":"PreservedInsect"},{"floor":54,"key":"Whetstone"}],"event_choices":[{"damage_healed":0,"gold_gain":0,"player_choice":"Success","damage_taken":3,"relics_obtained":["Frozen Egg 2"],"max_hp_gain":0,"max_hp_loss":0,"event_name":"Scrap Ooze","floor":4,"gold_loss":0},{"damage_healed":0,"gold_gain":0,"player_choice":"Became a vampire (Vial)","damage_taken":0,"max_hp_gain":0,"max_hp_loss":0,"event_name":"Vampires","floor":21,"relics_lost":["Blood Vial"],"gold_loss":0,"cards_obtained":["Bite","Bite","Bite","Bite","Bite"]},{"damage_healed":0,"gold_gain":0,"player_choice":"Stole Relic","damage_taken":0,"relics_obtained":["Blue Candle"],"max_hp_gain":0,"max_hp_loss":0,"event_name":"Addict","floor":22,"gold_loss":0,"cards_obtained":["Shame"]},{"damage_healed":0,"gold_gain":100,"player_choice":"Bet on Murderer","damage_taken":0,"max_hp_gain":0,"max_hp_loss":0,"event_name":"The Joust","floor":28,"gold_loss":50},{"damage_healed":0,"gold_gain":0,"player_choice":"Memory 1","damage_taken":0,"max_hp_gain":0,"max_hp_loss":0,"event_name":"SensoryStone","floor":36,"gold_loss":0},{"damage_healed":0,"gold_gain":0,"player_choice":"Paid Gold","damage_taken":0,"relics_obtained":["War Paint"],"max_hp_gain":0,"max_hp_loss":0,"event_name":"WeMeetAgain","floor":42,"gold_loss":100}],"is_beta":false,"boss_relics":[{"not_picked":["Velvet Choker","Orrery"],"picked":"WristBlade"},{"not_picked":["Snecko Eye","Ring of the Serpent"],"picked":"Coffee Dripper"}],"items_purged_floors":[3],"is_endless":false,"potions_floor_spawned":[1,7,10,12,16,18,31,35,39,48,54],"killed_by":"The Heart","ascension_level":4}