{"path_per_floor":["M","?","?","$","?","E","M","R","T","R","?","?","M","M","R","B",null,"M","M","?"],"character_chosen":"THE_SILENT","items_purchased":["Madness"],"gold_per_floor":[111,111,111,17,192,222,236,236,236,236,236,236,255,266,266,366,366,352,364,364],"floor_reached":21,"campfire_rested":2,"playtime":876,"current_hp_per_floor":[63,56,31,31,31,31,31,52,52,52,52,38,38,37,58,28,60,45,34,34],"items_purged":[],"gold":364,"score":273,"play_id":"7683364a-b571-4be1-aa87-a1c490d56062","is_prod":false,"is_daily":false,"is_ascension_mode":true,"campfire_upgraded":1,"path_taken":["M","?","?","$","?","E","M","R","T","R","?","?","M","M","R","BOSS","M","M","?","?"],"build_version":"2018-02-22-PROD2","purchased_purges":0,"victory":false,"master_deck":["Defend_G","Defend_G","Defend_G","Defend_G","Defend_G","Strike_G","Strike_G","Strike_G","Strike_G+1","Survivor","Neutralize+1","Flying Knee","Madness+1","Dagger Throw","Adrenaline","PiercingWail+1","Blur","Writhe"],"max_hp_per_floor":[70,70,70,70,70,70,70,70,70,70,70,70,70,70,70,70,70,70,70,70],"relics":["Ring of the Snake","NeowsBlessing","Bird Faced Urn","Tingsha","Centennial Puzzle","Sozu","Pen Nib"],"card_choices":[{"not_picked":["Deadly Poison","Cloak And Dagger"],"picked":"Flying Knee"},{"not_picked":["Distraction","Sucker Punch"],"picked":"Dagger Throw"},{"not_picked":["Envenom","Grand Finale"],"picked":"Adrenaline"},{"not_picked":["Sucker Punch","Backflip"],"picked":"PiercingWail"},{"not_picked":["Terror","Outmaneuver"],"picked":"Blur"}],"player_experience":281734,"potions_floor_usage":[],"damage_taken":[{"damage":0,"enemies":"2 Louse","floor":1,"turns":1},{"damage":0,"enemies":"Lagavulin","floor":6,"turns":1},{"damage":0,"enemies":"Small Slimes","floor":7,"turns":1},{"damage":0,"enemies":"Jaw Worm","floor":13,"turns":4},{"damage":1,"enemies":"Looter","floor":14,"turns":2},{"damage":30,"enemies":"Slime Boss","floor":16,"turns":14},{"damage":15,"enemies":"2 Thieves","floor":18,"turns":4},{"damage":11,"enemies":"3 Byrds","floor":19,"turns":8},{"damage":20,"enemies":"Centurion and Healer","floor":21,"turns":10}],"event_choices":[{"event_name":"Golden Wing","player_choice":"Card Removal","floor":2,"damage_taken":0},{"event_name":"Scrap Ooze","player_choice":"success","floor":3,"damage_taken":25},{"event_name":"Liars Game","player_choice":"agreed","floor":5,"damage_taken":0},{"event_name":"Living Wall","player_choice":"Forget","floor":11,"damage_taken":0},{"event_name":"Shining Light","player_choice":"Entered Light","floor":12,"damage_taken":0},{"event_name":"The Mausoleum","player_choice":"Yes","floor":20,"damage_taken":0}],"boss_relics":[{"not_picked":["Astrolabe","Runic Pyramid"],"picked":"Sozu"}],"potions_floor_spawned":[14,18],"seed_played":"4959927068160545029","killed_by":"Centurion and Healer","ascension_level":7,"is_trial":false}