{"gold_per_floor":[115,134,145,105,10,10,38,38,119,139,52,17,17,37,37,37],"floor_reached":16,"playtime":559,"items_purged":[],"score":195,"play_id":"86066b41-c358-4803-8355-ab2ec1ca015f","local_time":"20190309200506","is_ascension_mode":true,"campfire_choices":[{"data":"Blind","floor":6,"key":"SMITH"},{"data":"Footwork","floor":8,"key":"SMITH"},{"data":"Noxious Fumes","floor":13,"key":"SMITH"},{"floor":15,"key":"REST"}],"neow_cost":"NONE","seed_source_timestamp":268387108999591,"circlet_count":0,"master_deck":["AscendersBane","Defend_G","Defend_G","Defend_G","Defend_G","Defend_G","Strike_G","Strike_G","Strike_G","Strike_G","Strike_G","Survivor","Neutralize","Blind+1","Deadly Poison","After Image","Dash","Footwork+1","Blade Dance","Noxious Fumes+1","Escape Plan"],"relics":["Ring of the Snake","Vajra","Darkstone Periapt"],"potions_floor_usage":[7,7,10,16],"damage_taken":[{"damage":4,"enemies":"Cultist","floor":1,"turns":6},{"damage":2,"enemies":"Jaw Worm","floor":2,"turns":6},{"damage":0,"enemies":"2 Louse","floor":3,"turns":4},{"damage":1,"enemies":"Looter","floor":4,"turns":4},{"damage":35,"enemies":"Gremlin Nob","floor":7,"turns":5},{"damage":5,"enemies":"Large Slime","floor":10,"turns":6},{"damage":6,"enemies":"2 Fungi Beasts","floor":14,"turns":4},{"damage":48,"enemies":"Slime Boss","floor":16,"turns":10}],"seed_played":"5225891478881613981","potions_obtained":[{"floor":3,"key":"LiquidBronze"},{"floor":7,"key":"Poison Potion"},{"floor":10,"key":"Dexterity Potion"}],"is_trial":false,"path_per_floor":["M","M","M","M","$","R","E","R","T","M","$","?","R","M","R","B"],"character_chosen":"THE_SILENT","items_purchased":["Footwork","Energy Potion","Noxious Fumes"],"campfire_rested":1,"item_purchase_floors":[5,5,11],"current_hp_per_floor":[55,53,53,52,52,52,17,17,17,12,12,28,28,22,41,0],"gold":37,"neow_bonus":"RANDOM_COLORLESS","is_prod":false,"is_daily":false,"chose_seed":false,"campfire_upgraded":3,"win_rate":0,"timestamp":1552158306,"path_taken":["M","M","M","M","$","R","E","R","T","M","$","?","R","M","R","BOSS"],"build_version":"2019-01-23","purchased_purges":0,"victory":false,"max_hp_per_floor":[66,66,66,66,66,66,66,66,66,66,66,66,66,66,66,66],"card_choices":[{"not_picked":["Prepared","Setup"],"picked":"Deadly Poison","floor":1},{"not_picked":["Prepared","Cloak And Dagger"],"picked":"After Image","floor":2},{"not_picked":["Sucker Punch","Distraction"],"picked":"Dash","floor":3},{"not_picked":["Distraction","Setup","Sucker Punch"],"picked":"SKIP","floor":4},{"not_picked":["Dagger Throw","Calculated Gamble","Quick Slash"],"picked":"SKIP","floor":7},{"not_picked":["Catalyst","Setup"],"picked":"Blade Dance","floor":10},{"not_picked":["Dodge and Roll","Bane"],"picked":"Escape Plan","floor":14}],"player_experience":953814,"relics_obtained":[{"floor":7,"key":"Vajra"},{"floor":9,"key":"Darkstone Periapt"}],"event_choices":[{"damage_healed":16,"gold_gain":0,"player_choice":"Healed","damage_taken":0,"max_hp_gain":0,"max_hp_loss":0,"event_name":"The Cleric","floor":12,"gold_loss":35}],"is_beta":false,"boss_relics":[],"items_purged_floors":[],"is_endless":false,"potions_floor_spawned":[3,7,10],"killed_by":"Slime Boss","ascension_level":19}