{"path_per_floor":["M","$","M","M","?","R","E","?","T","M","R","?","R","M","R","B",null,"M","T","$","?","?","E","M","?","T","R"],"character_chosen":"THE_SILENT","items_purchased":["Infinite Blades","Accuracy"],"gold_per_floor":[118,6,19,37,37,37,66,96,96,108,108,108,108,126,126,254,254,274,327,199,199,199,234,255,255,255,255],"floor_reached":28,"campfire_rested":3,"playtime":1324,"current_hp_per_floor":[63,63,51,43,43,43,14,14,14,13,33,33,33,32,50,34,55,53,53,53,53,43,9,6,6,6,18],"items_purged":["Parasite","Writhe"],"gold":255,"score":400,"play_id":"558005b6-0892-4a2f-937b-171e1262d4f1","local_time":"20180311142650","is_prod":false,"is_daily":false,"is_ascension_mode":true,"campfire_upgraded":2,"timestamp":1520789210,"path_taken":["M","$","M","M","?","R","E","?","T","?","R","?","R","?","R","BOSS","M","?","$","?","?","E","?","?","T","R","M"],"build_version":"2018-03-09","purchased_purges":2,"victory":false,"master_deck":["Defend_G","Defend_G","Defend_G","Defend_G","Survivor","Neutralize+1","PiercingWail","Infinite Blades","Dagger Throw","Dash","Terror+1","Backstab","Storm of Steel","Escape Plan","Accuracy","Noxious Fumes","Bite","Bite","Bite","Bite","Bite","Writhe","Writhe"],"max_hp_per_floor":[70,67,67,67,67,67,67,67,67,67,67,62,62,62,62,62,62,62,62,62,62,43,43,43,43,43,43],"relics":["Ring of the Snake","Smiling Mask","Unceasing Top","Golden Idol","Cursed Key","Snake Skull","Dead Branch","Singing Bowl","Du-Vu Doll"],"card_choices":[{"not_picked":["Dodge and Roll","Slice"],"picked":"PiercingWail"},{"not_picked":["Deadly Poison","Deflect"],"picked":"Dagger Throw"},{"not_picked":["Deflect","Glass Knife"],"picked":"Dash"},{"not_picked":["Leg Sweep","Deadly Poison"],"picked":"Terror"},{"not_picked":["Flying Knee","Cloak And Dagger"],"picked":"Backstab"},{"not_picked":["Grand Finale","Venomology"],"picked":"Storm of Steel"},{"not_picked":["Calculated Gamble","Slice"],"picked":"Escape Plan"}],"player_experience":567690,"potions_floor_usage":[16,18,28,28],"damage_taken":[{"damage":0,"enemies":"2 Louse","floor":1,"turns":4},{"damage":12,"enemies":"Jaw Worm","floor":3,"turns":4},{"damage":8,"enemies":"Small Slimes","floor":4,"turns":4},{"damage":29,"enemies":"3 Sentries","floor":7,"turns":9},{"damage":1,"enemies":"Blue Slaver","floor":10,"turns":4},{"damage":1,"enemies":"Looter","floor":14,"turns":3},{"damage":16,"enemies":"The Guardian","floor":16,"turns":11},{"damage":2,"enemies":"3 Byrds","floor":18,"turns":6},{"damage":44,"enemies":"Slavers","floor":23,"turns":6},{"damage":13,"enemies":"Shell Parasite","floor":24,"turns":4},{"damage":25,"enemies":"Cultist and Chosen","floor":28,"turns":4}],"event_choices":[{"event_name":"Living Wall","player_choice":"Forget","floor":5,"damage_taken":0},{"event_name":"Dead Adventurer","player_choice":"Searched \u00271\u0027 times","floor":8,"damage_taken":0},{"event_name":"Golden Idol","player_choice":"Lose Max HP","floor":12,"damage_taken":0},{"event_name":"The Library","player_choice":"Read","floor":21,"damage_taken":0},{"event_name":"Vampires","player_choice":"Became a vampire","floor":22,"damage_taken":0},{"event_name":"The Mausoleum","player_choice":"Yes","floor":25,"damage_taken":0}],"boss_relics":[{"not_picked":["Runic Pyramid","Eternal Feather"],"picked":"Cursed Key"}],"potions_floor_spawned":[10,16,24],"seed_played":"-897830579824051626","killed_by":"Cultist and Chosen","ascension_level":12,"is_trial":false}