{"path_per_floor":["M","M","$","M","$","E","R","E","T","R","E","?","E","?","R","B",null,"M","$","?","?","?","M","$","R","T","M","R","E","M"],"character_chosen":"IRONCLAD","items_purchased":["Thunderclap","Dual Wield","Bludgeon"],"gold_per_floor":[116,128,2,16,16,45,45,70,70,70,104,104,139,139,139,235,235,252,77,77,77,77,96,14,14,85,96,96,121,140,140],"floor_reached":31,"campfire_rested":1,"playtime":897,"current_hp_per_floor":[78,80,80,80,80,54,54,42,42,42,48,54,42,30,30,24,71,48,48,32,32,38,22,22,64,64,47,47,32,14,0],"items_purged":["Strike_R","Regret"],"gold":140,"score":395,"play_id":"72f151e2-de46-4d67-9afb-55ab52152b22","local_time":"20180417184016","is_prod":false,"is_daily":false,"chose_seed":false,"is_ascension_mode":true,"campfire_upgraded":4,"timestamp":1524001216,"path_taken":["M","M","$","M","$","E","R","E","T","R","E","?","E","?","R","BOSS","M","?","?","?","?","M","$","R","T","M","R","E","M","M"],"build_version":"2018-04-12","seed_source_timestamp":27034842065469,"purchased_purges":2,"victory":false,"master_deck":["Strike_R","Strike_R","Strike_R","Strike_R","Defend_R","Defend_R","Defend_R","Defend_R","Bash","Fiend Fire+1","Demon Form+1","Thunderclap","Burning Pact+1","Heavy Blade+1","Infernal Blade","Headbutt+1","Exhume","Dual Wield","Decay","Bludgeon+1","Sentinel+1"],"max_hp_per_floor":[80,80,80,80,80,80,80,80,80,80,80,86,86,86,86,86,86,86,86,86,86,92,92,92,92,92,92,92,92,92,92],"relics":["Burning Blood","Darkstone Periapt","Regal Pillow","Pantograph","Prayer Wheel","Matryoshka","Blue Candle","Ancient Tea Set","Mark of Pain","Nilry\u0027s Codex","Whetstone","Kunai","Lantern"],"card_choices":[{"not_picked":["Havoc","Twin Strike"],"picked":"Demon Form","floor":2},{"not_picked":["Clothesline","Pommel Strike"],"picked":"Burning Pact","floor":4},{"not_picked":["Intimidate","Pommel Strike"],"picked":"Heavy Blade","floor":6},{"not_picked":["Cleave","Juggernaut"],"picked":"Infernal Blade","floor":8},{"not_picked":["Corruption","True Grit"],"picked":"Headbutt","floor":13},{"not_picked":["Bludgeon","Dark Embrace"],"picked":"Exhume","floor":16},{"not_picked":["Sword Boomerang","Armaments"],"picked":"Sentinel","floor":26}],"player_experience":709462,"potions_floor_usage":[6,8,11,30,31],"damage_taken":[{"damage":0,"enemies":"2 Louse","floor":1,"turns":2},{"damage":0,"enemies":"Small Slimes","floor":2,"turns":3},{"damage":1,"enemies":"Cultist","floor":4,"turns":3},{"damage":32,"enemies":"Gremlin Nob","floor":6,"turns":4},{"damage":18,"enemies":"3 Sentries","floor":8,"turns":4},{"damage":0,"enemies":"Lagavulin","floor":11,"turns":3},{"damage":18,"enemies":"Gremlin Nob","floor":13,"turns":3},{"damage":37,"enemies":"Slime Boss","floor":16,"turns":11},{"damage":29,"enemies":"Spheric Guardian","floor":18,"turns":4},{"damage":22,"enemies":"Chosen","floor":23,"turns":4},{"damage":36,"enemies":"Sentry and Sphere","floor":27,"turns":4},{"damage":21,"enemies":"Book of Stabbing","floor":29,"turns":3},{"damage":24,"enemies":"Snake Plant","floor":30,"turns":3},{"damage":25,"enemies":"Centurion and Healer","floor":31,"turns":2}],"event_choices":[{"event_name":"Big Fish","player_choice":"Box","floor":12,"damage_taken":0},{"event_name":"Scrap Ooze","player_choice":"success","floor":14,"damage_taken":12},{"event_name":"Cursed Tome","player_choice":"Obtained Book","floor":20,"damage_taken":0},{"event_name":"Addict","player_choice":"Ignored","floor":21,"damage_taken":0},{"event_name":"Wheel of Change","player_choice":"Curse","floor":22,"damage_taken":0}],"boss_relics":[{"not_picked":["Pandora\u0027s Box","Snecko Eye"],"picked":"Mark of Pain"}],"potions_floor_spawned":[4,6,8,11,18,27,30],"seed_played":"2977556097937368134","killed_by":"Centurion and Healer","ascension_level":6,"is_trial":false}