{"gold_per_floor":[362,362,372,383,383,383,394,394,417,417,436,451,171,187,187,291,291,304,79,98,98,118,152,152,178,178,178,191,44,44,69,69,69],"floor_reached":33,"playtime":1130,"items_purged":["Strike_R","Strike_R"],"score":411,"play_id":"1fbbe276-7869-4324-a44c-ff5886ea2026","local_time":"20190227131158","is_ascension_mode":true,"campfire_choices":[{"data":"Rampage","floor":6.0,"key":"SMITH"},{"data":"Carnage","floor":8.0,"key":"SMITH"},{"data":"Sword Boomerang","floor":10.0,"key":"SMITH"},{"data":"Bash","floor":15,"key":"SMITH"},{"floor":24,"key":"REST"},{"floor":27,"key":"REST"},{"floor":32,"key":"REST"}],"neow_cost":"CURSE","seed_source_timestamp":61312035673384,"circlet_count":0,"master_deck":["Strike_R","Strike_R","Defend_R","Defend_R","Defend_R","Defend_R","Bash+1","Carnage+1","Rampage+1","Cleave","Sword Boomerang+1","Headbutt","Disarm","Reaper","Sword Boomerang","Battle Trance","Thunderclap","J.A.X.","Pommel Strike+1","Flame Barrier+1","Headbutt+1","Ghostly","Ghostly","Ghostly","Ghostly","Ghostly"],"special_seed":0,"relics":["Burning Blood","Omamori","Medical Kit","Fusion Hammer","Bag of Marbles","Orichalcum","Molten Egg 2","Meat on the Bone","Pantograph"],"potions_floor_usage":[12,14,23],"damage_taken":[{"damage":7.0,"enemies":"Small Slimes","floor":1.0,"turns":4.0},{"damage":1.0,"enemies":"Cultist","floor":3.0,"turns":4.0},{"damage":4.0,"enemies":"Jaw Worm","floor":4.0,"turns":3.0},{"damage":16.0,"enemies":"3 Louse","floor":7.0,"turns":3.0},{"damage":7.0,"enemies":"Exordium Wildlife","floor":11.0,"turns":5.0},{"damage":0,"enemies":"Gremlin Gang","floor":12,"turns":3},{"damage":14,"enemies":"Large Slime","floor":14,"turns":4},{"damage":36,"enemies":"Slime Boss","floor":16,"turns":9},{"damage":25,"enemies":"Shell Parasite","floor":18,"turns":4},{"damage":6,"enemies":"3 Byrds","floor":20,"turns":4},{"damage":18,"enemies":"Centurion and Healer","floor":22,"turns":6},{"damage":53,"enemies":"Book of Stabbing","floor":23,"turns":5},{"damage":38,"enemies":"Slavers","floor":25,"turns":6},{"damage":21,"enemies":"3 Cultists","floor":28,"turns":4},{"damage":3,"enemies":"Book of Stabbing","floor":31,"turns":5},{"damage":57,"enemies":"Automaton","floor":33,"turns":6}],"seed_played":"-6615461788340745609","potions_obtained":[{"floor":3.0,"key":"Fire Potion"},{"floor":11.0,"key":"Dexterity Potion"},{"floor":12,"key":"Regen Potion"},{"floor":16,"key":"Weak Potion"},{"floor":18,"key":"SteroidPotion"},{"floor":28,"key":"SkillPotion"}],"is_trial":false,"path_per_floor":["M","?","M","M","?","R","M","R","T","R","M","M","$","M","R","B",null,"M","$","M","?","M","E","R","E","T","R","M","$","?","E","R","B"],"character_chosen":"IRONCLAD","items_purchased":["Medical Kit","Bag of Marbles","Battle Trance","Headbutt+1"],"campfire_rested":3,"item_purchase_floors":[13,19,19,29],"current_hp_per_floor":[79,72,77,79,79,79,69,69,69,69,68,74,74,75,75,45,80,67,67,76,76,70,29,53,21,21,45,48,48,40,40,40,0],"gold":69,"neow_bonus":"TWO_FIFTY_GOLD","is_prod":false,"is_daily":false,"chose_seed":false,"campfire_upgraded":4,"win_rate":0,"timestamp":1551294718,"path_taken":["M","?","M","M","?","R","M","R","T","R","M","?","$","M","R","BOSS","M","$","M","?","M","E","R","E","T","R","M","$","?","E","R","BOSS"],"build_version":"2019-01-23","purchased_purges":2,"victory":false,"max_hp_per_floor":[80,80,80,80,80,80,80,80,80,80,80,80,80,80,80,80,80,80,80,80,80,80,80,80,80,80,80,80,80,40,40,40,40],"card_choices":[{"not_picked":["Corruption","Power Through"],"picked":"Carnage","floor":1.0},{"not_picked":["Clash","Armaments"],"picked":"Rampage","floor":3.0},{"not_picked":["Clash","Heavy Blade"],"picked":"Cleave","floor":4.0},{"not_picked":["Thunderclap","Body Slam"],"picked":"Sword Boomerang","floor":7.0},{"not_picked":["Warcry","Shockwave"],"picked":"Headbutt","floor":11.0},{"not_picked":["Clothesline","Second Wind"],"picked":"Disarm","floor":12},{"not_picked":["Sever Soul","Flex","Brutality"],"picked":"SKIP","floor":14},{"not_picked":["Impervious","Feed"],"picked":"Reaper","floor":16},{"not_picked":["Heavy Blade","Havoc"],"picked":"Sword Boomerang","floor":18},{"not_picked":["Body Slam","Evolve"],"picked":"Thunderclap","floor":20},{"not_picked":["Perfected Strike+1","Bloodletting"],"picked":"Pommel Strike+1","floor":22},{"not_picked":["Clash","Disarm","Blood for Blood+1"],"picked":"SKIP","floor":23},{"not_picked":["Searing Blow+1","Armaments","Body Slam+1"],"picked":"SKIP","floor":25},{"not_picked":["Uppercut+1","Shrug It Off"],"picked":"Flame Barrier+1","floor":28},{"not_picked":["Havoc","Perfected Strike+1","Body Slam+1"],"picked":"SKIP","floor":31}],"player_experience":262800,"relics_obtained":[{"floor":9.0,"key":"Omamori"},{"floor":23,"key":"Orichalcum"},{"floor":25,"key":"Molten Egg 2"},{"floor":26,"key":"Meat on the Bone"},{"floor":31,"key":"Pantograph"}],"event_choices":[{"cards_removed":["Injury"],"damage_healed":0.0,"max_hp_gain":0.0,"max_hp_loss":0.0,"gold_gain":0.0,"event_name":"Golden Wing","player_choice":"Card Removal","floor":2.0,"gold_loss":0.0,"damage_taken":7.0},{"cards_removed":["Strike_R"],"damage_healed":0.0,"max_hp_gain":0.0,"max_hp_loss":0.0,"gold_gain":0.0,"event_name":"Purifier","player_choice":"Purged","floor":5.0,"gold_loss":0.0,"damage_taken":0.0},{"damage_healed":0,"gold_gain":0,"player_choice":"Obtain J.A.X.","damage_taken":0,"max_hp_gain":0,"max_hp_loss":0,"event_name":"Drug Dealer","floor":21,"gold_loss":0,"cards_obtained":["J.A.X."]},{"damage_healed":0,"gold_gain":0,"player_choice":"Became a Ghost","damage_taken":0,"max_hp_gain":0,"max_hp_loss":40,"event_name":"Ghosts","floor":30,"gold_loss":0,"cards_obtained":["Ghostly","Ghostly","Ghostly","Ghostly","Ghostly"]}],"is_beta":false,"boss_relics":[{"not_picked":["Orrery","Velvet Choker"],"picked":"Fusion Hammer"}],"items_purged_floors":[13,29],"is_endless":false,"potions_floor_spawned":[3,11,12,16,18,22,28,31],"killed_by":"Automaton","ascension_level":4}