{"path_per_floor":["M","$","?","M","M","R","M","?","T","?","M","R","M","M","R","B",null,"M","?","$","?","?","R","?","$","T","?","?","?","M","?","R","B",null,"M","?","?","$","?"],"character_chosen":"THE_SILENT","items_purchased":["Well Laid Plans","Acrobatics","Juzu Bracelet"],"gold_per_floor":[117,3,3,15,28,28,44,44,44,44,58,58,74,85,85,190,190,208,208,5,5,5,5,5,5,5,5,5,5,18,18,18,115,115,130,130,130,50,0],"floor_reached":40,"campfire_rested":2,"playtime":2235,"current_hp_per_floor":[62,62,55,55,49,49,36,36,36,29,31,31,28,32,50,47,63,50,50,50,50,50,50,50,50,50,50,50,34,38,38,56,46,63,38,30,30,30,30],"items_purged":["Strike_G","Regret"],"gold":0,"score":377,"play_id":"439a3c05-e393-416c-b2e8-4b9904bddb12","is_prod":false,"is_daily":false,"is_ascension_mode":true,"campfire_upgraded":3,"path_taken":["M","$","?","M","M","R","?","?","T","?","?","R","M","M","R","BOSS","M","?","$","?","?","R","?","?","T","?","?","?","M","?","R","BOSS","M","?","?","$","?","E"],"build_version":"2018-02-15-PROD1","purchased_purges":2,"victory":false,"master_deck":["Defend_G","Defend_G","Defend_G","Strike_G","Strike_G","Survivor","Neutralize+1","Unload","Well Laid Plans","Terror","Backflip","Noxious Fumes+1","PiercingWail","Tactician+1","Cloak And Dagger+1","Neutralize","Acrobatics","Adrenaline+1","Necronomicurse","Deflect+1","Tools of the Trade","Madness","Madness","Decay"],"max_hp_per_floor":[63,63,63,63,63,63,63,63,63,63,63,63,63,63,63,63,63,63,63,63,63,63,63,63,63,63,63,63,63,63,63,63,63,63,63,63,63,63,63],"relics":["Ring of the Snake","Bird Faced Urn","Tingsha","Cursed Key","Juzu Bracelet","The Courier","Orichalcum","Necronomicon","Black Star","Red Mask"],"card_choices":[{"not_picked":["Sucker Punch","Deflect"],"picked":"Unload"},{"not_picked":["Calculated Gamble","Underhanded Strike"],"picked":"Terror"},{"not_picked":["Slice","Finisher"],"picked":"Backflip"},{"not_picked":["Accuracy","Poisoned Stab"],"picked":"Noxious Fumes"},{"not_picked":["Dodge and Roll","Finisher"],"picked":"PiercingWail"},{"not_picked":["Tools of the Trade","Phantasmal Killer"],"picked":"Tactician"},{"not_picked":["Deadly Poison","Eviscerate"],"picked":"Cloak And Dagger"},{"not_picked":["Acrobatics","PiercingWail"],"picked":"Deflect"},{"not_picked":["Adrenaline","Phantasmal Killer"],"picked":"Tools of the Trade"}],"player_experience":187212,"potions_floor_usage":[14,16,30,33,35],"damage_taken":[{"damage":1,"enemies":"Small Slimes","floor":1,"turns":4},{"damage":0,"enemies":"Cultist","floor":4,"turns":3},{"damage":6,"enemies":"2 Louse","floor":5,"turns":2},{"damage":13,"enemies":"Large Slime","floor":7,"turns":6},{"damage":0,"enemies":"Looter","floor":11,"turns":2},{"damage":7,"enemies":"Exordium Wildlife","floor":13,"turns":3},{"damage":0,"enemies":"Gremlin Gang","floor":14,"turns":2},{"damage":7,"enemies":"Hexaghost","floor":16,"turns":8},{"damage":15,"enemies":"Spheric Guardian","floor":18,"turns":5},{"damage":0,"enemies":"2 Thieves","floor":30,"turns":3},{"damage":14,"enemies":"Automaton","floor":33,"turns":11},{"damage":29,"enemies":"3 Darklings","floor":35,"turns":6},{"damage":48,"enemies":"Giant Head","floor":40,"turns":9}],"event_choices":[{"event_name":"Golden Wing","player_choice":"Card Removal","floor":3,"damage_taken":0},{"event_name":"The Lab","player_choice":"Got Potions","floor":8,"damage_taken":0},{"event_name":"Scrap Ooze","player_choice":"success","floor":10,"damage_taken":7},{"event_name":"Match and Keep!","player_choice":"1 cards matched","floor":19,"damage_taken":0},{"event_name":"Vampires","player_choice":"Ignored","floor":21,"damage_taken":0},{"event_name":"Addict","player_choice":"Ignored","floor":22,"damage_taken":0},{"event_name":"The Mausoleum","player_choice":"Yes","floor":24,"damage_taken":0},{"event_name":"Transmorgrifier","player_choice":"Transform","floor":27,"damage_taken":0},{"event_name":"Beggar","player_choice":"Ignored","floor":28,"damage_taken":0},{"event_name":"Cursed Tome","player_choice":"Obtained Book","floor":29,"damage_taken":0},{"event_name":"Upgrade Shrine","player_choice":"Upgraded","floor":31,"damage_taken":0},{"event_name":"Winding Halls","player_choice":"Embrace Madness","floor":36,"damage_taken":0},{"event_name":"Wheel of Change","player_choice":"Curse","floor":37,"damage_taken":0},{"event_name":"Tomb of Lord Red Mask","player_choice":"Paid","floor":39,"damage_taken":0}],"boss_relics":[{"not_picked":["Sozu","Runic Dome"],"picked":"Cursed Key"},{"not_picked":["Eternal Feather","Runic Pyramid"],"picked":"Black Star"}],"potions_floor_spawned":[7,11,13,16,30,35],"seed_played":"8917523680123804356","killed_by":"Giant Head","ascension_level":2,"is_trial":false}