{"gold_per_floor":[112,112,10,21,37,37,68,39,39,73,73,100,25,89,89,192,192,212,312,312,323,248,248,278,278,355,373,373,386,386,402,402,499,499,509,409,461,461,472,472,472,472,472,472],"floor_reached":44,"playtime":1347,"items_purged":["Strike_B","Strike_B"],"score":484,"play_id":"c96d6a54-e608-48c6-a977-eaf2dfa2ac4d","local_time":"20190223155720","is_ascension_mode":true,"campfire_choices":[{"data":"Static Discharge","floor":6,"key":"SMITH"},{"floor":11,"key":"REST"},{"floor":15,"key":"REST"},{"floor":23,"key":"REST"},{"floor":25,"key":"REST"},{"floor":30,"key":"REST"},{"floor":32,"key":"REST"},{"floor":40,"key":"REST"},{"floor":42,"key":"RECALL"}],"neow_cost":"NONE","seed_source_timestamp":261788840727437,"circlet_count":0,"master_deck":["Strike_B+1","Defend_B","Defend_B+1","Defend_B","Defend_B","Zap","Dualcast","Streamline","Ball Lightning","Beam Cell","Static Discharge+1","Echo Form","Go for the Eyes","Streamline","Electrodynamics","BootSequence","Chill","Rebound+1","Reboot","Streamline+1","Amplify","Static Discharge+1","Auto Shields+1","Mayhem+1"],"relics":["Cracked Core","Letter Opener","Shuriken","Ornamental Fan","Ancient Tea Set","Fusion Hammer","Bird Faced Urn","Mummified Hand","Bottled Tornado","Frozen Egg 2","Sozu","Calipers"],"potions_floor_usage":[7,19,24],"damage_taken":[{"damage":1,"enemies":"2 Louse","floor":1,"turns":2},{"damage":7,"enemies":"Jaw Worm","floor":4,"turns":2},{"damage":14,"enemies":"Small Slimes","floor":5,"turns":2},{"damage":19,"enemies":"3 Sentries","floor":7,"turns":5},{"damage":16,"enemies":"Gremlin Nob","floor":10,"turns":4},{"damage":12,"enemies":"3 Sentries","floor":12,"turns":4},{"damage":30,"enemies":"Slime Boss","floor":16,"turns":6},{"damage":26,"enemies":"2 Thieves","floor":18,"turns":3},{"damage":11,"enemies":"Colosseum Slavers","floor":19,"turns":3},{"damage":33,"enemies":"Colosseum Nobs","floor":19,"turns":4},{"damage":10,"enemies":"Shell Parasite","floor":21,"turns":4},{"damage":23,"enemies":"Slavers","floor":24,"turns":4},{"damage":10,"enemies":"Centurion and Healer","floor":27,"turns":3},{"damage":2,"enemies":"Chosen and Byrds","floor":29,"turns":3},{"damage":8,"enemies":"Snecko","floor":31,"turns":4},{"damage":27,"enemies":"Automaton","floor":33,"turns":6},{"damage":2,"enemies":"Orb Walker","floor":35,"turns":3},{"damage":27,"enemies":"2 Orb Walkers","floor":37,"turns":3},{"damage":0,"enemies":"3 Darklings","floor":39,"turns":4},{"damage":94,"enemies":"Nemesis","floor":44,"turns":6}],"seed_played":"4024155555419044480","potions_obtained":[{"floor":4,"key":"AttackPotion"},{"floor":7,"key":"Ancient Potion"},{"floor":10,"key":"Poison Potion"},{"floor":16,"key":"Dexterity Potion"},{"floor":27,"key":"SneckoOil"},{"floor":31,"key":"Explosive Potion"}],"is_trial":false,"path_per_floor":["M","?","$","M","M","R","E","?","T","E","R","E","$","?","R","B",null,"M","?","?","M","?","R","E","R","T","M","?","M","R","M","R","B",null,"M","$","?","?","M","R","?","R","T","E"],"character_chosen":"DEFECT","items_purchased":["Static Discharge","Beam Cell"],"campfire_rested":7,"item_purchase_floors":[3,3],"current_hp_per_floor":[74,59,59,52,38,38,19,19,19,3,25,13,13,13,35,5,75,49,5,5,1,1,23,4,26,26,24,24,30,52,52,74,52,75,73,73,52,52,66,75,75,75,75,0],"gold":472,"neow_bonus":"THREE_CARDS","is_prod":false,"is_daily":false,"chose_seed":false,"campfire_upgraded":1,"win_rate":0,"timestamp":1550959040,"path_taken":["M","?","$","M","M","R","E","?","T","E","R","E","$","?","R","BOSS","M","?","?","M","?","R","E","R","T","M","?","?","R","M","R","BOSS","M","$","?","?","M","R","?","R","T","E"],"build_version":"2019-01-23","purchased_purges":2,"victory":false,"max_hp_per_floor":[75,75,75,75,75,75,75,75,75,75,75,75,75,75,75,75,75,75,75,75,75,75,75,75,75,75,75,75,75,75,75,75,75,75,75,75,75,75,75,75,75,75,75,75],"card_choices":[{"not_picked":["Stack","Sunder"],"picked":"Streamline","floor":0},{"not_picked":["Steam","Blizzard"],"picked":"Ball Lightning","floor":1},{"not_picked":["Hello World","Turbo","Redo"],"picked":"SKIP","floor":4},{"not_picked":["Glacier","Compile Driver"],"picked":"Static Discharge","floor":5},{"not_picked":["Stack","Ball Lightning"],"picked":"Echo Form","floor":7},{"not_picked":["Glacier","Conserve Battery"],"picked":"Go for the Eyes","floor":10},{"not_picked":["Consume","Beam Cell"],"picked":"Streamline","floor":12},{"not_picked":["Multi-Cast","Echo Form"],"picked":"Electrodynamics","floor":16},{"not_picked":["Cold Snap","Beam Cell"],"picked":"BootSequence","floor":18},{"not_picked":["Undo","Darkness"],"picked":"Chill","floor":19},{"not_picked":["Coolheaded+1","Force Field+1"],"picked":"Rebound+1","floor":21},{"not_picked":["Sweeping Beam+1","Rip and Tear","Seek"],"picked":"SKIP","floor":24},{"not_picked":["Force Field","Scrape","Coolheaded"],"picked":"SKIP","floor":27},{"not_picked":["Cold Snap","Leap+1"],"picked":"Streamline+1","floor":29},{"not_picked":["Hologram","Gash","Compile Driver"],"picked":"SKIP","floor":31},{"not_picked":["Reboot","Machine Learning+1"],"picked":"Amplify","floor":33},{"not_picked":["Ball Lightning","Gash"],"picked":"Static Discharge+1","floor":35},{"not_picked":["Undo","Scrape+1"],"picked":"Auto Shields+1","floor":37},{"not_picked":["Master of Strategy","Forethought"],"picked":"Mayhem+1","floor":38},{"not_picked":["Capacitor+1","Recycle+1","Rebound+1"],"picked":"SKIP","floor":39}],"player_experience":215659,"relics_obtained":[{"floor":7,"key":"Letter Opener"},{"floor":9,"key":"Shuriken"},{"floor":10,"key":"Ornamental Fan"},{"floor":12,"key":"Ancient Tea Set"},{"floor":19,"key":"Bird Faced Urn"},{"floor":19,"key":"Mummified Hand"},{"floor":24,"key":"Bottled Tornado"},{"floor":26,"key":"Frozen Egg 2"},{"floor":37,"key":"Calipers"}],"event_choices":[{"damage_healed":0,"gold_gain":0,"player_choice":"Entered Light","damage_taken":15,"max_hp_gain":0,"max_hp_loss":0,"event_name":"Shining Light","floor":2,"gold_loss":0,"cards_upgraded":["Defend_B","Strike_B"]},{"damage_healed":0,"gold_gain":0,"player_choice":"Left Gold","damage_taken":0,"max_hp_gain":0,"max_hp_loss":0,"event_name":"World of Goop","floor":8,"gold_loss":29},{"damage_healed":0,"gold_gain":64,"player_choice":"Gained Gold","damage_taken":0,"max_hp_gain":0,"max_hp_loss":0,"event_name":"Golden Wing","floor":14,"gold_loss":0},{"damage_healed":0,"gold_gain":0,"player_choice":"Fight","damage_taken":0,"max_hp_gain":0,"max_hp_loss":0,"event_name":"Colosseum","floor":19,"gold_loss":0},{"damage_healed":0,"gold_gain":0,"player_choice":"Fought Nobs","damage_taken":0,"max_hp_gain":0,"max_hp_loss":0,"event_name":"Colosseum","floor":19,"gold_loss":0},{"damage_healed":0,"gold_gain":0,"player_choice":"Ignored","damage_taken":0,"max_hp_gain":0,"max_hp_loss":0,"event_name":"Ghosts","floor":20,"gold_loss":0},{"cards_removed":["Strike_B"],"damage_healed":0,"gold_gain":0,"player_choice":"Gave Gold","damage_taken":0,"max_hp_gain":0,"max_hp_loss":0,"event_name":"Beggar","floor":22,"gold_loss":75},{"damage_healed":0,"gold_gain":0,"player_choice":"1 cards matched","damage_taken":0,"max_hp_gain":0,"max_hp_loss":0,"event_name":"Match and Keep!","floor":28,"gold_loss":0,"cards_obtained":["Reboot"]},{"damage_healed":0,"gold_gain":0,"player_choice":"Fight","damage_taken":0,"max_hp_gain":0,"max_hp_loss":0,"event_name":"Mysterious Sphere","floor":37,"gold_loss":0},{"damage_healed":0,"gold_gain":0,"player_choice":"Memory 1","damage_taken":0,"max_hp_gain":0,"max_hp_loss":0,"event_name":"SensoryStone","floor":38,"gold_loss":0},{"cards_removed":["Static Discharge"],"damage_healed":0,"gold_gain":0,"player_choice":"Removed Power","damage_taken":0,"max_hp_gain":0,"max_hp_loss":0,"event_name":"Falling","floor":41,"gold_loss":0}],"is_beta":false,"boss_relics":[{"not_picked":["Pandora\u0027s Box","Lizard Tail"],"picked":"Fusion Hammer"},{"not_picked":["FrozenCore","Empty Cage"],"picked":"Sozu"}],"items_purged_floors":[13,36],"is_endless":false,"potions_floor_spawned":[4,7,10,16,18,19,27,31,39],"killed_by":"Nemesis","ascension_level":2}