{"gold_per_floor":[113,132,132,143,113,113,124,124,147,202,202,60,80,180,180,279,279,294,314,16,32,32],"floor_reached":22,"playtime":644,"items_purged":["Strike_B"],"score":214,"play_id":"03d7efb5-ec71-48b5-952b-612b04b1138d","local_time":"20190225220009","is_ascension_mode":true,"campfire_choices":[{"data":"Zap","floor":6,"key":"SMITH"},{"data":"Coolheaded","floor":8,"key":"SMITH"},{"data":"Hologram","floor":11,"key":"SMITH"},{"data":"Capacitor","floor":15,"key":"SMITH"}],"neow_cost":"NONE","seed_source_timestamp":16601370925228,"circlet_count":0,"master_deck":["Strike_B","Strike_B","Strike_B","Defend_B","Defend_B","Defend_B","Defend_B","Zap+1","Dualcast","Hologram+1","Ball Lightning","Ball Lightning","Coolheaded+1","Capacitor+1","Static Discharge","Barrage","Fission","Turbo","Coolheaded","Leap"],"relics":["Cracked Core","Bronze Scales","Tiny Chest","Nuclear Battery","Singing Bowl"],"potions_floor_usage":[16,16,16,22],"damage_taken":[{"damage":10,"enemies":"Cultist","floor":1,"turns":5},{"damage":12,"enemies":"2 Louse","floor":2,"turns":3},{"damage":0,"enemies":"Small Slimes","floor":4,"turns":2},{"damage":15,"enemies":"Gremlin Gang","floor":7,"turns":3},{"damage":16,"enemies":"Gremlin Nob","floor":10,"turns":3},{"damage":4,"enemies":"Red Slaver","floor":13,"turns":2},{"damage":26,"enemies":"The Guardian","floor":16,"turns":8},{"damage":28,"enemies":"Shell Parasite","floor":18,"turns":4},{"damage":14,"enemies":"Chosen","floor":19,"turns":4},{"damage":24,"enemies":"Snake Plant","floor":21,"turns":4},{"damage":21,"enemies":"Cultist and Chosen","floor":22,"turns":4}],"seed_played":"-8736397762262477285","potions_obtained":[{"floor":4,"key":"Fire Potion"},{"floor":5,"key":"SmokeBomb"},{"floor":5,"key":"EssenceOfSteel"},{"floor":7,"key":"Regen Potion"},{"floor":19,"key":"Poison Potion"}],"is_trial":false,"path_per_floor":["M","M","T","M","?","R","M","R","T","E","R","$","M","?","R","B",null,"M","M","$","M","M"],"character_chosen":"DEFECT","items_purchased":["Static Discharge","Singing Bowl","Leap"],"campfire_rested":0,"item_purchase_floors":[12,20,20],"current_hp_per_floor":[72,60,60,60,60,60,45,45,45,29,29,29,25,25,25,14,82,54,40,40,18,0],"gold":32,"neow_bonus":"TEN_PERCENT_HP_BONUS","is_prod":false,"is_daily":false,"chose_seed":false,"campfire_upgraded":4,"win_rate":0,"timestamp":1551153609,"path_taken":["M","M","?","M","?","R","M","R","T","E","R","$","?","?","R","BOSS","M","M","$","M","?"],"build_version":"2019-01-23","purchased_purges":1,"victory":false,"max_hp_per_floor":[82,82,82,82,82,82,82,82,82,82,82,82,82,82,82,82,82,82,82,82,84,84],"card_choices":[{"not_picked":["Compile Driver","Steam"],"picked":"Hologram","floor":1},{"not_picked":["Beam Cell","Cold Snap"],"picked":"Ball Lightning","floor":2},{"not_picked":["Compile Driver","Redo"],"picked":"Ball Lightning","floor":4},{"not_picked":["Melter","Reboot"],"picked":"Coolheaded","floor":7},{"not_picked":["Gash","Barrage"],"picked":"Capacitor","floor":10},{"not_picked":["Sweeping Beam","Stack"],"picked":"Barrage","floor":13},{"not_picked":["Multi-Cast","Biased Cognition"],"picked":"Fission","floor":16},{"not_picked":["Gash","Melter+1"],"picked":"Turbo","floor":18},{"not_picked":["Rebound","BootSequence"],"picked":"Coolheaded","floor":19},{"not_picked":["Coolheaded+1","Chaos+1","Beam Cell"],"picked":"Singing Bowl","floor":21}],"player_experience":241701,"relics_obtained":[{"floor":9,"key":"Bronze Scales"},{"floor":10,"key":"Tiny Chest"}],"event_choices":[{"damage_healed":0,"gold_gain":0,"player_choice":"Bought 2 Potions","damage_taken":0,"max_hp_gain":0,"max_hp_loss":0,"event_name":"The Woman in Blue","floor":5,"gold_loss":0},{"damage_healed":0,"gold_gain":100,"player_choice":"Pray","damage_taken":0,"max_hp_gain":0,"max_hp_loss":0,"event_name":"Golden Shrine","floor":14,"gold_loss":0}],"is_beta":false,"boss_relics":[{"not_picked":["Astrolabe","Empty Cage"],"picked":"Nuclear Battery"}],"items_purged_floors":[12],"is_endless":false,"potions_floor_spawned":[4,7,19],"killed_by":"Cultist and Chosen","ascension_level":3}