{"path_per_floor":["M","?","?","?","T","M","E","M","T","?","E","M","R","?","R","B",null,"M","M"],"character_chosen":"THE_SILENT","items_purchased":[],"gold_per_floor":[115,115,115,115,115,125,159,178,178,178,213,232,232,261,261,333,333,346,312,312],"floor_reached":20,"campfire_rested":1,"playtime":999,"current_hp_per_floor":[63,63,63,63,63,63,29,24,24,47,38,36,57,40,40,8,55,17,6,0],"items_purged":[],"gold":312,"score":300,"play_id":"61982a53-39ca-4ddb-8d18-19c03a108f3a","local_time":"20180402010928","is_prod":false,"is_daily":false,"is_ascension_mode":true,"campfire_upgraded":1,"timestamp":1522642168,"path_taken":["M","?","?","?","?","M","E","M","T","?","E","?","R","?","R","BOSS","M","?","M"],"build_version":"2018-03-29v2","purchased_purges":0,"victory":false,"master_deck":["Defend_G","Defend_G","Defend_G","Defend_G","Defend_G","Strike_G","Strike_G","Strike_G","Survivor","Neutralize","AscendersBane","Dagger Throw","Neutralize","Flying Knee","Backflip","Envenom+1","Deadly Poison","Die Die Die","Dodge and Roll+1"],"max_hp_per_floor":[70,70,70,70,70,70,70,70,70,70,70,70,70,70,70,70,70,70,70,70],"relics":["The Specimen","Gambling Chip","Ornamental Fan","Bottled Lightning","The Courier","Odd Mushroom","Eternal Feather"],"card_choices":[{"not_picked":["Phantasmal Killer","Acrobatics"],"picked":"Dagger Throw","floor":1},{"not_picked":["Skewer","Dagger Spray"],"picked":"Flying Knee","floor":7},{"not_picked":["Choke","Underhanded Strike"],"picked":"Backflip","floor":8},{"not_picked":["Prepared","Bouncing Flask"],"picked":"Envenom","floor":11},{"not_picked":["Slice","Sucker Punch"],"picked":"Deadly Poison","floor":12},{"not_picked":["Doppelganger","Night Terror"],"picked":"Die Die Die","floor":16},{"not_picked":["Prepared","Flying Knee"],"picked":"Dodge and Roll","floor":19}],"player_experience":661989,"potions_floor_usage":[11,16,19],"damage_taken":[{"damage":0,"enemies":"2 Louse","floor":1,"turns":4},{"damage":0,"enemies":"Cultist","floor":6,"turns":5},{"damage":34,"enemies":"3 Sentries","floor":7,"turns":15},{"damage":5,"enemies":"Jaw Worm","floor":8,"turns":3},{"damage":9,"enemies":"Gremlin Nob","floor":11,"turns":5},{"damage":2,"enemies":"3 Louse","floor":12,"turns":6},{"damage":17,"enemies":"The Mushroom Lair","floor":14,"turns":5},{"damage":32,"enemies":"The Guardian","floor":16,"turns":12},{"damage":38,"enemies":"Spheric Guardian","floor":18,"turns":8},{"damage":11,"enemies":"2 Thieves","floor":19,"turns":5},{"damage":9,"enemies":"Centurion and Healer","floor":20,"turns":4}],"event_choices":[{"event_name":"Bonfire Elementals","player_choice":"BASIC","floor":2,"damage_taken":0},{"event_name":"Living Wall","player_choice":"Forget","floor":3,"damage_taken":0},{"event_name":"Match and Keep!","player_choice":"1 cards matched","floor":4,"damage_taken":0},{"event_name":"Big Fish","player_choice":"Banana","floor":10,"damage_taken":0},{"event_name":"Mushrooms","player_choice":"Fought Mushrooms","floor":14,"damage_taken":0}],"boss_relics":[{"not_picked":["Snecko Eye","White Beast Statue"],"picked":"Eternal Feather"}],"potions_floor_spawned":[1,12,14],"seed_played":"635653493711774366","killed_by":"Centurion and Healer","ascension_level":13,"is_trial":false}