{"path_per_floor":["M","M","?","M","$","R","E","M","T","?","R","$","M","M","R","B",null,"M","M","?","M","M","R","M","M","T","?","$","M","R","?","R","B",null,"M","?","M","M"],"character_chosen":"THE_SILENT","items_purchased":["Cloak And Dagger","Caltrops","Cloak And Dagger","Oddly Smooth Stone","Footwork"],"gold_per_floor":[113,129,129,148,48,48,75,92,147,147,147,54,79,104,104,223,223,238,259,259,270,284,284,299,311,311,236,5,23,23,23,23,125,125,137,0,16,30],"floor_reached":39,"campfire_rested":4,"playtime":2700,"current_hp_per_floor":[68,68,68,68,68,68,18,18,18,18,39,39,36,36,57,34,70,67,56,56,51,39,39,27,23,23,23,23,3,24,47,68,13,70,32,32,32,32],"items_purged":["Regret"],"gold":30,"score":388,"play_id":"993a5fe7-4c4e-4c8c-b006-f5311be24198","is_prod":false,"is_daily":false,"is_ascension_mode":true,"campfire_upgraded":2,"path_taken":["M","?","?","?","$","R","E","M","T","?","R","$","M","M","R","BOSS","M","?","?","M","M","R","M","M","T","?","$","M","R","?","R","BOSS","M","?","M","M","?"],"build_version":"2018-02-15-PROD1","purchased_purges":2,"victory":false,"master_deck":["Defend_G","Defend_G","Defend_G","Defend_G","Strike_G","Strike_G+1","Survivor","Neutralize+1","PiercingWail","Backflip","Cloak And Dagger","Quick Slash+1","Accuracy","Injury","Caltrops+1","Cloak And Dagger","Backstab","Bane+1","Dagger Spray+1","PiercingWail+1","Terror+1","Backstab","Slice","Infinite Blades","Outmaneuver","Footwork","Slice+1","Tactician","Dagger Throw+1","Acrobatics+1"],"max_hp_per_floor":[70,70,70,70,70,70,70,70,70,70,70,70,70,70,70,70,70,70,70,70,70,70,70,70,70,70,70,70,70,70,70,70,70,70,70,70,70,70],"relics":["Ring of the Snake","Vajra","Pen Nib","Whetstone","Astrolabe","Nloth\u0027s Gift","Tough Bandages","Oddly Smooth Stone","Philosopher\u0027s Stone","Red Mask"],"card_choices":[{"not_picked":["Cloak And Dagger","Dagger Throw"],"picked":"PiercingWail"},{"not_picked":["Acrobatics","Accuracy"],"picked":"Backflip"},{"not_picked":["Bane","Malaise"],"picked":"Quick Slash"},{"not_picked":["A Thousand Cuts","Bane"],"picked":"Accuracy"},{"not_picked":["Underhanded Strike","Caltrops"],"picked":"Backstab"},{"not_picked":["PiercingWail","Slice"],"picked":"Terror"},{"not_picked":["Acrobatics","Eviscerate"],"picked":"Backstab"},{"not_picked":["Storm of Steel","Bane"],"picked":"Slice"},{"not_picked":["Poisoned Stab","Wraith Form"],"picked":"Infinite Blades"},{"not_picked":["Slice","Dagger Throw"],"picked":"Outmaneuver"},{"not_picked":["Backflip","Bane"],"picked":"Slice"},{"not_picked":["Phantasmal Killer","Envenom"],"picked":"Tactician"},{"not_picked":["PiercingWail","Night Terror"],"picked":"Dagger Throw"},{"not_picked":["Backflip","Sucker Punch"],"picked":"Acrobatics"}],"player_experience":197769,"potions_floor_usage":[16,16,18,29],"damage_taken":[{"damage":2,"enemies":"Cultist","floor":1,"turns":4},{"damage":0,"enemies":"Jaw Worm","floor":2,"turns":5},{"damage":0,"enemies":"2 Louse","floor":4,"turns":3},{"damage":50,"enemies":"Lagavulin","floor":7,"turns":13},{"damage":0,"enemies":"2 Fungi Beasts","floor":8,"turns":4},{"damage":3,"enemies":"Red Slaver","floor":13,"turns":3},{"damage":0,"enemies":"Large Slime","floor":14,"turns":5},{"damage":38,"enemies":"Slime Boss","floor":16,"turns":11},{"damage":3,"enemies":"2 Thieves","floor":18,"turns":3},{"damage":11,"enemies":"Spheric Guardian","floor":19,"turns":3},{"damage":5,"enemies":"3 Cultists","floor":21,"turns":5},{"damage":12,"enemies":"Snecko","floor":22,"turns":4},{"damage":12,"enemies":"Cultist and Chosen","floor":24,"turns":7},{"damage":4,"enemies":"Centurion and Healer","floor":25,"turns":4},{"damage":20,"enemies":"Snake Plant","floor":29,"turns":6},{"damage":55,"enemies":"Automaton","floor":33,"turns":12},{"damage":38,"enemies":"3 Darklings","floor":35,"turns":5},{"damage":0,"enemies":"3 Shapes","floor":37,"turns":4},{"damage":0,"enemies":"Sphere and 2 Shapes","floor":38,"turns":2},{"damage":36,"enemies":"Maw","floor":39,"turns":5}],"event_choices":[{"event_name":"Big Fish","player_choice":"Box","floor":3,"damage_taken":0},{"event_name":"Golden Idol","player_choice":"Take Wound","floor":10,"damage_taken":0},{"event_name":"N\u0027loth","player_choice":"Traded a Golden Idol","floor":20,"damage_taken":0},{"event_name":"Beggar","player_choice":"Gave Gold","floor":27,"damage_taken":0},{"event_name":"The Library","player_choice":"Heal","floor":31,"damage_taken":0},{"event_name":"Tomb of Lord Red Mask","player_choice":"Paid","floor":36,"damage_taken":0}],"boss_relics":[{"not_picked":["Pandora\u0027s Box","Orrery"],"picked":"Astrolabe"},{"not_picked":["Runic Dome","Velvet Choker"],"picked":"Philosopher\u0027s Stone"}],"potions_floor_spawned":[2,7,13,18,24],"seed_played":"9114847086035536493","killed_by":"Maw","ascension_level":3,"is_trial":false}