{"path_per_floor":["M","?","M","?","M","M","R","M","T","M","M","M","M","$","R","B",null,"M","$","?","M","?","R","?","M","T","?","M","R","M","M","R"],"character_chosen":"IRONCLAD","items_purchased":[],"gold_per_floor":[117,117,128,128,140,151,151,167,192,206,222,241,261,186,186,284,284,302,202,302,314,314,314,314,334,381,296,310,310,324,340,340],"floor_reached":33,"campfire_rested":0,"playtime":649,"current_hp_per_floor":[73,73,75,75,70,48,48,50,50,49,51,53,55,55,55,57,80,80,80,80,80,80,80,80,80,80,80,73,73,75,62,62],"items_purged":["Defend_R","Strike_R"],"gold":340,"score":245,"play_id":"4db61e58-e6f7-48b5-a27e-ef625621118a","local_time":"20180317141522","is_prod":false,"is_daily":false,"is_ascension_mode":false,"campfire_upgraded":5,"timestamp":1521306922,"path_taken":["M","?","?","?","M","M","R","M","T","M","M","?","M","$","R","BOSS","M","$","?","M","?","R","?","M","T","?","?","R","M","M","R","BOSS"],"build_version":"2018-03-15v2","purchased_purges":2,"victory":false,"master_deck":["Strike_R","Strike_R","Strike_R+1","Strike_R","Bash+1","Offering+1","Clash+1","Flex+1","Double Tap+1","Injury"],"max_hp_per_floor":[80,80,80,80,80,80,80,80,80,80,80,80,80,80,80,80,80,80,80,80,80,80,80,80,80,80,80,80,80,80,80,80],"relics":["Burning Blood","Anchor","Cursed Key","Omamori","Dream Catcher"],"card_choices":[{"not_picked":["Reckless Charge","Pommel Strike"],"picked":"Clash"},{"not_picked":["Cleave","Blood for Blood"],"picked":"Flex"},{"not_picked":["Fiend Fire","Barricade"],"picked":"Double Tap"}],"player_experience":579506,"potions_floor_usage":[28,31,33,33],"damage_taken":[{"damage":13,"enemies":"2 Louse","floor":1,"turns":2},{"damage":4,"enemies":"Cultist","floor":3,"turns":2},{"damage":11,"enemies":"Small Slimes","floor":5,"turns":3},{"damage":28,"enemies":"Gremlin Gang","floor":6,"turns":4},{"damage":4,"enemies":"Large Slime","floor":8,"turns":3},{"damage":7,"enemies":"Red Slaver","floor":10,"turns":2},{"damage":4,"enemies":"Exordium Thugs","floor":11,"turns":2},{"damage":4,"enemies":"2 Fungi Beasts","floor":12,"turns":2},{"damage":4,"enemies":"Lots of Slimes","floor":13,"turns":2},{"damage":4,"enemies":"Slime Boss","floor":16,"turns":3},{"damage":4,"enemies":"Chosen","floor":18,"turns":1},{"damage":4,"enemies":"Shell Parasite","floor":21,"turns":1},{"damage":4,"enemies":"Centurion and Healer","floor":25,"turns":1},{"damage":13,"enemies":"Snake Plant","floor":28,"turns":3},{"damage":4,"enemies":"Snecko","floor":30,"turns":2},{"damage":19,"enemies":"3 Cultists","floor":31,"turns":4},{"damage":77,"enemies":"Collector","floor":33,"turns":6}],"event_choices":[{"event_name":"Transmorgrifier","player_choice":"Transform","floor":2,"damage_taken":0},{"event_name":"Living Wall","player_choice":"Forget","floor":4,"damage_taken":0},{"event_name":"Golden Shrine","player_choice":"Pray","floor":20,"damage_taken":0},{"event_name":"Upgrade Shrine","player_choice":"Upgraded","floor":22,"damage_taken":0},{"event_name":"Drug Dealer","player_choice":"Ignored","floor":24,"damage_taken":0},{"event_name":"Addict","player_choice":"Obtained Relic","floor":27,"damage_taken":0}],"boss_relics":[{"not_picked":["Eternal Feather","Runic Pyramid"],"picked":"Cursed Key"}],"potions_floor_spawned":[1,5,13,16,18,21,25,31],"seed_played":"-9142502088194112439","killed_by":"Collector","ascension_level":0,"is_trial":false}