{"gold_per_floor":[118,43,43,56,70,96,96,124,124,124,134,153,153,153,153,276,276,295,37,37,15,34,68,68,81,81,120,120,120,139,139,139,139],"floor_reached":33,"playtime":1330,"items_purged":["Melter","Tempest"],"score":377,"play_id":"ffcbec92-8b47-4bb7-9599-ba3d806347df","local_time":"20190225134833","is_ascension_mode":true,"campfire_choices":[{"data":"Doom and Gloom","floor":7.0,"key":"SMITH"},{"data":"Beam Cell","floor":10.0,"key":"SMITH"},{"data":"Go for the Eyes","floor":13.0,"key":"SMITH"},{"data":"Streamline","floor":15.0,"key":"SMITH"},{"data":"Fusion","floor":24,"key":"SMITH"},{"floor":28,"key":"REST"},{"data":"Turbo","floor":32,"key":"SMITH"}],"neow_cost":"NONE","seed_source_timestamp":0,"circlet_count":0,"master_deck":["Zap+1","Dualcast","Conserve Battery","FTL","Doom and Gloom+1","Beam Cell+1","Go for the Eyes+1","Streamline+1","Machine Learning","Buffer","Cold Snap","Glacier","Barrage","Doom and Gloom","Double Energy","Sunder","Loop","Fusion+1","Ball Lightning","Cold Snap","Leap","Ball Lightning","Beam Cell+1","Turbo+1"],"special_seed":0,"relics":["Cracked Core","Centennial Puzzle","Bottled Flame","Ancient Tea Set","Golden Idol","Pandora\u0027s Box","Question Card","Blue Candle","Bag of Preparation"],"potions_floor_usage":[16],"damage_taken":[{"damage":2.0,"enemies":"Jaw Worm","floor":1.0,"turns":3.0},{"damage":0.0,"enemies":"Cultist","floor":4.0,"turns":3.0},{"damage":8.0,"enemies":"2 Louse","floor":5.0,"turns":2.0},{"damage":9.0,"enemies":"Lagavulin","floor":6.0,"turns":5.0},{"damage":11.0,"enemies":"3 Sentries","floor":8.0,"turns":3.0},{"damage":0.0,"enemies":"2 Fungi Beasts","floor":11.0,"turns":1.0},{"damage":5.0,"enemies":"Exordium Thugs","floor":12.0,"turns":2.0},{"damage":0,"enemies":"Slime Boss","floor":16,"turns":7},{"damage":3,"enemies":"Spheric Guardian","floor":18,"turns":4},{"damage":12,"enemies":"Chosen","floor":22,"turns":3},{"damage":30,"enemies":"Slavers","floor":23,"turns":4},{"damage":0,"enemies":"Snecko","floor":25,"turns":2},{"damage":17,"enemies":"Book of Stabbing","floor":27,"turns":7},{"damage":0,"enemies":"Centurion and Healer","floor":30,"turns":5},{"damage":61,"enemies":"Automaton","floor":33,"turns":6}],"seed_played":"-3413745770608815851","potions_obtained":[{"floor":4.0,"key":"Weak Potion"},{"floor":11.0,"key":"Regen Potion"},{"floor":18,"key":"Energy Potion"},{"floor":27,"key":"FocusPotion"},{"floor":30,"key":"LiquidBronze"}],"is_trial":false,"path_per_floor":["M","$","?","M","M","E","R","E","T","R","M","M","R","?","R","B",null,"M","$","?","$","M","E","R","M","T","E","R","?","M","?","R","B"],"character_chosen":"DEFECT","items_purchased":["Loop","Fusion","Ball Lightning"],"campfire_rested":1,"item_purchase_floors":[19,19,21],"current_hp_per_floor":[73,73,73,73,65,56,56,45,45,45,45,40,40,40,40,55,69,66,66,66,66,54,24,24,24,24,7,27,27,27,50,50,0],"gold":139,"neow_bonus":"TRANSFORM_CARD","is_prod":false,"is_daily":false,"chose_seed":false,"campfire_upgraded":6,"win_rate":0,"timestamp":1551124113,"path_taken":["M","$","?","M","?","E","R","E","T","R","M","M","R","?","R","BOSS","M","$","?","$","M","E","R","M","T","E","R","?","?","?","R","BOSS"],"build_version":"2019-01-23","purchased_purges":2,"victory":false,"max_hp_per_floor":[75,75,75,75,75,75,75,75,75,75,75,75,75,69,69,69,69,69,69,69,69,69,69,69,69,69,69,69,69,69,69,69,69],"card_choices":[{"not_picked":["Barrage","Steam"],"picked":"Conserve Battery","floor":1.0},{"not_picked":["Hologram","Leap"],"picked":"FTL","floor":4.0},{"not_picked":["Go for the Eyes","Amplify"],"picked":"Doom and Gloom","floor":5.0},{"not_picked":["Doom and Gloom","Aggregate"],"picked":"Beam Cell","floor":6.0},{"not_picked":["Doom and Gloom","Hologram"],"picked":"Go for the Eyes","floor":8.0},{"not_picked":["White Noise","Beam Cell","Aggregate"],"picked":"SKIP","floor":11.0},{"not_picked":["Tempest","Reprogram"],"picked":"Streamline","floor":12.0},{"not_picked":["Multi-Cast","Meteor Strike"],"picked":"Machine Learning","floor":16},{"not_picked":["Stack","Barrage"],"picked":"Sunder","floor":18},{"not_picked":["Reinforced Body","FTL"],"picked":"Cold Snap","floor":22},{"not_picked":["Scrape","Hyperbeam","Reinforced Body"],"picked":"SKIP","floor":23},{"not_picked":["Streamline","Beam Cell","Doom and Gloom"],"picked":"Leap","floor":25},{"not_picked":["Compile Driver","Biased Cognition","Recycle+1"],"picked":"Ball Lightning","floor":27},{"not_picked":["Conserve Battery+1","Fusion+1","Auto Shields+1"],"picked":"Turbo","floor":30}],"player_experience":226906,"relics_obtained":[{"floor":6.0,"key":"Centennial Puzzle"},{"floor":8.0,"key":"Bottled Flame"},{"floor":9.0,"key":"Ancient Tea Set"},{"floor":23,"key":"Question Card"},{"floor":26,"key":"Blue Candle"},{"floor":27,"key":"Bag of Preparation"}],"event_choices":[{"damage_healed":0.0,"max_hp_gain":0.0,"max_hp_loss":0.0,"gold_gain":0.0,"event_name":"Upgrade Shrine","player_choice":"Upgraded","floor":3.0,"gold_loss":0.0,"damage_taken":0.0,"cards_upgraded":["Zap"]},{"damage_healed":0.0,"max_hp_gain":0.0,"max_hp_loss":6.0,"gold_gain":0.0,"event_name":"Golden Idol","player_choice":"Lose Max HP","floor":14.0,"gold_loss":0.0,"damage_taken":0.0,"relics_obtained":["Golden Idol"]},{"damage_healed":0,"gold_gain":0,"player_choice":"Ignored","damage_taken":0,"max_hp_gain":0,"max_hp_loss":0,"event_name":"Ghosts","floor":20,"gold_loss":0},{"damage_healed":0,"gold_gain":0,"player_choice":"Copied","damage_taken":0,"max_hp_gain":0,"max_hp_loss":0,"event_name":"Duplicator","floor":29,"gold_loss":0,"cards_obtained":["Beam Cell"]},{"damage_healed":23,"gold_gain":0,"player_choice":"Heal","damage_taken":0,"max_hp_gain":0,"max_hp_loss":0,"event_name":"The Library","floor":31,"gold_loss":0}],"is_beta":false,"boss_relics":[{"not_picked":["Ectoplasm","Tiny House"],"picked":"Pandora\u0027s Box"}],"items_purged_floors":[2,19],"is_endless":false,"potions_floor_spawned":[4,11,18,27,30],"killed_by":"Automaton","ascension_level":2}