{"path_per_floor":["M","?","?","M","?","R","M","R","T","M","M","$","R","M","R","B",null,"M","M","?"],"character_chosen":"THE_SILENT","items_purchased":["Caltrops"],"gold_per_floor":[113,113,143,158,158,158,170,170,170,189,203,92,92,112,112,213,213,228,248,248],"floor_reached":21,"campfire_rested":1,"playtime":1003,"current_hp_per_floor":[68,68,56,56,56,56,50,50,50,38,33,33,33,30,51,31,70,36,19,19],"items_purged":["Regret"],"gold":248,"score":171,"play_id":"4012ec76-c80e-4609-a0ee-36065794ae3d","is_prod":false,"is_daily":false,"is_ascension_mode":false,"campfire_upgraded":3,"path_taken":["M","?","?","M","?","R","M","R","T","M","M","$","R","?","R","BOSS","M","M","?","M"],"build_version":"2018-02-15-PROD1","purchased_purges":1,"victory":false,"master_deck":["Defend_G","Defend_G","Defend_G","Defend_G","Defend_G","Strike_G","Strike_G","Strike_G","Strike_G","Survivor","Neutralize+1","Footwork+1","Flying Knee","Riddle With Holes","Heel Hook","Backflip","Caltrops+1","Dagger Spray","Envenom","Regret","Decay","Writhe","Noxious Fumes","Backflip"],"max_hp_per_floor":[70,70,70,70,70,70,70,70,70,70,70,70,70,70,70,70,70,70,70,70],"relics":["Ring of the Snake","Tiny Chest","Oddly Smooth Stone","Frozen Eye","Calling Bell","Sundial","Vajra","Bag of Preparation"],"card_choices":[{"not_picked":["Flying Knee","Noxious Fumes"],"picked":"Footwork"},{"not_picked":["Acrobatics","Underhanded Strike"],"picked":"Riddle With Holes"},{"not_picked":["Flying Knee","Underhanded Strike"],"picked":"Heel Hook"},{"not_picked":["Dagger Throw","Accuracy"],"picked":"Backflip"},{"not_picked":["Poisoned Stab","Dagger Throw"],"picked":"Dagger Spray"},{"not_picked":["Adrenaline","Burst"],"picked":"Envenom"},{"not_picked":["Acrobatics","Calculated Gamble"],"picked":"Noxious Fumes"},{"not_picked":["Masterful Stab","Slice"],"picked":"Backflip"}],"player_experience":129890,"potions_floor_usage":[16,18,19],"damage_taken":[{"damage":2,"enemies":"Small Slimes","floor":1,"turns":4},{"damage":0,"enemies":"Cultist","floor":4,"turns":4},{"damage":6,"enemies":"Jaw Worm","floor":7,"turns":6},{"damage":12,"enemies":"Lots of Slimes","floor":10,"turns":5},{"damage":5,"enemies":"3 Louse","floor":11,"turns":5},{"damage":3,"enemies":"Exordium Thugs","floor":14,"turns":6},{"damage":20,"enemies":"Hexaghost","floor":16,"turns":8},{"damage":34,"enemies":"2 Thieves","floor":18,"turns":5},{"damage":17,"enemies":"Spheric Guardian","floor":19,"turns":6},{"damage":20,"enemies":"Snecko","floor":21,"turns":6}],"event_choices":[{"event_name":"Transmorgrifier","player_choice":"Transform","floor":2,"damage_taken":0},{"event_name":"Scrap Ooze","player_choice":"success","floor":3,"damage_taken":12},{"event_name":"Big Fish","player_choice":"Box","floor":5,"damage_taken":0},{"event_name":"Drug Dealer","player_choice":"Ignored","floor":20,"damage_taken":0}],"boss_relics":[{"not_picked":["Tiny House","Runic Dome"],"picked":"Calling Bell"}],"potions_floor_spawned":[1,10,11],"seed_played":"9153857450380561189","killed_by":"Snecko","ascension_level":0,"is_trial":false}