{"gold_per_floor":[117,136,67,142,13,13,38,38,38,68,68,85,136,154,154,230,230,249,249,45,144,144,156,202,243,255,292,404,471,495,519,531,622,684,714,726,750,196,251,280,296,296,296,326,326,326,326,342,342,342],"floor_reached":51,"playtime":2594,"items_purged":["Defend_G","Parasite"],"score":1804,"play_id":"640c7d58-8220-4fb5-8d96-08f559e4f525","local_time":"20181218170150","is_ascension_mode":true,"campfire_choices":[{"floor":6.0,"key":"REST"},{"data":"Neutralize","floor":8.0,"key":"SMITH"},{"floor":15.0,"key":"REST"},{"floor":23.0,"key":"REST"},{"floor":32.0,"key":"REST"},{"data":"1","floor":45,"key":"LIFT"},{"data":"2","floor":47,"key":"LIFT"},{"data":"3","floor":49,"key":"LIFT"}],"neow_cost":"NONE","seed_source_timestamp":0,"circlet_count":0,"master_deck":["AscendersBane","Defend_G","Defend_G","Defend_G","Defend_G","Strike_G","Strike_G","Strike_G","Strike_G","Strike_G","Survivor","Neutralize+1","Backflip","Backstab+1","Dagger Spray","Deadly Poison","Cloak And Dagger","Die Die Die","Cloak And Dagger","Finisher","Adrenaline","Accuracy","Escape Plan"],"special_seed":0,"relics":["Ring of the Snake","Bottled Flame","Ninja Scroll","Kunai","Fusion Hammer","MutagenicStrength","Sling","MawBank","Red Mask","Tough Bandages","Mummified Hand","Ornamental Fan","Tingsha","Gremlin Horn","Tiny Chest","Tiny House","Gambling Chip","Lantern","FossilizedHelix","Girya","Nunchaku","Singing Bowl","Molten Egg 2"],"potions_floor_usage":[33,50,50],"damage_taken":[{"damage":8.0,"enemies":"Cultist","floor":1.0,"turns":4.0},{"damage":1.0,"enemies":"Small Slimes","floor":2.0,"turns":4.0},{"damage":28.0,"enemies":"Gremlin Nob","floor":7.0,"turns":5.0},{"damage":29.0,"enemies":"Lagavulin","floor":10.0,"turns":6.0},{"damage":2.0,"enemies":"Jaw Worm","floor":12.0,"turns":2.0},{"damage":0.0,"enemies":"2 Fungi Beasts","floor":14.0,"turns":1.0},{"damage":30.0,"enemies":"The Guardian","floor":16.0,"turns":12.0},{"damage":0.0,"enemies":"3 Byrds","floor":18.0,"turns":2.0},{"damage":0.0,"enemies":"Masked Bandits","floor":24.0,"turns":2.0},{"damage":9.0,"enemies":"Book of Stabbing","floor":25.0,"turns":4.0},{"damage":0.0,"enemies":"Slavers","floor":27.0,"turns":1.0},{"damage":0.0,"enemies":"Colosseum Slavers","floor":28.0,"turns":3.0},{"damage":0.0,"enemies":"Colosseum Nobs","floor":28.0,"turns":3.0},{"damage":0.0,"enemies":"Gremlin Leader","floor":29.0,"turns":4.0},{"damage":0.0,"enemies":"2 Thieves","floor":30.0,"turns":2.0},{"damage":3.0,"enemies":"Centurion and Healer","floor":31.0,"turns":7.0},{"damage":62,"enemies":"Collector","floor":33,"turns":16},{"damage":0,"enemies":"Orb Walker","floor":35,"turns":2},{"damage":8,"enemies":"3 Shapes","floor":37,"turns":1},{"damage":0,"enemies":"2 Orb Walkers","floor":39,"turns":3},{"damage":0,"enemies":"Nemesis","floor":40,"turns":7},{"damage":0,"enemies":"Jaw Worm Horde","floor":41,"turns":1},{"damage":0,"enemies":"Reptomancer","floor":44,"turns":1},{"damage":0,"enemies":"4 Shapes","floor":48,"turns":1},{"damage":47,"enemies":"Awakened One","floor":50,"turns":23}],"seed_played":"7985258375697398724","potions_obtained":[{"floor":1.0,"key":"LiquidBronze"},{"floor":12.0,"key":"Poison Potion"},{"floor":14.0,"key":"Fire Potion"},{"floor":16.0,"key":"Weak Potion"},{"floor":24.0,"key":"Poison Potion"},{"floor":25.0,"key":"PowerPotion"},{"floor":29.0,"key":"Ancient Potion"},{"floor":33,"key":"GamblersBrew"},{"floor":34,"key":"Dexterity Potion"},{"floor":35,"key":"Energy Potion"}],"is_trial":false,"path_per_floor":["M","M","$","?","$","R","E","R","T","E","?","M","?","M","R","B",null,"M","?","$","?","?","R","?","E","T","E","?","E","M","M","R","B",null,"M","?","M","$","?","E","M","?","T","E","R","T","R","M","R","B",null],"character_chosen":"THE_SILENT","items_purchased":["Backstab","Dagger Spray","Sling","Gambling Chip","Lantern"],"campfire_rested":4,"item_purchase_floors":[3,5,20,38,38],"current_hp_per_floor":[51,50,50,39,39,58,30,30,30,1,17,15,15,15,34,4,51,51,51,51,51,51,66,66,57,57,57,57,57,57,54,66,4,56,56,56,48,48,48,48,48,48,48,50,50,50,50,52,52,5],"gold":342,"neow_bonus":"THREE_CARDS","is_prod":false,"is_daily":false,"chose_seed":false,"campfire_upgraded":1,"win_rate":0,"timestamp":1545159710,"path_taken":["M","M","$","?","$","R","E","R","T","E","?","?","?","M","R","BOSS","M","?","$","?","?","R","?","E","T","E","?","E","M","?","R","BOSS","M","?","M","$","?","E","M","?","T","E","R","?","R","M","R","BOSS"],"build_version":"2018-12-17","purchased_purges":2,"victory":true,"max_hp_per_floor":[66,66,66,66,66,66,66,66,66,66,66,66,66,66,66,66,66,66,66,66,66,66,66,66,66,66,66,66,66,66,66,66,66,71,71,71,71,68,68,68,68,68,68,70,70,70,70,72,72,72],"card_choices":[{"not_picked":["Sucker Punch","Slice"],"picked":"Caltrops","floor":0.0},{"not_picked":["Reflex","Calculated Gamble"],"picked":"Backflip","floor":1.0},{"not_picked":["Acrobatics","Bane","Catalyst"],"picked":"SKIP","floor":2.0},{"not_picked":["Bouncing Flask","All Out Attack"],"picked":"Deadly Poison","floor":7.0},{"not_picked":["Malaise","Blade Dance"],"picked":"Cloak And Dagger","floor":10.0},{"not_picked":["Setup","Eviscerate","Flying Knee"],"picked":"SKIP","floor":12.0},{"not_picked":["Underhanded Strike","Deflect","Setup"],"picked":"SKIP","floor":14.0},{"not_picked":["Glass Knife","Tools of the Trade"],"picked":"Die Die Die","floor":16.0},{"not_picked":["Prepared","All Out Attack+1","Acrobatics"],"picked":"SKIP","floor":18.0},{"not_picked":["Flechettes","Prepared"],"picked":"Cloak And Dagger","floor":24.0},{"not_picked":["Bane","Well Laid Plans"],"picked":"Finisher","floor":25.0},{"not_picked":["Riddle With Holes","Acrobatics+1","Crippling Poison"],"picked":"SKIP","floor":27.0},{"not_picked":["Corpse Explosion","Cloak And Dagger"],"picked":"Caltrops","floor":29.0},{"not_picked":["Endless Agony","Outmaneuver+1","Dash"],"picked":"SKIP","floor":30.0},{"not_picked":["Finisher","Footwork","Dodge and Roll"],"picked":"SKIP","floor":31.0},{"not_picked":["Tools of the Trade","After Image"],"picked":"Adrenaline","floor":33},{"not_picked":["PiercingWail","Dagger Throw"],"picked":"Accuracy","floor":35},{"not_picked":["Sucker Punch","PiercingWail","Endless Agony"],"picked":"SKIP","floor":37},{"not_picked":["Outmaneuver","Riddle With Holes"],"picked":"Escape Plan","floor":39},{"not_picked":["Flying Knee","Unload","Expertise"],"picked":"SKIP","floor":40},{"not_picked":["Acrobatics","Escape Plan+1","Prepared"],"picked":"SKIP","floor":41},{"not_picked":["All Out Attack","Poisoned Stab","Storm of Steel"],"picked":"Singing Bowl","floor":44},{"not_picked":["Deadly Poison","Flying Knee+1","Flechettes+1"],"picked":"Singing Bowl","floor":48}],"player_experience":886936,"relics_obtained":[{"floor":7.0,"key":"Bottled Flame"},{"floor":9.0,"key":"Ninja Scroll"},{"floor":10.0,"key":"Kunai"},{"floor":24.0,"key":"Red Mask"},{"floor":25.0,"key":"Tough Bandages"},{"floor":26.0,"key":"Mummified Hand"},{"floor":27.0,"key":"Ornamental Fan"},{"floor":28.0,"key":"Tingsha"},{"floor":28.0,"key":"Gremlin Horn"},{"floor":29.0,"key":"Tiny Chest"},{"floor":39,"key":"FossilizedHelix"},{"floor":40,"key":"Girya"},{"floor":43,"key":"Nunchaku"},{"floor":44,"key":"Singing Bowl"},{"floor":46,"key":"Molten Egg 2"}],"event_choices":[{"damage_healed":0.0,"max_hp_gain":0.0,"max_hp_loss":0.0,"gold_gain":75.0,"event_name":"World of Goop","player_choice":"Gather Gold","floor":4.0,"gold_loss":0.0,"damage_taken":11.0},{"damage_healed":16.0,"max_hp_gain":0.0,"max_hp_loss":0.0,"gold_gain":0.0,"event_name":"Mushrooms","player_choice":"Healed and dodged fight","floor":11.0,"gold_loss":0.0,"damage_taken":0.0,"cards_obtained":["Parasite"]},{"damage_healed":0.0,"max_hp_gain":0.0,"max_hp_loss":0.0,"gold_gain":51.0,"event_name":"Golden Wing","player_choice":"Gained Gold","floor":13.0,"gold_loss":0.0,"damage_taken":0.0},{"damage_healed":0.0,"max_hp_gain":0.0,"max_hp_loss":0.0,"gold_gain":0.0,"event_name":"Drug Dealer","player_choice":"Inject Mutagens","floor":19.0,"gold_loss":0.0,"damage_taken":0.0,"relics_obtained":["MutagenicStrength"]},{"damage_healed":0.0,"max_hp_gain":0.0,"max_hp_loss":0.0,"gold_gain":99.0,"event_name":"Nest","player_choice":"Stole From Cult","floor":21.0,"gold_loss":0.0,"damage_taken":0.0},{"damage_healed":0.0,"max_hp_gain":0.0,"max_hp_loss":0.0,"gold_gain":0.0,"event_name":"The Mausoleum","player_choice":"Opened","floor":22.0,"gold_loss":0.0,"damage_taken":0.0,"relics_obtained":["MawBank"]},{"damage_healed":0.0,"max_hp_gain":0.0,"max_hp_loss":0.0,"gold_gain":0.0,"event_name":"Masked Bandits","player_choice":"Fought Bandits","floor":24.0,"gold_loss":0.0,"damage_taken":0.0},{"damage_healed":0.0,"max_hp_gain":0.0,"max_hp_loss":0.0,"gold_gain":0.0,"event_name":"Colosseum","player_choice":"Fight","floor":28.0,"gold_loss":0.0,"damage_taken":0.0},{"damage_healed":0.0,"max_hp_gain":0.0,"max_hp_loss":0.0,"gold_gain":0.0,"event_name":"Colosseum","player_choice":"Fought Nobs","floor":28.0,"gold_loss":0.0,"damage_taken":0.0},{"cards_removed":["Caltrops"],"damage_healed":0,"gold_gain":0,"player_choice":"Removed Power","damage_taken":0,"max_hp_gain":0,"max_hp_loss":0,"event_name":"Falling","floor":36,"gold_loss":0},{"damage_healed":0,"gold_gain":0,"player_choice":"Fight","damage_taken":0,"max_hp_gain":0,"max_hp_loss":0,"event_name":"Mysterious Sphere","floor":39,"gold_loss":0},{"damage_healed":0,"gold_gain":0,"player_choice":"Ignored","damage_taken":0,"max_hp_gain":0,"max_hp_loss":0,"event_name":"Tomb of Lord Red Mask","floor":42,"gold_loss":0}],"is_beta":true,"boss_relics":[{"not_picked":["Orrery","Velvet Choker"],"picked":"Fusion Hammer"},{"not_picked":["Calling Bell","White Beast Statue"],"picked":"Tiny House"}],"items_purged_floors":[5,38],"is_endless":false,"potions_floor_spawned":[1,12,14,16,24,25,29,33,35,40,41],"ascension_level":14}