{"path_per_floor":["M","?","?","$","M","R","M","M","T","M","$","R","M","M","R","B",null,"M","T","?","$","M","R","M"],"character_chosen":"THE_SILENT","items_purchased":["Acrobatics","Corpse Explosion","Deadly Poison"],"gold_per_floor":[118,193,193,67,79,79,91,105,153,169,33,33,50,60,60,158,158,174,198,198,74,86,86,106,106],"floor_reached":25,"campfire_rested":2,"playtime":1136,"current_hp_per_floor":[70,59,59,59,59,59,59,59,59,53,53,53,25,17,38,17,70,37,37,37,37,19,40,19,19],"items_purged":["Strike_G","Strike_G"],"gold":106,"score":195,"play_id":"9fbe52a2-2632-4674-993a-28b38d3d45ef","local_time":"20180426184907","is_prod":false,"is_daily":false,"chose_seed":false,"is_ascension_mode":false,"campfire_upgraded":2,"timestamp":1524779347,"path_taken":["M","?","?","?","M","R","M","M","T","M","$","R","?","M","R","BOSS","M","?","?","$","M","R","M","M"],"build_version":"2018-04-19","seed_source_timestamp":47884628142402,"purchased_purges":2,"victory":false,"master_deck":["Defend_G","Defend_G","Defend_G","Defend_G","Defend_G","Strike_G","Strike_G","Strike_G","Survivor","Neutralize","Footwork","Bouncing Flask","Purity","Acrobatics+1","Tactician","Deadly Poison","Underhanded Strike","Corpse Explosion+1","Unload","Bullet Time","Prepared","Deadly Poison"],"max_hp_per_floor":[70,70,70,70,70,70,70,70,70,70,70,70,70,70,70,70,70,70,70,70,70,70,70,70,70],"relics":["Runic Pyramid"],"card_choices":[{"not_picked":["Deflect","Bane"],"picked":"Footwork","floor":1.0},{"not_picked":["Acrobatics","Prepared"],"picked":"Tactician","floor":5.0},{"not_picked":["Dagger Spray","Footwork"],"picked":"Deadly Poison","floor":7.0},{"not_picked":["Dagger Throw","Leg Sweep"],"picked":"Underhanded Strike","floor":8.0},{"not_picked":["Deadly Poison","Outmaneuver"],"picked":"Unload","floor":13},{"not_picked":["A Thousand Cuts","Night Terror"],"picked":"Bullet Time","floor":16},{"not_picked":["Skewer","Sucker Punch"],"picked":"Prepared","floor":18}],"player_experience":750448,"potions_floor_usage":[16,16],"damage_taken":[{"damage":0.0,"enemies":"2 Louse","floor":1.0,"turns":4.0},{"damage":0.0,"enemies":"Small Slimes","floor":5.0,"turns":4.0},{"damage":0.0,"enemies":"Cultist","floor":7.0,"turns":3.0},{"damage":0.0,"enemies":"2 Fungi Beasts","floor":8.0,"turns":4.0},{"damage":6,"enemies":"Exordium Wildlife","floor":10,"turns":5},{"damage":28,"enemies":"Gremlin Gang","floor":13,"turns":6},{"damage":8,"enemies":"Red Slaver","floor":14,"turns":4},{"damage":21,"enemies":"Slime Boss","floor":16,"turns":10},{"damage":33,"enemies":"Shell Parasite","floor":18,"turns":9},{"damage":18,"enemies":"3 Byrds","floor":22,"turns":4},{"damage":21,"enemies":"Snake Plant","floor":24,"turns":5},{"damage":0,"enemies":"3 Cultists","floor":25,"turns":1}],"event_choices":[{"event_name":"World of Goop","player_choice":"Gather Gold","floor":2.0,"damage_taken":0.0},{"event_name":"Match and Keep!","player_choice":"2 cards matched","floor":3.0,"damage_taken":0.0},{"event_name":"Duplicator","player_choice":"Ignored","floor":20,"damage_taken":0}],"boss_relics":[{"not_picked":["Tiny House","Orrery","Runic Dome"]}],"potions_floor_spawned":[1,5,14,16,18],"seed_played":"-2995464348515920698","killed_by":"3 Cultists","ascension_level":0,"is_trial":false}