{"gold_per_floor":[110,410,421,14,28,28,62,62,62,87,102,137,137,154,154,258,258,276,201,215,235,90,121,121,121],"floor_reached":25,"playtime":1550,"items_purged":["Regret"],"score":265,"play_id":"c4fcb1bb-5f56-4b4e-9991-6b12f5f98779","local_time":"20190217170710","is_ascension_mode":true,"campfire_choices":[{"floor":6,"key":"RECALL"},{"data":"Shrug It Off","floor":13,"key":"SMITH"},{"data":"Warcry","floor":15,"key":"SMITH"},{"floor":24,"key":"REST"}],"neow_cost":"CURSE","seed_source_timestamp":860871051670230,"circlet_count":0,"master_deck":["Strike_R","Strike_R","Strike_R","Strike_R","Defend_R","Defend_R","Defend_R","Bash","Shrug It Off+1","Seeing Red","Evolve","Metallicize","Flash of Steel+1","Thunderclap+1","Clothesline+1","Cleave+1","Iron Wave+1","Warcry+1","Berserk","Cleave+1","Thunderclap+1","Feed+1"],"relics":["Burning Blood","Old Coin","Molten Egg 2","Bag of Marbles","NlothsMask","Juzu Bracelet","Bird Faced Urn","Black Star","Question Card","Blood Vial"],"potions_floor_usage":[16,21,23,25],"damage_taken":[{"damage":1,"enemies":"Small Slimes","floor":1,"turns":3},{"damage":9,"enemies":"Cultist","floor":3,"turns":4},{"damage":14,"enemies":"2 Louse","floor":5,"turns":3},{"damage":10,"enemies":"3 Sentries","floor":7,"turns":8},{"damage":15,"enemies":"Lagavulin","floor":10,"turns":5},{"damage":0,"enemies":"Gremlin Gang","floor":11,"turns":2},{"damage":11,"enemies":"3 Sentries","floor":12,"turns":5},{"damage":5,"enemies":"Blue Slaver","floor":14,"turns":3},{"damage":40,"enemies":"The Guardian","floor":16,"turns":13},{"damage":25,"enemies":"Spheric Guardian","floor":18,"turns":5},{"damage":21,"enemies":"Shell Parasite","floor":20,"turns":8},{"damage":29,"enemies":"Centurion and Healer","floor":21,"turns":4},{"damage":29,"enemies":"Gremlin Leader","floor":23,"turns":6},{"damage":40,"enemies":"Book of Stabbing","floor":25,"turns":7}],"seed_played":"8481363374290547917","potions_obtained":[{"floor":10,"key":"Strength Potion"},{"floor":11,"key":"AttackPotion"},{"floor":12,"key":"Poison Potion"},{"floor":16,"key":"Block Potion"},{"floor":20,"key":"Swift Potion"}],"is_trial":false,"path_per_floor":["M","?","M","$","M","R","E","?","T","E","M","E","R","M","R","B",null,"M","?","M","M","$","E","R","E"],"character_chosen":"IRONCLAD","items_purchased":["Molten Egg 2","Flash of Steel+1","Feed+1"],"campfire_rested":1,"item_purchase_floors":[4,4,22],"current_hp_per_floor":[80,80,77,77,69,69,65,65,65,56,62,57,57,62,62,30,80,63,63,50,29,29,10,34,0],"gold":121,"neow_bonus":"TRANSFORM_TWO_CARDS","is_prod":false,"is_daily":false,"chose_seed":false,"campfire_upgraded":2,"win_rate":0,"timestamp":1550441230,"path_taken":["M","?","M","$","M","R","E","?","T","E","M","E","R","M","R","BOSS","M","?","M","M","$","E","R","E"],"build_version":"2019-01-23","purchased_purges":1,"victory":false,"max_hp_per_floor":[80,80,80,80,80,80,80,80,80,80,80,80,80,80,80,80,80,80,80,80,80,80,80,80,80],"card_choices":[{"not_picked":["Perfected Strike","Body Slam"],"picked":"Evolve","floor":1},{"not_picked":["Combust","Clash"],"picked":"Metallicize","floor":3},{"not_picked":["Shrug It Off","Body Slam+1"],"picked":"Thunderclap+1","floor":5},{"not_picked":["True Grit","Flex"],"picked":"Clothesline+1","floor":7},{"not_picked":["Twin Strike+1","Flex"],"picked":"Cleave+1","floor":10},{"not_picked":["Dual Wield","Infernal Blade"],"picked":"Iron Wave+1","floor":11},{"not_picked":["True Grit","Fire Breathing","Burning Pact"],"picked":"SKIP","floor":12},{"not_picked":["Bludgeon+1","Combust"],"picked":"Warcry","floor":14},{"not_picked":["Exhume","Fiend Fire+1"],"picked":"Berserk","floor":16},{"not_picked":["Havoc","Reckless Charge+1","Armaments"],"picked":"SKIP","floor":18},{"not_picked":["Twin Strike+1","Clash+1"],"picked":"Cleave+1","floor":20},{"not_picked":["Sentinel","Perfected Strike+1"],"picked":"Thunderclap+1","floor":21},{"not_picked":["Body Slam+1","Shockwave","Clothesline+1"],"picked":"SKIP","floor":23}],"player_experience":126932,"relics_obtained":[{"floor":7,"key":"Bag of Marbles"},{"floor":10,"key":"Juzu Bracelet"},{"floor":12,"key":"Bird Faced Urn"},{"floor":23,"key":"Question Card"},{"floor":23,"key":"Blood Vial"}],"event_choices":[{"damage_healed":0,"gold_gain":0,"player_choice":"Box","damage_taken":0,"relics_obtained":["Old Coin"],"max_hp_gain":0,"max_hp_loss":0,"event_name":"Big Fish","floor":2,"gold_loss":0,"cards_obtained":["Regret"]},{"damage_healed":0,"gold_gain":0,"player_choice":"Trade","damage_taken":0,"relics_obtained":["NlothsMask"],"max_hp_gain":0,"max_hp_loss":0,"event_name":"FaceTrader","floor":8,"gold_loss":0},{"cards_removed":["Clumsy"],"damage_healed":0,"gold_gain":0,"player_choice":"Gave Gold","damage_taken":0,"max_hp_gain":0,"max_hp_loss":0,"event_name":"Beggar","floor":19,"gold_loss":75}],"is_beta":false,"boss_relics":[{"not_picked":["Calling Bell","Velvet Choker"],"picked":"Black Star"}],"items_purged_floors":[4],"is_endless":false,"potions_floor_spawned":[10,11,12,16,20],"killed_by":"Book of Stabbing","ascension_level":2}