{"path_per_floor":["M","?","?","M","$","R","M","T","T","?","M","E","M","E","R","B",null,"M","$","?","M","?","R"],"character_chosen":"THE_SILENT","items_purchased":["Predator","Accuracy","Anchor"],"gold_per_floor":[110,110,285,296,148,148,159,159,159,159,173,203,214,245,245,341,341,358,71,71,82,82,82],"floor_reached":24,"campfire_rested":2,"playtime":1803,"current_hp_per_floor":[62,62,62,58,58,58,58,58,58,58,51,41,41,31,49,3,48,25,25,25,18,18,36],"items_purged":["Doubt","Strike_G"],"gold":82,"score":255,"play_id":"849b313e-d54e-4735-aaa3-5d35e70500ee","is_prod":false,"is_daily":false,"is_ascension_mode":true,"campfire_upgraded":1,"path_taken":["M","?","?","?","$","R","M","?","T","?","M","E","?","E","R","BOSS","M","$","?","?","?","R","E"],"build_version":"2018-02-15-PROD1","purchased_purges":2,"victory":false,"master_deck":["Defend_G","Defend_G","Defend_G","Defend_G","Defend_G","Strike_G","Strike_G","Survivor","Neutralize+1","Endless Agony","Predator+1","After Image","Dagger Spray","Cloak And Dagger","Sucker Punch","Burst+1","Die Die Die","Blade Dance","Accuracy","Cloak And Dagger"],"max_hp_per_floor":[63,63,63,63,63,63,63,63,63,63,63,63,63,63,63,63,63,63,63,63,63,63,63],"relics":["Ring of the Snake","Gambling Chip","Unceasing Top","Lantern","Bottled Lightning","Black Star","Anchor"],"card_choices":[{"not_picked":["Backflip","Poisoned Stab"],"picked":"Endless Agony"},{"not_picked":["Underhanded Strike","Endless Agony"],"picked":"After Image"},{"not_picked":["Slice","Deadly Poison"],"picked":"Dagger Spray"},{"not_picked":["Dagger Throw","Venomology"],"picked":"Cloak And Dagger"},{"not_picked":["Noxious Fumes","Dagger Spray"],"picked":"Sucker Punch"},{"not_picked":["Flying Knee","Dagger Spray"],"picked":"Burst"},{"not_picked":["Phantasmal Killer","Storm of Steel"],"picked":"Die Die Die"},{"not_picked":["Underhanded Strike","Dodge and Roll"],"picked":"Blade Dance"},{"not_picked":["Quick Slash","Noxious Fumes"],"picked":"Cloak And Dagger"}],"player_experience":219886,"potions_floor_usage":[16,18,21],"damage_taken":[{"damage":1,"enemies":"Jaw Worm","floor":1,"turns":7},{"damage":4,"enemies":"Cultist","floor":4,"turns":6},{"damage":0,"enemies":"Small Slimes","floor":7,"turns":2},{"damage":7,"enemies":"Exordium Thugs","floor":11,"turns":8},{"damage":10,"enemies":"Lagavulin","floor":12,"turns":7},{"damage":0,"enemies":"Exordium Wildlife","floor":13,"turns":3},{"damage":10,"enemies":"Gremlin Nob","floor":14,"turns":4},{"damage":46,"enemies":"The Guardian","floor":16,"turns":18},{"damage":32,"enemies":"2 Thieves","floor":18,"turns":4},{"damage":7,"enemies":"Chosen","floor":21,"turns":6},{"damage":27,"enemies":"Book of Stabbing","floor":24,"turns":7}],"event_choices":[{"event_name":"Living Wall","player_choice":"Grow","floor":2,"damage_taken":0},{"event_name":"Liars Game","player_choice":"agreed","floor":3,"damage_taken":0},{"event_name":"Golden Idol","player_choice":"Ignored","floor":10,"damage_taken":0},{"event_name":"Addict","player_choice":"Ignored","floor":20,"damage_taken":0},{"event_name":"Upgrade Shrine","player_choice":"Upgraded","floor":22,"damage_taken":0}],"boss_relics":[{"not_picked":["The Specimen","Sozu"],"picked":"Black Star"}],"potions_floor_spawned":[7,11,16,21],"seed_played":"2763446206710829786","killed_by":"Book of Stabbing","ascension_level":5,"is_trial":false}