{"path_per_floor":["M","M","M","?","?","E","$","M","T","M","?","M","$","M","R","B",null,"M","$","?","$","?","R","E","M","T","R","E","M","R","M","R","B",null,"M","?","?","M","M","R","M","$","T","M","$","$","M","M","R","B"],"character_chosen":"IRONCLAD","items_purchased":["Dropkick","Girya"],"gold_per_floor":[109,122,138,138,213,247,96,116,116,133,83,102,2,17,17,114,114,131,6,206,56,56,56,87,107,131,131,162,180,180,192,192,293,323,342,342,342,355,366,366,380,380,380,390,81,81,94,113,113,113],"floor_reached":51,"campfire_rested":4,"playtime":1701,"current_hp_per_floor":[64,64,59,59,48,40,40,34,34,40,40,35,35,41,41,16,72,72,72,72,72,72,72,19,25,25,46,25,20,42,50,50,35,87,88,88,88,81,91,93,71,71,71,59,59,59,44,54,84,61],"items_purged":["Defend_R","Strike_R","Strike_R","Ghostly Armor"],"gold":113,"score":841,"play_id":"7e5801ba-d82f-48ad-b0da-97b63f5486aa","local_time":"20180318125025","is_prod":false,"is_daily":false,"is_ascension_mode":false,"campfire_upgraded":3,"timestamp":1521388225,"path_taken":["M","M","M","?","?","E","$","M","T","M","?","?","?","M","R","BOSS","M","$","?","$","?","R","E","M","T","R","E","M","R","M","R","BOSS","M","?","?","M","M","R","M","$","T","M","?","$","M","M","R","BOSS"],"build_version":"2018-03-15v3","purchased_purges":5,"victory":true,"master_deck":["Bash+1","Flex+1","Dropkick+1","Rage+1","Limit Break+1"],"max_hp_per_floor":[72,72,72,72,72,72,72,72,72,72,72,72,72,72,72,72,72,72,72,72,72,72,72,72,72,72,72,74,76,76,78,78,80,87,89,89,89,91,93,93,95,95,95,97,97,97,99,101,101,101],"relics":["Burning Blood","Shuriken","Red Skull","Astrolabe","Bird Faced Urn","Singing Bowl","Blood Vial","Tiny House","Pen Nib","Girya"],"card_choices":[{"not_picked":["Metallicize","Rupture"],"picked":"Flex"},{"not_picked":["Headbutt","Sever Soul"],"picked":"Rage"}],"player_experience":593504,"potions_floor_usage":[6,6,16,16,18,25,28,33,35,50],"damage_taken":[{"damage":14,"enemies":"2 Louse","floor":1,"turns":3},{"damage":6,"enemies":"Cultist","floor":2,"turns":3},{"damage":11,"enemies":"Jaw Worm","floor":3,"turns":2},{"damage":14,"enemies":"Gremlin Nob","floor":6,"turns":3},{"damage":12,"enemies":"Blue Slaver","floor":8,"turns":2},{"damage":0,"enemies":"3 Louse","floor":10,"turns":2},{"damage":11,"enemies":"Large Slime","floor":12,"turns":2},{"damage":0,"enemies":"Exordium Wildlife","floor":14,"turns":2},{"damage":31,"enemies":"The Guardian","floor":16,"turns":5},{"damage":0,"enemies":"2 Thieves","floor":18,"turns":3},{"damage":59,"enemies":"Slavers","floor":24,"turns":6},{"damage":0,"enemies":"Shell Parasite","floor":25,"turns":2},{"damage":29,"enemies":"Gremlin Leader","floor":28,"turns":5},{"damage":15,"enemies":"Snecko","floor":29,"turns":3},{"damage":2,"enemies":"Centurion and Healer","floor":31,"turns":3},{"damage":25,"enemies":"Automaton","floor":33,"turns":6},{"damage":7,"enemies":"3 Shapes","floor":35,"turns":3},{"damage":16,"enemies":"3 Darklings","floor":38,"turns":3},{"damage":0,"enemies":"Maw","floor":39,"turns":4},{"damage":30,"enemies":"4 Shapes","floor":41,"turns":4},{"damage":22,"enemies":"3 Darklings","floor":44,"turns":3},{"damage":25,"enemies":"Sphere and 2 Shapes","floor":47,"turns":5},{"damage":0,"enemies":"Maw","floor":48,"turns":4},{"damage":40,"enemies":"Awakened One","floor":50,"turns":5}],"event_choices":[{"event_name":"The Lab","player_choice":"Got Potions","floor":4,"damage_taken":0},{"event_name":"World of Goop","player_choice":"Gather Gold","floor":5,"damage_taken":0},{"event_name":"The Cleric","player_choice":"Card Removal","floor":11,"damage_taken":0},{"event_name":"Wheel of Change","player_choice":"Gold","floor":20,"damage_taken":0},{"event_name":"Purifier","player_choice":"One Purge","floor":22,"damage_taken":0},{"event_name":"Mysterious Sphere","player_choice":"Ignore","floor":36,"damage_taken":0},{"event_name":"Transmorgrifier","player_choice":"Skipped","floor":37,"damage_taken":0}],"boss_relics":[{"not_picked":["Runic Pyramid","Snecko Eye"],"picked":"Astrolabe"},{"not_picked":["Question Card","Eternal Feather"],"picked":"Tiny House"}],"potions_floor_spawned":[3,6,12,14,24,25,31,33,35,38,39,41],"seed_played":"4654427273590368197","ascension_level":0,"is_trial":false}