{"path_per_floor":["M","?","M","T","M","R","M","M","T","R","?","M","R","M","R","B",null,"M","?","$","M","M","R","M","R","T","M","$","M","$","T","R"],"character_chosen":"IRONCLAD","items_purchased":["Rage"],"gold_per_floor":[110,185,201,227,243,243,260,274,274,274,224,243,243,259,259,359,359,371,371,296,316,333,333,344,344,421,438,301,318,193,216,216],"floor_reached":33,"campfire_rested":4,"playtime":947,"current_hp_per_floor":[75,64,70,70,70,70,53,44,44,44,44,36,60,66,66,28,80,80,64,64,34,19,43,31,55,55,27,27,33,33,33,57],"items_purged":["Defend_R","Defend_R","Strike_R"],"gold":216,"score":241,"play_id":"93a8b20f-af11-4baa-9034-561d776e6bf9","local_time":"20180318161905","is_prod":false,"is_daily":false,"is_ascension_mode":false,"campfire_upgraded":3,"timestamp":1521400745,"path_taken":["M","?","?","?","M","R","M","M","T","R","?","M","R","M","R","BOSS","M","?","$","M","M","R","M","R","T","M","?","M","$","?","R","BOSS"],"build_version":"2018-03-15v3","purchased_purges":3,"victory":false,"master_deck":["Strike_R","Strike_R","Strike_R","Strike_R","Bash+1","Flex+1","Rampage+1","Dropkick","Limit Break","Dual Wield","Clash","Rage"],"max_hp_per_floor":[80,80,80,80,80,80,80,80,80,80,80,80,80,80,80,80,80,80,80,80,80,80,80,80,80,80,80,80,80,80,80,80],"relics":["Burning Blood","Oddly Smooth Stone","Frozen Eye","Sozu","Enchiridion","Tiny Chest","Blood Vial"],"card_choices":[{"not_picked":["Whirlwind","Pommel Strike"],"picked":"Flex"},{"not_picked":["Berserk","Inflame"],"picked":"Rampage"},{"not_picked":["Shockwave","Fire Breathing"],"picked":"Dropkick"},{"not_picked":["Berserk","Impervious"],"picked":"Limit Break"},{"not_picked":["Wild Strike","Whirlwind"],"picked":"Dual Wield"},{"not_picked":["Armaments","Cleave"],"picked":"Clash"}],"player_experience":604315,"potions_floor_usage":[16,24,27,29],"damage_taken":[{"damage":11,"enemies":"Jaw Worm","floor":1,"turns":2},{"damage":0,"enemies":"Small Slimes","floor":3,"turns":3},{"damage":6,"enemies":"Cultist","floor":5,"turns":3},{"damage":23,"enemies":"Lots of Slimes","floor":7,"turns":5},{"damage":15,"enemies":"Exordium Thugs","floor":8,"turns":3},{"damage":14,"enemies":"Looter","floor":12,"turns":3},{"damage":0,"enemies":"Large Slime","floor":14,"turns":3},{"damage":44,"enemies":"The Guardian","floor":16,"turns":9},{"damage":4,"enemies":"Spheric Guardian","floor":18,"turns":3},{"damage":36,"enemies":"2 Thieves","floor":21,"turns":3},{"damage":21,"enemies":"Snake Plant","floor":22,"turns":3},{"damage":18,"enemies":"3 Cultists","floor":24,"turns":4},{"damage":40,"enemies":"Sentry and Sphere","floor":27,"turns":5},{"damage":0,"enemies":"Centurion and Healer","floor":29,"turns":4},{"damage":60,"enemies":"Champ","floor":33,"turns":6}],"event_choices":[{"event_name":"World of Goop","player_choice":"Gather Gold","floor":2,"damage_taken":0},{"event_name":"The Cleric","player_choice":"Card Removal","floor":11,"damage_taken":0},{"event_name":"Cursed Tome","player_choice":"Obtained Book","floor":19,"damage_taken":0}],"boss_relics":[{"not_picked":["Eternal Feather","Mark of Pain"],"picked":"Sozu"}],"potions_floor_spawned":[1,8,12,16,22,24],"seed_played":"-8894223499785659852","killed_by":"Champ","ascension_level":0,"is_trial":false}