{"gold_per_floor":[113,63,76,94,94,422,422,447,518,531,124,139,158,173,173,272,272,237,254,267,277,295,325,325,325,374,403,415],"floor_reached":28,"playtime":2739,"items_purged":[],"score":256,"play_id":"1c11aa73-d5eb-4388-a01b-82d31991f98a","local_time":"20190107190558","is_ascension_mode":false,"campfire_choices":[{"floor":7,"key":"REST"},{"floor":15,"key":"REST"},{"floor":24,"key":"REST"}],"neow_cost":"PERCENT_DAMAGE","seed_source_timestamp":187979727351176,"circlet_count":0,"master_deck":["Defend_G","Defend_G","Defend_G","Defend_G","Strike_G","Strike_G","Strike_G","Survivor","Neutralize","A Thousand Cuts","Caltrops","Prepared","Calculated Gamble","Poisoned Stab","Envenom","Venomology","Catalyst","Backstab","Flash of Steel","Infinite Blades","Quick Slash","Escape Plan","Backflip","After Image","Bouncing Flask+1","Catalyst","Dagger Throw","Poisoned Stab","Catalyst","After Image","After Image","Deflect"],"relics":["Ring of the Snake","Old Coin","Centennial Puzzle","Pear","Matryoshka","Lizard Tail","Blood Vial","Omamori","MawBank"],"potions_floor_usage":[8,8,12,13,14,16,16,16,16,19,21,22,22,22,23,23,27,28],"damage_taken":[{"damage":1,"enemies":"2 Louse","floor":1,"turns":3},{"damage":5,"enemies":"Small Slimes","floor":3,"turns":4},{"damage":2,"enemies":"Cultist","floor":4,"turns":4},{"damage":39,"enemies":"3 Sentries","floor":6,"turns":11},{"damage":2,"enemies":"Lagavulin","floor":8,"turns":5},{"damage":16,"enemies":"Lots of Slimes","floor":10,"turns":4},{"damage":7,"enemies":"Large Slime","floor":12,"turns":6},{"damage":0,"enemies":"Red Slaver","floor":13,"turns":3},{"damage":5,"enemies":"Exordium Thugs","floor":14,"turns":4},{"damage":10,"enemies":"Hexaghost","floor":16,"turns":6},{"damage":29,"enemies":"2 Thieves","floor":18,"turns":5},{"damage":15,"enemies":"3 Byrds","floor":19,"turns":5},{"damage":11,"enemies":"Centurion and Healer","floor":20,"turns":8},{"damage":8,"enemies":"Snecko","floor":21,"turns":4},{"damage":22,"enemies":"Snake Plant","floor":22,"turns":7},{"damage":32,"enemies":"Slavers","floor":23,"turns":4},{"damage":32,"enemies":"Cultist and Chosen","floor":27,"turns":7},{"damage":5,"enemies":"Shelled Parasite and Fungi","floor":28,"turns":1}],"seed_played":"1228980774962741373","potions_obtained":[{"floor":3,"key":"PowerPotion"},{"floor":10,"key":"Weak Potion"},{"floor":13,"key":"AttackPotion"},{"floor":14,"key":"Strength Potion"},{"floor":16,"key":"SpeedPotion"},{"floor":21,"key":"GamblersBrew"},{"floor":22,"key":"EssenceOfSteel"},{"floor":27,"key":"GhostInAJar"}],"is_trial":false,"path_per_floor":["M","?","M","M","?","E","R","E","T","M","$","M","M","M","R","B",null,"M","M","M","M","M","E","R","?","T","M","M"],"character_chosen":"THE_SILENT","items_purchased":["Flash of Steel","Infinite Blades","Matryoshka"],"campfire_rested":3,"item_purchase_floors":[11,11,11],"current_hp_per_floor":[48,48,43,41,41,2,23,21,31,15,15,8,8,3,27,17,80,51,36,25,17,40,8,32,32,32,2,0],"gold":415,"neow_bonus":"TRANSFORM_TWO_CARDS","is_prod":false,"is_daily":false,"chose_seed":false,"campfire_upgraded":0,"win_rate":0.0,"timestamp":1546905958,"path_taken":["M","?","M","M","?","E","R","E","T","?","$","M","?","M","R","BOSS","M","?","M","M","M","E","R","?","T","?","M"],"build_version":"2019-01-03v4","purchased_purges":0,"victory":false,"max_hp_per_floor":[70,70,70,70,70,70,70,70,80,80,80,80,80,80,80,80,80,80,80,80,80,80,80,80,80,80,80,80],"card_choices":[{"not_picked":["Deflect","Poisoned Stab"],"picked":"Prepared","floor":1},{"not_picked":["Outmaneuver","Endless Agony"],"picked":"Calculated Gamble","floor":3},{"not_picked":["Flying Knee","Quick Slash"],"picked":"Poisoned Stab","floor":4},{"not_picked":["Phantasmal Killer","Deadly Poison"],"picked":"Venomology","floor":6},{"not_picked":["Blade Dance","Outmaneuver"],"picked":"Catalyst","floor":8},{"not_picked":["Deflect","Infinite Blades"],"picked":"Backstab","floor":10},{"not_picked":["Bane","Outmaneuver"],"picked":"Quick Slash","floor":12},{"not_picked":["Skewer","Dodge and Roll"],"picked":"Escape Plan","floor":13},{"not_picked":["Underhanded Strike","Sucker Punch"],"picked":"Backflip","floor":14},{"not_picked":["A Thousand Cuts","Envenom"],"picked":"After Image","floor":16},{"not_picked":["Terror","Bane"],"picked":"Bouncing Flask+1","floor":18},{"not_picked":["Bouncing Flask+1","Backflip"],"picked":"Catalyst","floor":19},{"not_picked":["Acrobatics+1","Calculated Gamble"],"picked":"Dagger Throw","floor":20},{"not_picked":["Heel Hook","Caltrops"],"picked":"Poisoned Stab","floor":21},{"not_picked":["Acrobatics","Dodge and Roll"],"picked":"Catalyst","floor":22},{"not_picked":["Calculated Gamble","Blade Dance"],"picked":"After Image","floor":23},{"not_picked":["Dodge and Roll","Sucker Punch"],"picked":"Deflect","floor":27}],"player_experience":19463,"relics_obtained":[{"floor":6,"key":"Old Coin"},{"floor":8,"key":"Centennial Puzzle"},{"floor":9,"key":"Pear"},{"floor":23,"key":"Blood Vial"},{"floor":26,"key":"Omamori"},{"floor":26,"key":"MawBank"}],"event_choices":[{"cards_removed":["Strike_G"],"damage_healed":0,"gold_gain":0,"player_choice":"Card Removal","damage_taken":0,"max_hp_gain":0,"max_hp_loss":0,"event_name":"The Cleric","floor":2,"gold_loss":50},{"damage_healed":0,"gold_gain":0,"player_choice":"1 cards matched","damage_taken":0,"max_hp_gain":0,"max_hp_loss":0,"event_name":"Match and Keep!","floor":5,"gold_loss":0,"cards_obtained":["Envenom"]},{"damage_healed":0,"gold_gain":0,"player_choice":"Copied","damage_taken":0,"max_hp_gain":0,"max_hp_loss":0,"event_name":"Duplicator","floor":25,"gold_loss":0,"cards_obtained":["After Image"]}],"is_beta":false,"boss_relics":[{"not_picked":["Velvet Choker","Empty Cage"],"picked":"Lizard Tail"}],"items_purged_floors":[],"is_endless":false,"potions_floor_spawned":[3,10,13,14,16,21,22,27],"killed_by":"Shelled Parasite and Fungi","ascension_level":0}