{"path_per_floor":["M","?","?","$","T","E","M","R","T","M","M","?","$","$","R","B",null,"M","?","?","?"],"character_chosen":"THE_SILENT","items_purchased":["Deflect","Deadly Poison"],"gold_per_floor":[110,110,110,35,35,69,81,81,81,93,109,184,57,33,33,134,134,149,149,149,149],"floor_reached":22,"campfire_rested":1,"playtime":964,"current_hp_per_floor":[63,49,42,42,42,42,42,42,42,43,45,34,34,34,55,46,65,11,11,11,11],"items_purged":["Strike_G","Defend_G"],"gold":119,"score":308,"play_id":"70cede38-37d0-44ad-8e6e-7797a0fa05fd","is_prod":false,"is_daily":false,"is_ascension_mode":true,"campfire_upgraded":1,"path_taken":["M","?","?","$","?","E","M","R","T","M","?","?","?","$","R","BOSS","M","?","?","?","?"],"build_version":"2018-02-22-PROD2","purchased_purges":2,"victory":false,"master_deck":["Defend_G","Defend_G+1","Defend_G+1","Defend_G","Strike_G","Strike_G","Strike_G","Strike_G","Survivor","Neutralize+1","Deadly Poison","Footwork","Deflect","Deadly Poison","Corpse Explosion"],"max_hp_per_floor":[70,70,67,67,67,67,67,67,67,69,71,71,71,71,71,71,71,73,73,73,73],"relics":["Ring of the Snake","NeowsBlessing","Tough Bandages","Matryoshka","Singing Bowl","Lantern","The Specimen"],"card_choices":[{"not_picked":["Leg Sweep","Endless Agony"],"picked":"Deadly Poison"},{"not_picked":["Dodge and Roll","Eviscerate"],"picked":"Footwork"},{"not_picked":["Tools of the Trade","Tactician"],"picked":"Corpse Explosion"}],"player_experience":389773,"potions_floor_usage":[10,16],"damage_taken":[{"damage":0,"enemies":"Jaw Worm","floor":1,"turns":1},{"damage":0,"enemies":"Gremlin Nob","floor":6,"turns":1},{"damage":0,"enemies":"2 Louse","floor":7,"turns":1},{"damage":1,"enemies":"Small Slimes","floor":10,"turns":4},{"damage":0,"enemies":"Exordium Wildlife","floor":11,"turns":6},{"damage":9,"enemies":"The Guardian","floor":16,"turns":13},{"damage":56,"enemies":"Chosen","floor":18,"turns":7},{"damage":9,"enemies":"2 Thieves","floor":22,"turns":2}],"event_choices":[{"event_name":"Shining Light","player_choice":"Entered Light","floor":2,"damage_taken":0},{"event_name":"Golden Wing","player_choice":"Card Removal","floor":3,"damage_taken":0},{"event_name":"World of Goop","player_choice":"Gather Gold","floor":12,"damage_taken":0},{"event_name":"Vampires","player_choice":"Ignored","floor":19,"damage_taken":0},{"event_name":"Cursed Tome","player_choice":"Ignored","floor":20,"damage_taken":0},{"event_name":"Drug Dealer","player_choice":"Ignored","floor":21,"damage_taken":0}],"boss_relics":[{"not_picked":["Question Card","Lizard Tail"],"picked":"The Specimen"}],"potions_floor_spawned":[6,10],"seed_played":"-4489190898086269316","killed_by":"2 Thieves","ascension_level":10,"is_trial":false}