{"path_per_floor":["M","M","?","?","?","R","M","?","T","R","M","$","M","M","R","B",null,"M","M","$","M","?","R","?","R","T","M","R","M","$","M","R","B",null,"M","?","M","?","$","R","E","M","T","R","M","R","$","$","R","B"],"character_chosen":"IRONCLAD","items_purchased":["Limit Break","Heavy Blade","Weak Potion"],"gold_per_floor":[116,136,136,136,136,136,153,103,154,154,167,14,25,40,40,142,142,158,173,98,114,114,114,114,114,114,124,124,134,34,47,47,142,142,152,152,166,166,41,41,68,83,136,136,156,156,109,60,60,60],"floor_reached":51,"campfire_rested":3,"playtime":1956,"current_hp_per_floor":[80,80,80,80,80,80,80,80,80,80,76,76,75,73,73,41,80,80,74,74,54,54,54,80,80,80,66,66,39,39,20,59,50,80,70,60,37,29,29,68,10,13,15,54,62,62,62,62,62,36],"items_purged":["Defend_R","Defend_R","Defend_R"],"gold":60,"score":616,"play_id":"1686f0ce-9290-4bc2-b79f-5ff99afb3246","local_time":"20180305201331","is_prod":false,"is_daily":false,"is_ascension_mode":true,"campfire_upgraded":8,"timestamp":1520291611,"path_taken":["M","M","?","?","?","R","?","?","T","R","M","$","M","?","R","BOSS","M","?","$","M","?","R","?","R","T","?","R","M","$","M","R","BOSS","M","?","M","?","$","R","E","?","T","R","M","R","?","$","R","BOSS"],"build_version":"2018-03-01-PROD1","purchased_purges":3,"victory":true,"master_deck":["Strike_R","Strike_R","Bash","Spot Weakness+1","Twin Strike","Headbutt+1","Sword Boomerang","Limit Break+1","Iron Wave","Flex+1","Bloodletting+1","Bludgeon+1","Double Tap+1","Rage+1","Rampage+1","Whirlwind+1","Madness","Madness+1","Heavy Blade+1"],"max_hp_per_floor":[80,80,80,80,80,80,80,80,80,80,80,80,80,80,80,80,80,80,80,80,80,80,80,80,80,80,80,80,80,80,80,80,80,80,80,80,80,80,80,80,80,80,82,82,84,84,84,84,84,84],"relics":["Burning Blood","Ancient Tea Set","Prayer Wheel","Self Forming Clay","Regal Pillow","Astrolabe","Vajra","Velvet Choker","Kunai","Singing Bowl"],"card_choices":[{"not_picked":["Headbutt","Flex"],"picked":"Spot Weakness"},{"not_picked":["Rupture","Iron Wave"],"picked":"Twin Strike"},{"not_picked":["Reckless Charge","Impervious"],"picked":"Headbutt"},{"not_picked":["Intimidate","Carnage"],"picked":"Sword Boomerang"},{"not_picked":["Cleave","Clothesline"],"picked":"Iron Wave"},{"not_picked":["Armaments","Anger"],"picked":"Flex"},{"not_picked":["Headbutt","Pommel Strike"],"picked":"Rage"},{"not_picked":["Reckless Charge","Perfected Strike"],"picked":"Rampage"},{"not_picked":["Shrug It Off","Pummel"],"picked":"Whirlwind"}],"player_experience":446101,"potions_floor_usage":[7,14,19,27,31,33,45,50,50,50],"damage_taken":[{"damage":4,"enemies":"Small Slimes","floor":1,"turns":3},{"damage":2,"enemies":"Jaw Worm","floor":2,"turns":3},{"damage":0,"enemies":"2 Louse","floor":7,"turns":2},{"damage":10,"enemies":"2 Fungi Beasts","floor":11,"turns":3},{"damage":7,"enemies":"Exordium Wildlife","floor":13,"turns":3},{"damage":14,"enemies":"3 Louse","floor":14,"turns":3},{"damage":38,"enemies":"Hexaghost","floor":16,"turns":6},{"damage":3,"enemies":"Chosen","floor":18,"turns":3},{"damage":12,"enemies":"3 Byrds","floor":19,"turns":4},{"damage":26,"enemies":"3 Cultists","floor":21,"turns":5},{"damage":20,"enemies":"Snecko","floor":27,"turns":4},{"damage":33,"enemies":"Slaver and Parasite","floor":29,"turns":4},{"damage":25,"enemies":"Centurion and Healer","floor":31,"turns":5},{"damage":15,"enemies":"Champ","floor":33,"turns":9},{"damage":16,"enemies":"Orb Walker","floor":35,"turns":3},{"damage":29,"enemies":"3 Shapes","floor":37,"turns":5},{"damage":64,"enemies":"Nemesis","floor":41,"turns":5},{"damage":3,"enemies":"Maw","floor":42,"turns":6},{"damage":0,"enemies":"3 Darklings","floor":45,"turns":1},{"damage":32,"enemies":"Awakened One","floor":50,"turns":6}],"event_choices":[{"event_name":"Big Fish","player_choice":"Box","floor":3,"damage_taken":0},{"event_name":"Living Wall","player_choice":"Forget","floor":4,"damage_taken":0},{"event_name":"Wheel of Change","player_choice":"Relic","floor":5,"damage_taken":0},{"event_name":"The Cleric","player_choice":"Card Removal","floor":8,"damage_taken":0},{"event_name":"N\u0027loth","player_choice":"Ignored","floor":22,"damage_taken":0},{"event_name":"The Library","player_choice":"Heal","floor":24,"damage_taken":0},{"event_name":"Winding Halls","player_choice":"Embrace Madness","floor":36,"damage_taken":0},{"event_name":"Wheel of Change","player_choice":"Damage","floor":38,"damage_taken":0}],"boss_relics":[{"not_picked":["Runic Dome","Ectoplasm"],"picked":"Astrolabe"},{"not_picked":["Runic Cube","Lizard Tail"],"picked":"Velvet Choker"}],"potions_floor_spawned":[2,13,14,19,21,31,37,42,45],"seed_played":"7154582402671766630","ascension_level":3,"is_trial":false}