{"gold_per_floor":[114,114,114,129,129,159,159,174,199,124,124,124,162,181,181,306,306,325,250,250,150,169,169,188,243,243,243,243,281,281,6,6,106,106,121,18,33,48,123,123,138,45,120,120,120,150,150,165,165,165],"floor_reached":50,"playtime":5815,"items_purged":["Strike_B","Strike_B","Defend_B"],"score":544,"play_id":"0b351724-2c06-4752-a8d0-f6bb2e285c1c","local_time":"20180801195817","daily_mods":["Brewmaster","Binary","Terminal"],"is_ascension_mode":false,"campfire_choices":[{"data":"Zap","floor":7,"key":"SMITH"},{"data":"Go for the Eyes","floor":11,"key":"SMITH"},{"data":"Venomology","floor":15,"key":"SMITH"},{"data":"Dualcast","floor":23,"key":"SMITH"},{"data":"Scrape","floor":27,"key":"SMITH"},{"data":"Ball Lightning","floor":32,"key":"SMITH"},{"data":"Beam Cell","floor":40,"key":"SMITH"},{"data":"All For One","floor":47,"key":"SMITH"},{"data":"All For One","floor":49,"key":"SMITH"}],"neow_cost":"","seed_source_timestamp":0,"circlet_count":0,"master_deck":["Strike_B+1","Defend_B+1","Zap+1","Dualcast+1","Venomology","Venomology+1","Venomology","Venomology","Venomology","Self Repair","Self Repair+1","Go for the Eyes+1","Self Repair+1","Genetic Algorithm","Scrape+1","All For One+1","Static Discharge+1","Chaos+1","Hello World+1","Ball Lightning+1","All For One+1","Beam Cell+1","Finesse","Beam Cell+1","Cold Snap+1","Dramatic Entrance","Panacea","Lockon+1"],"special_seed":17745,"relics":["Cracked Core","White Beast Statue","Frozen Egg 2","Turnip","Potion Belt","DataDisk","Bloody Idol","Pen Nib","Nuclear Battery","Tiny Chest","Symbiotic Virus","Dodecahedron","Strawberry","Runic Pyramid","Pantograph","Sundial"],"potions_floor_usage":[1,4,4,6,6,6,6,6,6,8,8,13,13,13,13,13,13,14,14,14,16,16,16,16,16,18,18,18,18,22,22,22,24,24,24,24,24,29,29,29,29,29,33,33,33,33,33,33,33,33,33,33,33,35,35,37,37,37,37,37,37,38,38,38,38,38,41,41,41,41,46,46,46,46,46,46,46,46,48,48,48,48,48,50,50,50,50,50,50,50,50,50,50],"damage_taken":[{"damage":0,"enemies":"Jaw Worm","floor":1,"turns":4},{"damage":0,"enemies":"Small Slimes","floor":4,"turns":2},{"damage":3,"enemies":"3 Sentries","floor":6,"turns":6},{"damage":0,"enemies":"Cultist","floor":8,"turns":3},{"damage":12,"enemies":"Lagavulin","floor":13,"turns":6},{"damage":3,"enemies":"Blue Slaver","floor":14,"turns":3},{"damage":2,"enemies":"Hexaghost","floor":16,"turns":9},{"damage":3,"enemies":"Chosen","floor":18,"turns":5},{"damage":2,"enemies":"3 Byrds","floor":22,"turns":3},{"damage":6,"enemies":"3 Cultists","floor":24,"turns":4},{"damage":0,"enemies":"Book of Stabbing","floor":29,"turns":4},{"damage":14,"enemies":"Collector","floor":33,"turns":7},{"damage":0,"enemies":"Orb Walker","floor":35,"turns":2},{"damage":10,"enemies":"3 Darklings","floor":37,"turns":4},{"damage":10,"enemies":"Flame Bruiser 2 Orb","floor":38,"turns":5},{"damage":2,"enemies":"Sphere and 2 Shapes","floor":41,"turns":3},{"damage":8,"enemies":"Giant Head","floor":46,"turns":6},{"damage":7,"enemies":"3 Darklings","floor":48,"turns":4},{"damage":39,"enemies":"Time Eater","floor":50,"turns":10}],"seed_played":"-7677364722762969759","potions_obtained":[{"floor":4,"key":"Energy Potion"},{"floor":6,"key":"Fire Potion"},{"floor":13,"key":"SpeedPotion"},{"floor":14,"key":"EssenceOfSteel"},{"floor":18,"key":"FearPotion"},{"floor":22,"key":"Dexterity Potion"},{"floor":33,"key":"Fire Potion"},{"floor":37,"key":"Fire Potion"},{"floor":38,"key":"Fire Potion"},{"floor":41,"key":"Strength Potion"},{"floor":46,"key":"EssenceOfSteel"},{"floor":48,"key":"SkillPotion"}],"is_trial":false,"path_per_floor":["M","?","?","M","?","E","R","M","T","$","R","?","E","M","R","B",null,"M","?","?","$","M","R","M","T","T","R","?","E","?","$","R","B",null,"M","$","M","M","?","R","M","$","T","?","?","E","R","M","R"],"character_chosen":"DEFECT","items_purchased":["Strawberry","Finesse","Dramatic Entrance"],"campfire_rested":0,"item_purchase_floors":[31,36,42],"current_hp_per_floor":[73,61,47,54,54,68,67,66,65,64,63,48,61,60,59,58,57,56,55,54,53,52,51,50,49,48,47,46,45,44,50,49,48,47,46,45,40,43,39,39,40,39,38,37,36,35,34,33,32,0],"gold":165,"neow_bonus":"","is_prod":false,"is_daily":true,"chose_seed":false,"campfire_upgraded":9,"win_rate":0,"timestamp":1533178697,"path_taken":["M","?","?","M","?","E","R","?","T","$","R","?","E","M","R","BOSS","M","?","?","$","M","R","M","?","T","R","?","E","?","$","R","BOSS","M","$","M","M","?","R","M","$","T","?","?","E","R","M","R","BOSS"],"build_version":"2018-07-26","purchased_purges":3,"victory":false,"max_hp_per_floor":[73,72,71,70,69,68,67,66,65,64,63,62,61,60,59,58,57,56,55,54,53,52,51,50,49,48,47,46,45,44,50,49,48,47,46,45,44,43,42,41,40,39,38,37,36,35,34,33,32,32],"card_choices":[{"not_picked":["White Noise"],"picked":"Self Repair","floor":1},{"not_picked":["Beam Cell"],"picked":"Self Repair+1","floor":4},{"not_picked":["Gash"],"picked":"Go for the Eyes","floor":6},{"not_picked":["Double Energy"],"picked":"Self Repair+1","floor":8},{"not_picked":["Beam Cell"],"picked":"Genetic Algorithm","floor":13},{"not_picked":["Tempest"],"picked":"Scrape","floor":14},{"not_picked":["Hyperbeam"],"picked":"All For One","floor":16},{"not_picked":["Turbo"],"picked":"Static Discharge+1","floor":18},{"not_picked":["Darkness+1"],"picked":"Chaos+1","floor":22},{"not_picked":["Undo","Blizzard"],"picked":"SKIP","floor":24},{"not_picked":["Turbo"],"picked":"Ball Lightning","floor":29},{"not_picked":["Core Surge"],"picked":"All For One","floor":33},{"not_picked":["Cold Snap+1"],"picked":"Beam Cell+1","floor":35},{"not_picked":["Skim"],"picked":"Beam Cell","floor":37},{"not_picked":["Turbo","Barrage"],"picked":"SKIP","floor":38},{"not_picked":["All For One"],"picked":"Cold Snap+1","floor":41},{"not_picked":["Transmutation"],"picked":"Panacea","floor":44},{"not_picked":["Reinforced Body+1","Compile Driver"],"picked":"SKIP","floor":46},{"not_picked":["Fusion"],"picked":"Lockon+1","floor":48}],"player_experience":98774,"relics_obtained":[{"floor":6,"key":"Potion Belt"},{"floor":9,"key":"DataDisk"},{"floor":13,"key":"Pen Nib"},{"floor":25,"key":"Tiny Chest"},{"floor":26,"key":"Symbiotic Virus"},{"floor":29,"key":"Dodecahedron"},{"floor":43,"key":"Pantograph"},{"floor":46,"key":"Sundial"}],"event_choices":[{"event_name":"Scrap Ooze","player_choice":"success","floor":2,"damage_taken":12},{"event_name":"Shining Light","player_choice":"Entered Light","floor":3,"damage_taken":0},{"event_name":"WeMeetAgain","player_choice":"Potion","floor":5,"damage_taken":0},{"event_name":"Golden Idol","player_choice":"Take Damage","floor":12,"damage_taken":0},{"event_name":"Beggar","player_choice":"Gave Gold","floor":19,"damage_taken":0},{"event_name":"Back to Basics","player_choice":"Elegance","floor":20,"damage_taken":0},{"event_name":"The Library","player_choice":"Read","floor":28,"damage_taken":0},{"event_name":"Forgotten Altar","player_choice":"Gave Idol","floor":30,"damage_taken":0},{"event_name":"FaceTrader","player_choice":"Touch","floor":39,"damage_taken":0},{"event_name":"SensoryStone","player_choice":"Memory 1","floor":44,"damage_taken":0},{"event_name":"Bonfire Elementals","player_choice":"BASIC","floor":45,"damage_taken":0}],"is_beta":false,"boss_relics":[{"not_picked":["Philosopher\u0027s Stone","Empty Cage"],"picked":"Nuclear Battery"},{"not_picked":["Fusion Hammer","Inserter"],"picked":"Runic Pyramid"}],"items_purged_floors":[10,21,31],"is_endless":false,"potions_floor_spawned":[1,4,6,8,13,14,16,18,22,24,29,33,35,37,38,41,46,48],"killed_by":"Time Eater","ascension_level":0}