{"gold_per_floor":[116,116,135,135,60,93,93,119,195,195,210,49,49,62,62,167,167,178,178,178,194,209,244,244,256,281,281,381,396,396,410,410,508,508],"floor_reached":34,"playtime":1135,"items_purged":[],"score":592,"play_id":"5dbc60e1-1ea3-4372-8dd5-5c88fb328985","local_time":"20190125141408","is_ascension_mode":true,"campfire_choices":[{"data":"Go for the Eyes","floor":7.0,"key":"SMITH"},{"data":"Gash","floor":13.0,"key":"SMITH"},{"data":"Zap","floor":15.0,"key":"SMITH"},{"data":"Coolheaded","floor":24.0,"key":"SMITH"},{"data":"Dualcast","floor":27.0,"key":"SMITH"},{"data":"Steam","floor":30.0,"key":"SMITH"},{"floor":32.0,"key":"REST"}],"neow_cost":"NONE","seed_source_timestamp":0,"circlet_count":0,"master_deck":["Strike_B","Strike_B","Defend_B+1","Defend_B","Defend_B","Defend_B","Zap+1","Dualcast+1","Conserve Battery+1","Madness","Madness+1","BootSequence","Biased Cognition","Gash+1","Madness","Steam+1","Electrodynamics","Coolheaded+1","Capacitor","Madness+1","Echo Form"],"special_seed":0,"relics":["Cracked Core","NeowsBlessing","Omamori","Centennial Puzzle","Meat on the Bone","Nuclear Battery","Dream Catcher","Vajra"],"potions_floor_usage":[],"damage_taken":[{"damage":0.0,"enemies":"2 Louse","floor":1.0,"turns":1.0},{"damage":0.0,"enemies":"Cultist","floor":3.0,"turns":1.0},{"damage":0.0,"enemies":"3 Sentries","floor":6.0,"turns":1.0},{"damage":19.0,"enemies":"Gremlin Nob","floor":8.0,"turns":4.0},{"damage":0.0,"enemies":"Small Slimes","floor":11.0,"turns":2.0},{"damage":1.0,"enemies":"Looter","floor":14.0,"turns":2.0},{"damage":18.0,"enemies":"Slime Boss","floor":16.0,"turns":6.0},{"damage":0.0,"enemies":"Chosen","floor":18.0,"turns":4.0},{"damage":5.0,"enemies":"Spheric Guardian","floor":21.0,"turns":3.0},{"damage":4.0,"enemies":"Snake Plant","floor":22.0,"turns":4.0},{"damage":24.0,"enemies":"Slavers","floor":23.0,"turns":3.0},{"damage":0.0,"enemies":"3 Cultists","floor":25.0,"turns":4.0},{"damage":6.0,"enemies":"Sentry and Sphere","floor":29.0,"turns":4.0},{"damage":12.0,"enemies":"Snake Plant","floor":31.0,"turns":5.0},{"damage":31.0,"enemies":"Champ","floor":33.0,"turns":9.0}],"seed_played":"6082054564431848779","potions_obtained":[{"floor":6.0,"key":"Swift Potion"},{"floor":11.0,"key":"Weak Potion"},{"floor":22.0,"key":"Explosive Potion"},{"floor":25.0,"key":"Weak Potion"},{"floor":31.0,"key":"Poison Potion"},{"floor":33.0,"key":"Swift Potion"}],"is_trial":false,"path_per_floor":["M","?","M","?","$","E","R","E","T","?","M","$","R","M","R","B",null,"M","?","?","M","M","E","R","M","T","R","?","M","R","M","R","B",null],"character_chosen":"DEFECT","items_purchased":["FTL","All For One"],"campfire_rested":1,"item_purchase_floors":[5,12],"current_hp_per_floor":[68,53,53,46,46,46,46,27,27,27,39,39,39,38,38,32,64,64,50,50,45,41,29,29,41,41,41,41,47,47,47,71,52,52],"gold":508,"neow_bonus":"THREE_ENEMY_KILL","is_prod":false,"is_daily":false,"chose_seed":false,"campfire_upgraded":6,"win_rate":0,"timestamp":1548432848,"path_taken":["M","?","M","?","$","E","R","E","T","?","M","$","R","?","R","BOSS","M","?","?","M","M","E","R","M","T","R","?","M","R","?","R","BOSS"],"build_version":"2019-01-23","purchased_purges":0,"victory":false,"max_hp_per_floor":[75,75,75,75,75,75,75,75,75,75,75,75,75,75,75,75,75,75,80,80,80,80,80,80,80,80,80,80,80,80,80,80,80,80],"card_choices":[{"not_picked":["Barrage","Steam"],"picked":"Conserve Battery","floor":1.0},{"not_picked":["Hologram","Steam","Sweeping Beam"],"picked":"SKIP","floor":3.0},{"not_picked":["Skim","Conserve Battery"],"picked":"Go for the Eyes","floor":6.0},{"not_picked":["Redo","Turbo"],"picked":"BootSequence","floor":8.0},{"not_picked":["Self Repair","Leap"],"picked":"Gash","floor":11.0},{"not_picked":["Stack","Amplify"],"picked":"Steam","floor":14.0},{"not_picked":["Core Surge","Meteor Strike"],"picked":"Electrodynamics","floor":16.0},{"not_picked":["Turbo","Consume"],"picked":"Coolheaded","floor":18.0},{"not_picked":["Storm","Streamline+1","Cold Snap"],"picked":"SKIP","floor":21.0},{"not_picked":["Compile Driver+1","Streamline"],"picked":"Capacitor","floor":22.0},{"not_picked":["Cold Snap","Sweeping Beam"],"picked":"Ball Lightning+1","floor":23.0},{"not_picked":["Go for the Eyes","Barrage","Aggregate"],"picked":"SKIP","floor":25.0},{"not_picked":["Creative AI","Sweeping Beam","Capacitor"],"picked":"SKIP","floor":29.0},{"not_picked":["Melter+1","Static Discharge","Ball Lightning+1"],"picked":"SKIP","floor":31.0},{"not_picked":["Thunder Strike","Multi-Cast"],"picked":"Echo Form","floor":33.0}],"player_experience":980622,"relics_obtained":[{"floor":6.0,"key":"Omamori"},{"floor":8.0,"key":"Centennial Puzzle"},{"floor":9.0,"key":"Meat on the Bone"},{"floor":23.0,"key":"Dream Catcher"},{"floor":26.0,"key":"Vajra"}],"event_choices":[{"damage_healed":0.0,"max_hp_gain":0.0,"max_hp_loss":0.0,"gold_gain":0.0,"event_name":"Shining Light","player_choice":"Entered Light","floor":2.0,"gold_loss":0.0,"damage_taken":15.0,"cards_upgraded":["Defend_B","Conserve Battery"]},{"cards_removed":["Strike_B"],"damage_healed":0.0,"max_hp_gain":0.0,"max_hp_loss":0.0,"gold_gain":0.0,"event_name":"Golden Wing","player_choice":"Card Removal","floor":4.0,"gold_loss":0.0,"damage_taken":7.0},{"damage_healed":0.0,"max_hp_gain":0.0,"max_hp_loss":0.0,"gold_gain":0.0,"cards_transformed":["Strike_B"],"event_name":"Transmorgrifier","player_choice":"Transformed","floor":10.0,"gold_loss":0.0,"damage_taken":0.0,"cards_obtained":["Biased Cognition"]},{"damage_healed":0.0,"max_hp_gain":5.0,"max_hp_loss":0.0,"gold_gain":0.0,"event_name":"Forgotten Altar","player_choice":"Shed Blood","floor":19.0,"gold_loss":0.0,"damage_taken":19.0},{"damage_healed":0.0,"max_hp_gain":0.0,"max_hp_loss":0.0,"gold_gain":0.0,"event_name":"Ghosts","player_choice":"Ignored","floor":20.0,"gold_loss":0.0,"damage_taken":0.0},{"damage_healed":0.0,"max_hp_gain":0.0,"max_hp_loss":0.0,"gold_gain":100.0,"event_name":"Golden Shrine","player_choice":"Pray","floor":28.0,"gold_loss":0.0,"damage_taken":0.0}],"is_beta":true,"boss_relics":[{"not_picked":["Eternal Feather","Fusion Hammer"],"picked":"Nuclear Battery"}],"items_purged_floors":[],"is_endless":false,"potions_floor_spawned":[6,11,22,25,31,33],"ascension_level":8}