{"gold_per_floor":[110,110,110,128,203,203,222,222,249,249,249,274,298,313,313,441,441,464,487,168,168,168,168,168],"floor_reached":24,"playtime":926,"items_purged":["Magnetism+1"],"score":186,"play_id":"4a070854-471a-4111-b8b5-e6f371477151","local_time":"20190202180856","is_ascension_mode":false,"campfire_choices":[{"data":"True Grit","floor":6.0,"key":"SMITH"},{"data":"Perfected Strike","floor":10.0,"key":"SMITH"},{"data":"Pommel Strike","floor":15.0,"key":"SMITH"},{"data":"Armaments","floor":23,"key":"SMITH"}],"neow_cost":"PERCENT_DAMAGE","seed_source_timestamp":0,"circlet_count":0,"master_deck":["Strike_R","Strike_R","Strike_R","Strike_R","Strike_R","Defend_R","Defend_R","Defend_R","Defend_R","Bash","Perfected Strike+1","True Grit+1","Battle Trance","Pommel Strike+1","Metallicize","Clothesline","Juggernaut","Armaments+1","Body Slam","Intimidate"],"special_seed":0,"relics":["Burning Blood","Golden Idol","Regal Pillow","Runic Pyramid","Bottled Tornado"],"potions_floor_usage":[],"damage_taken":[{"damage":5.0,"enemies":"2 Louse","floor":1.0,"turns":3.0},{"damage":0.0,"enemies":"Small Slimes","floor":4.0,"turns":3.0},{"damage":1.0,"enemies":"Cultist","floor":7.0,"turns":3.0},{"damage":10.0,"enemies":"2 Fungi Beasts","floor":12.0,"turns":4.0},{"damage":17.0,"enemies":"Large Slime","floor":13.0,"turns":7.0},{"damage":5.0,"enemies":"3 Louse","floor":14.0,"turns":3.0},{"damage":27.0,"enemies":"Hexaghost","floor":16.0,"turns":11.0},{"damage":14,"enemies":"Shell Parasite","floor":18,"turns":7},{"damage":18,"enemies":"Spheric Guardian","floor":19,"turns":5},{"damage":28,"enemies":"3 Cultists","floor":24,"turns":5}],"seed_played":"6107544867576925208","potions_obtained":[{"floor":1.0,"key":"Swift Potion"},{"floor":7.0,"key":"Ancient Potion"},{"floor":16.0,"key":"Fire Potion"},{"floor":19,"key":"Strength Potion"}],"is_trial":false,"path_per_floor":["M","?","?","M","?","R","M","?","T","R","?","M","M","M","R","B",null,"M","M","$","?","?","R","M"],"character_chosen":"IRONCLAD","items_purchased":["Bottled Tornado"],"campfire_rested":0,"item_purchase_floors":[20],"current_hp_per_floor":[57,57,80,80,69,69,74,54,54,54,54,50,39,40,40,19,80,72,60,60,60,60,60,32],"gold":168,"neow_bonus":"RANDOM_COLORLESS_2","is_prod":false,"is_daily":false,"chose_seed":false,"campfire_upgraded":4,"win_rate":0.0,"timestamp":1549152536,"path_taken":["M","?","?","?","?","R","M","?","T","R","?","?","M","M","R","BOSS","M","M","$","?","?","R","M"],"build_version":"2019-01-23","purchased_purges":1,"victory":false,"max_hp_per_floor":[80,80,80,80,80,80,80,80,80,80,80,80,80,80,80,80,80,80,80,80,80,80,80,80],"card_choices":[{"not_picked":["Iron Wave","Heavy Blade"],"picked":"Perfected Strike","floor":1.0},{"not_picked":["Thunderclap","Twin Strike"],"picked":"True Grit","floor":4.0},{"not_picked":["Fire Breathing","Burning Pact"],"picked":"Battle Trance","floor":7.0},{"not_picked":["Clash","Heavy Blade"],"picked":"Pommel Strike","floor":12.0},{"not_picked":["Sever Soul","Clothesline"],"picked":"Metallicize","floor":13.0},{"not_picked":["Seeing Red","Burning Pact"],"picked":"Clothesline","floor":14.0},{"not_picked":["Immolate","Bludgeon"],"picked":"Juggernaut","floor":16.0},{"not_picked":["Iron Wave","Burning Pact+1"],"picked":"Armaments","floor":18},{"not_picked":["Spot Weakness","Wild Strike"],"picked":"Body Slam","floor":19}],"player_experience":101823,"relics_obtained":[{"floor":9.0,"key":"Regal Pillow"}],"event_choices":[{"damage_healed":0.0,"max_hp_gain":0.0,"max_hp_loss":0.0,"gold_gain":0.0,"event_name":"Living Wall","player_choice":"Grow","floor":2.0,"gold_loss":0.0,"damage_taken":0.0,"cards_upgraded":["Magnetism"]},{"cards_removed":["Panacea"],"damage_healed":23.0,"max_hp_gain":0.0,"max_hp_loss":0.0,"gold_gain":0.0,"event_name":"Bonfire Elementals","player_choice":"Offered Uncommon","floor":3.0,"gold_loss":0.0,"damage_taken":0.0},{"damage_healed":0.0,"max_hp_gain":0.0,"max_hp_loss":0.0,"gold_gain":75.0,"event_name":"World of Goop","player_choice":"Gather Gold","floor":5.0,"gold_loss":0.0,"damage_taken":11.0},{"damage_healed":0.0,"max_hp_gain":0.0,"max_hp_loss":0.0,"gold_gain":0.0,"event_name":"Golden Idol","player_choice":"Take Damage","floor":8.0,"gold_loss":0.0,"damage_taken":20.0,"relics_obtained":["Golden Idol"]},{"damage_healed":0.0,"max_hp_gain":0.0,"max_hp_loss":0.0,"gold_gain":0.0,"event_name":"The Cleric","player_choice":"Leave","floor":11.0,"gold_loss":0.0,"damage_taken":0.0},{"damage_healed":0,"gold_gain":0,"player_choice":"Ignored","damage_taken":0,"max_hp_gain":0,"max_hp_loss":0,"event_name":"Vampires","floor":21,"gold_loss":0},{"damage_healed":0,"gold_gain":0,"player_choice":"1 cards matched","damage_taken":0,"max_hp_gain":0,"max_hp_loss":0,"event_name":"Match and Keep!","floor":22,"gold_loss":0,"cards_obtained":["Intimidate"]}],"is_beta":false,"boss_relics":[{"not_picked":["Philosopher\u0027s Stone","Tiny House"],"picked":"Runic Pyramid"}],"items_purged_floors":[20],"is_endless":false,"potions_floor_spawned":[1,7,16,19],"killed_by":"3 Cultists","ascension_level":0}