{"gold_per_floor":[116,116,0,0,17,45,45,65,114,146,159,217,217,217,217,320,320,335,17,27,45,45,45,78,96,96,124,124,139,139,238,238,339,339,350,364,13,26,45,76,76,76,99,99,111,123,148,164,164,164],"floor_reached":51,"playtime":2097,"items_purged":["Defend_B"],"score":1130,"play_id":"b0346a50-c2a0-4850-ba9c-95ce0babae65","local_time":"20190226010245","is_ascension_mode":true,"campfire_choices":[{"data":"Defragment","floor":7,"key":"SMITH"},{"data":"Barrage","floor":13,"key":"SMITH"},{"floor":15,"key":"REST"},{"data":"Defragment","floor":23,"key":"SMITH"},{"data":"Strike_B","floor":30,"key":"PURGE"},{"floor":32,"key":"REST"},{"floor":44,"key":"REST"},{"data":"Multi-Cast","floor":49,"key":"SMITH"}],"neow_cost":"NONE","seed_source_timestamp":26094282548165,"circlet_count":0,"master_deck":["Strike_B+1","Defend_B","Defend_B","Zap","Dualcast","Ball Lightning","Creative AI+1","Bandage Up","Force Field","Defragment+1","Cold Snap","Capacitor","Chill","Barrage+1","Beam Cell","Biased Cognition","Go for the Eyes","Defragment+1","Recycle+1","Self Repair","Barrage+1","Multi-Cast+1","Defragment+1","Defragment","Defragment+1","Barrage","Go for the Eyes+1","Beam Cell+1","Storm","Buffer","Go for the Eyes+1","Capacitor"],"relics":["Cracked Core","NeowsBlessing","Mercury Hourglass","Unceasing Top","Happy Flower","Tiny Chest","Runic Dome","Pantograph","Mummified Hand","Centennial Puzzle","Gremlin Horn","Peace Pipe","Nloth\u0027s Gift","Nuclear Battery","DollysMirror","WingedGreaves","Lantern"],"potions_floor_usage":[24,24,33,33,45,46,50],"damage_taken":[{"damage":0,"enemies":"2 Louse","floor":1,"turns":1},{"damage":0,"enemies":"Cultist","floor":5,"turns":1},{"damage":0,"enemies":"3 Sentries","floor":6,"turns":1},{"damage":10,"enemies":"Small Slimes","floor":8,"turns":3},{"damage":18,"enemies":"Gremlin Nob","floor":10,"turns":4},{"damage":12,"enemies":"Blue Slaver","floor":11,"turns":3},{"damage":15,"enemies":"Lagavulin","floor":12,"turns":7},{"damage":0,"enemies":"Slime Boss","floor":16,"turns":6},{"damage":4,"enemies":"Spheric Guardian","floor":18,"turns":3},{"damage":0,"enemies":"Chosen","floor":20,"turns":3},{"damage":13,"enemies":"Centurion and Healer","floor":21,"turns":5},{"damage":20,"enemies":"Slavers","floor":24,"turns":4},{"damage":17,"enemies":"Snake Plant","floor":25,"turns":3},{"damage":0,"enemies":"Gremlin Leader","floor":27,"turns":4},{"damage":19,"enemies":"Chosen and Byrds","floor":29,"turns":5},{"damage":0,"enemies":"Collector","floor":33,"turns":6},{"damage":31,"enemies":"3 Darklings","floor":35,"turns":3},{"damage":0,"enemies":"Orb Walker","floor":36,"turns":3},{"damage":11,"enemies":"Jaw Worm Horde","floor":38,"turns":4},{"damage":19,"enemies":"3 Darklings","floor":39,"turns":2},{"damage":28,"enemies":"Nemesis","floor":40,"turns":3},{"damage":0,"enemies":"Sphere and 2 Shapes","floor":45,"turns":1},{"damage":0,"enemies":"Jaw Worm Horde","floor":46,"turns":2},{"damage":0,"enemies":"Giant Head","floor":47,"turns":5},{"damage":0,"enemies":"3 Darklings","floor":48,"turns":3},{"damage":23,"enemies":"Time Eater","floor":50,"turns":6}],"seed_played":"-3634330313690537657","potions_obtained":[{"floor":1,"key":"Swift Potion"},{"floor":6,"key":"LiquidBronze"},{"floor":10,"key":"SpeedPotion"},{"floor":20,"key":"Ancient Potion"},{"floor":25,"key":"Energy Potion"},{"floor":29,"key":"Explosive Potion"},{"floor":33,"key":"Strength Potion"},{"floor":35,"key":"SpeedPotion"},{"floor":38,"key":"Energy Potion"},{"floor":47,"key":"Fire Potion"},{"floor":48,"key":"PowerPotion"}],"is_trial":false,"path_per_floor":["M","?","$","T","M","E","R","M","T","E","M","E","R","?","R","B",null,"M","$","M","M","?","R","E","M","T","E","?","M","R","?","R","B",null,"M","M","$","M","M","E","?","?","T","R","M","M","E","M","R","B",null],"character_chosen":"DEFECT","items_purchased":["Force Field","Defragment","Defragment","Pantograph","Defragment","DollysMirror"],"campfire_rested":3,"item_purchase_floors":[3,3,19,19,37,37],"current_hp_per_floor":[75,75,75,75,75,75,75,69,69,55,47,36,36,21,43,47,75,75,75,75,62,62,62,46,40,40,51,51,43,43,43,65,75,75,55,66,66,66,58,41,41,41,41,63,63,70,75,75,75,56],"gold":164,"neow_bonus":"THREE_ENEMY_KILL","is_prod":false,"is_daily":false,"chose_seed":false,"campfire_upgraded":4,"win_rate":0,"timestamp":1551164565,"path_taken":["M","?","$","?","M","E","R","M","T","E","?","E","R","?","R","BOSS","M","$","M","M","?","R","E","M","T","E","?","?","R","?","R","BOSS","M","M","$","M","M","E","?","?","T","R","M","M","E","?","R","BOSS"],"build_version":"2019-01-23","purchased_purges":1,"victory":true,"max_hp_per_floor":[75,75,75,75,75,75,75,75,75,75,75,75,75,75,75,75,75,75,75,75,75,75,75,75,75,75,75,75,75,75,75,75,75,75,75,75,75,75,75,75,75,75,75,75,75,75,75,75,75,75],"card_choices":[{"not_picked":["Turbo","Barrage"],"picked":"Ball Lightning","floor":1},{"not_picked":["Consume","Hyperbeam"],"picked":"Cold Snap","floor":5},{"not_picked":["Turbo","Go for the Eyes"],"picked":"Capacitor","floor":6},{"not_picked":["Ball Lightning","Reprogram"],"picked":"Chill","floor":8},{"not_picked":["Gash","Scrape"],"picked":"Barrage","floor":10},{"not_picked":["Compile Driver","Steam Power"],"picked":"Beam Cell","floor":11},{"not_picked":["All For One","Streamline","Ball Lightning"],"picked":"SKIP","floor":12},{"not_picked":["Echo Form","Buffer"],"picked":"Biased Cognition","floor":16},{"not_picked":["Stack+1","Compile Driver+1"],"picked":"Go for the Eyes","floor":18},{"not_picked":["Blizzard","Genetic Algorithm"],"picked":"Recycle+1","floor":20},{"not_picked":["Rip and Tear","Streamline+1","Turbo"],"picked":"SKIP","floor":21},{"not_picked":["Steam+1","Rebound","Sweeping Beam+1"],"picked":"SKIP","floor":24},{"not_picked":["Coolheaded","Turbo","Rebound"],"picked":"SKIP","floor":25},{"not_picked":["Static Discharge","Steam"],"picked":"Barrage+1","floor":27},{"not_picked":["Genetic Algorithm+1","Electrodynamics","Aggregate"],"picked":"SKIP","floor":29},{"not_picked":["Machine Learning","All For One"],"picked":"Multi-Cast","floor":33},{"not_picked":["Go for the Eyes","Leap+1"],"picked":"Defragment+1","floor":35},{"not_picked":["Sweeping Beam+1","Hello World","Leap+1"],"picked":"SKIP","floor":36},{"not_picked":["Lockon+1","Coolheaded"],"picked":"Barrage","floor":38},{"not_picked":["Cold Snap","Loop+1"],"picked":"Go for the Eyes+1","floor":39},{"not_picked":["Streamline","Heatsinks"],"picked":"Beam Cell+1","floor":40},{"not_picked":["Storm+1","All For One"],"picked":"Buffer","floor":45},{"not_picked":["Hologram","Cold Snap","Stack"],"picked":"SKIP","floor":46},{"not_picked":["Turbo+1","Ball Lightning+1"],"picked":"Go for the Eyes+1","floor":47},{"not_picked":["Beam Cell","Turbo+1"],"picked":"Capacitor","floor":48}],"player_experience":250822,"relics_obtained":[{"floor":4,"key":"Mercury Hourglass"},{"floor":6,"key":"Unceasing Top"},{"floor":9,"key":"Happy Flower"},{"floor":10,"key":"Matryoshka"},{"floor":12,"key":"Tiny Chest"},{"floor":24,"key":"Mummified Hand"},{"floor":26,"key":"Centennial Puzzle"},{"floor":26,"key":"Gremlin Horn"},{"floor":27,"key":"Peace Pipe"},{"floor":40,"key":"WingedGreaves"},{"floor":47,"key":"Lantern"}],"event_choices":[{"damage_healed":0,"gold_gain":0,"player_choice":"2 cards matched","damage_taken":0,"max_hp_gain":0,"max_hp_loss":0,"event_name":"Match and Keep!","floor":2,"gold_loss":0,"cards_obtained":["Creative AI","Bandage Up"]},{"damage_healed":0,"gold_gain":0,"player_choice":"Entered Light","damage_taken":15,"max_hp_gain":0,"max_hp_loss":0,"event_name":"Shining Light","floor":14,"gold_loss":0,"cards_upgraded":["Creative AI","Strike_B"]},{"damage_healed":0,"gold_gain":0,"cards_transformed":["Strike_B","Strike_B"],"player_choice":"Became Test Subject","damage_taken":0,"max_hp_gain":0,"max_hp_loss":0,"event_name":"Drug Dealer","floor":22,"gold_loss":0,"cards_obtained":["Conserve Battery","Self Repair"]},{"damage_healed":0,"gold_gain":0,"player_choice":"Traded Relic","damage_taken":0,"relics_obtained":["Nloth\u0027s Gift"],"max_hp_gain":0,"max_hp_loss":0,"event_name":"N\u0027loth","floor":28,"relics_lost":["Matryoshka"],"gold_loss":0},{"damage_healed":0,"gold_gain":99,"player_choice":"Stole From Cult","damage_taken":0,"max_hp_gain":0,"max_hp_loss":0,"event_name":"Nest","floor":31,"gold_loss":0},{"cards_removed":["Conserve Battery"],"damage_healed":0,"gold_gain":0,"player_choice":"Removed Skill","damage_taken":0,"max_hp_gain":0,"max_hp_loss":0,"event_name":"Falling","floor":41,"gold_loss":0},{"damage_healed":0,"gold_gain":0,"cards_transformed":["Defend_B"],"player_choice":"Transformed","damage_taken":0,"max_hp_gain":0,"max_hp_loss":0,"event_name":"Transmorgrifier","floor":42,"gold_loss":0,"cards_obtained":["Storm"]}],"is_beta":false,"boss_relics":[{"not_picked":["Snecko Eye","Tiny House"],"picked":"Runic Dome"},{"not_picked":["Philosopher\u0027s Stone","FrozenCore"],"picked":"Nuclear Battery"}],"items_purged_floors":[37],"is_endless":false,"potions_floor_spawned":[1,6,10,12,20,25,29,33,35,38,47,48],"ascension_level":3}