{"gold_per_floor":[113,129,30,30,43,43,43,56,56,56,69,69,88,99,99,201,201,217,231,244,107,107,107,134,134,161,161,161,171,171,190,190,190],"floor_reached":33,"playtime":2175,"items_purged":["Defend_R","Strike_R"],"score":284,"play_id":"4b2bd024-6f17-4788-ae91-bdc14ae1f588","local_time":"20180713000322","is_ascension_mode":false,"campfire_choices":[{"floor":6,"key":"REST"},{"floor":12,"key":"REST"},{"floor":15,"key":"REST"},{"floor":23,"key":"REST"},{"floor":25,"key":"REST"},{"floor":27,"key":"REST"},{"floor":32,"key":"REST"}],"neow_cost":"FIFTY_PERCENT_DAMAGE","seed_source_timestamp":11463680791938,"circlet_count":0,"master_deck":["Strike_R","Strike_R","Strike_R","Strike_R","Defend_R","Defend_R","Defend_R","Bash","Headbutt","Rage","Twin Strike","Armaments","Combust","Rampage","Shrug It Off","Brutality","Juggernaut","Iron Wave","Rampage","Body Slam","Metallicize","Body Slam+1","Carnage","Writhe","Bludgeon"],"relics":["Burning Blood","Question Card","Kunai","Sozu","Orichalcum","Bag of Marbles","Happy Flower"],"potions_floor_usage":[8],"damage_taken":[{"damage":11,"enemies":"Jaw Worm","floor":1,"turns":3},{"damage":7,"enemies":"2 Louse","floor":2,"turns":4},{"damage":0,"enemies":"Small Slimes","floor":5,"turns":2},{"damage":40,"enemies":"Exordium Thugs","floor":8,"turns":7},{"damage":17,"enemies":"Gremlin Gang","floor":11,"turns":4},{"damage":12,"enemies":"Large Slime","floor":13,"turns":5},{"damage":0,"enemies":"3 Louse","floor":14,"turns":5},{"damage":68,"enemies":"Slime Boss","floor":16,"turns":11},{"damage":17,"enemies":"Spheric Guardian","floor":18,"turns":4},{"damage":14,"enemies":"3 Byrds","floor":19,"turns":4},{"damage":35,"enemies":"Centurion and Healer","floor":20,"turns":6},{"damage":53,"enemies":"Gremlin Leader","floor":24,"turns":8},{"damage":36,"enemies":"Snake Plant","floor":29,"turns":6},{"damage":16,"enemies":"Sentry and Sphere","floor":31,"turns":4},{"damage":82,"enemies":"Champ","floor":33,"turns":9}],"seed_played":"6566050017980151344","potions_obtained":[{"floor":2,"key":"Fire Potion"},{"floor":11,"key":"FearPotion"},{"floor":14,"key":"Weak Potion"}],"is_trial":false,"path_per_floor":["M","M","$","?","M","R","$","M","T","?","M","R","M","M","R","B",null,"M","M","M","$","?","R","E","R","T","R","?","M","?","M","R"],"character_chosen":"IRONCLAD","items_purchased":["Twin Strike","Metallicize"],"campfire_rested":7,"item_purchase_floors":[3,21],"current_hp_per_floor":[43,42,42,39,45,73,73,39,39,44,33,63,57,63,93,31,101,90,82,53,53,33,64,17,48,48,79,79,49,49,39,70,0],"gold":190,"neow_bonus":"TWENTY_PERCENT_HP_BONUS","is_prod":false,"is_daily":false,"chose_seed":false,"campfire_upgraded":0,"win_rate":0,"timestamp":1531465402,"path_taken":["M","M","$","?","M","R","$","M","T","?","M","R","?","M","R","BOSS","M","M","?","$","?","R","E","R","T","R","?","?","?","M","R","BOSS"],"build_version":"2018-07-12","purchased_purges":2,"victory":false,"max_hp_per_floor":[96,96,96,96,96,96,96,96,96,101,101,101,101,101,101,101,101,101,101,101,101,106,106,106,106,106,106,106,106,106,106,106,106],"card_choices":[{"not_picked":["Corruption","Wild Strike"],"picked":"Headbutt","floor":1},{"not_picked":["True Grit","Fire Breathing"],"picked":"Rage","floor":2},{"not_picked":["Burning Pact","Cleave","Shrug It Off"],"picked":"Armaments","floor":5},{"not_picked":["Ghostly Armor","Seeing Red","Shrug It Off"],"picked":"Combust","floor":8},{"not_picked":["Feel No Pain","Pommel Strike","Infernal Blade"],"picked":"Rampage","floor":11},{"not_picked":["Carnage","Body Slam","True Grit"],"picked":"Shrug It Off","floor":13},{"not_picked":["Perfected Strike","Clash","Sword Boomerang"],"picked":"Brutality","floor":14},{"not_picked":["Berserk","Offering","Impervious"],"picked":"Juggernaut","floor":16},{"not_picked":["Shrug It Off","Dropkick","Clothesline"],"picked":"Iron Wave","floor":18},{"not_picked":["Twin Strike+1","Pommel Strike","Iron Wave"],"picked":"Rampage","floor":19},{"not_picked":["Anger","Cleave","Shrug It Off"],"picked":"Body Slam","floor":20},{"not_picked":["Bloodletting","Entrench","Seeing Red"],"picked":"Body Slam+1","floor":24},{"not_picked":["Infernal Blade","Wild Strike+1","True Grit"],"picked":"Carnage","floor":29},{"not_picked":["True Grit+1","Pommel Strike","Clash"],"picked":"Bludgeon","floor":31}],"player_experience":26801,"relics_obtained":[{"floor":9,"key":"Kunai"},{"floor":24,"key":"Orichalcum"},{"floor":26,"key":"Bag of Marbles"}],"event_choices":[{"event_name":"Scrap Ooze","player_choice":"success","floor":4,"damage_taken":3},{"event_name":"Big Fish","player_choice":"Donut","floor":10,"damage_taken":0},{"event_name":"Forgotten Altar","player_choice":"Shed Blood","floor":22,"damage_taken":0},{"event_name":"The Lab","player_choice":"Got Potions","floor":28,"damage_taken":0},{"event_name":"The Mausoleum","player_choice":"Yes","floor":30,"damage_taken":0}],"boss_relics":[{"not_picked":["Mark of Pain","Runic Dome"],"picked":"Sozu"}],"items_purged_floors":[3,21],"is_endless":false,"potions_floor_spawned":[2,11,14,19,29,31],"killed_by":"Champ","ascension_level":0}