{"gold_per_floor":[114,114,126,76,26,55,72,72,72,72,99,99,30,48,48,144,144,159,159,188,14,114,114,30,45,97,116,116,126,146,159,159,263,263,283,283,301,319,319,319,319,319,319,329,343,290,290,304,304,304,304,304,4,4],"floor_reached":54,"playtime":6340,"items_purged":["Strike_B"],"score":672,"play_id":"4743c3fb-05f9-4501-b821-61ff59762aff","local_time":"20190309201349","is_ascension_mode":false,"campfire_choices":[{"floor":8,"key":"REST"},{"floor":15,"key":"REST"},{"floor":23,"key":"REST"},{"floor":32,"key":"REST"},{"floor":40,"key":"RECALL"},{"floor":42,"key":"REST"},{"data":"Creative AI","floor":47,"key":"SMITH"},{"floor":49,"key":"REST"},{"data":"Madness","floor":52,"key":"SMITH"}],"neow_cost":"NONE","seed_source_timestamp":742561637588992,"circlet_count":0,"master_deck":["Strike_B","Defend_B","Defend_B","Defend_B","Defend_B","Zap","Dualcast","Gash","Coolheaded","Cold Snap","Conserve Battery","Coolheaded","Core Surge","Buffer","Gash","Gash","Capacitor","Go for the Eyes","Flash of Steel","BootSequence+1","Go for the Eyes+1","Self Repair+1","Conserve Battery","Barrage","Creative AI+1","Blizzard+1","Bandage Up","Go for the Eyes+1","Madness","Madness+1","Stack","Parasite","Electrodynamics"],"relics":["Cracked Core","Mango","Unceasing Top","Torii","Inserter","Nilry\u0027s Codex","Red Mask","Nloth\u0027s Gift","Nuclear Battery","Orichalcum","Dodecahedron","Calipers"],"potions_floor_usage":[16,29,30,33,33,50,50,54],"damage_taken":[{"damage":2,"enemies":"2 Louse","floor":1,"turns":3},{"damage":3,"enemies":"Small Slimes","floor":3,"turns":3},{"damage":47,"enemies":"3 Sentries","floor":6,"turns":15},{"damage":0,"enemies":"Cultist","floor":7,"turns":3},{"damage":27,"enemies":"Lagavulin","floor":11,"turns":8},{"damage":9,"enemies":"Exordium Wildlife","floor":14,"turns":6},{"damage":56,"enemies":"Slime Boss","floor":16,"turns":22},{"damage":1,"enemies":"Shell Parasite","floor":18,"turns":9},{"damage":57,"enemies":"Masked Bandits","floor":20,"turns":5},{"damage":0,"enemies":"Spheric Guardian","floor":25,"turns":2},{"damage":15,"enemies":"Snake Plant","floor":27,"turns":5},{"damage":22,"enemies":"Cultist and Chosen","floor":29,"turns":8},{"damage":3,"enemies":"Snecko","floor":30,"turns":7},{"damage":24,"enemies":"Sentry and Sphere","floor":31,"turns":8},{"damage":36,"enemies":"Automaton","floor":33,"turns":13},{"damage":11,"enemies":"3 Darklings","floor":35,"turns":8},{"damage":21,"enemies":"Orb Walker","floor":37,"turns":7},{"damage":35,"enemies":"Jaw Worm Horde","floor":38,"turns":6},{"damage":11,"enemies":"Spire Growth","floor":44,"turns":7},{"damage":0,"enemies":"Writhing Mass","floor":45,"turns":9},{"damage":41,"enemies":"Maw","floor":48,"turns":11},{"damage":32,"enemies":"Time Eater","floor":50,"turns":11},{"damage":109,"enemies":"Shield and Spear","floor":54,"turns":8}],"seed_played":"-8738734836449606112","potions_obtained":[{"floor":3,"key":"Ancient Potion"},{"floor":14,"key":"Dexterity Potion"},{"floor":18,"key":"Strength Potion"},{"floor":20,"key":"Dexterity Potion"},{"floor":27,"key":"Fruit Juice"},{"floor":29,"key":"Poison Potion"},{"floor":37,"key":"SteroidPotion"},{"floor":45,"key":"EntropicBrew"},{"floor":48,"key":"SteroidPotion"}],"is_trial":false,"path_per_floor":["M","?","M","?","$","E","M","R","T","$","E","?","$","M","R","B",null,"M","?","?","$","?","R","$","M","T","M","?","M","M","M","R","B",null,"M","?","M","M","?","R","?","R","T","M","M","?","R","M","R","B",null,"R","$","E"],"character_chosen":"DEFECT","items_purchased":["Cold Snap","Core Surge","Capacitor","Go for the Eyes","Flash of Steel","Calipers"],"campfire_rested":6,"item_purchase_floors":[5,13,21,21,24,53],"current_hp_per_floor":[80,87,84,84,84,44,44,74,74,74,47,47,47,38,68,12,103,102,86,29,29,29,59,59,59,59,44,44,27,34,20,52,26,108,107,107,100,79,65,65,65,97,97,100,108,108,108,77,108,86,108,108,108,0],"gold":4,"neow_bonus":"TEN_PERCENT_HP_BONUS","is_prod":false,"is_daily":false,"chose_seed":false,"campfire_upgraded":2,"win_rate":0,"timestamp":1552180429,"path_taken":["M","?","M","?","$","E","M","R","T","$","E","?","$","?","R","BOSS","M","?","?","$","?","R","$","M","T","?","?","M","M","M","R","BOSS","M","?","M","M","?","R","?","R","T","M","M","?","R","M","R","BOSS","R","$","E"],"build_version":"2019-01-23","purchased_purges":1,"victory":false,"max_hp_per_floor":[82,96,96,96,96,103,103,103,103,103,103,103,103,103,103,103,103,103,103,103,103,103,103,103,103,103,103,103,108,108,108,108,108,108,108,108,108,108,108,108,108,108,108,108,108,108,108,108,108,108,108,108,108,108],"card_choices":[{"not_picked":["Barrage","Steam"],"picked":"Gash","floor":1},{"not_picked":["Rip and Tear","Leap"],"picked":"Coolheaded","floor":3},{"not_picked":["Melter","Redo"],"picked":"Conserve Battery","floor":6},{"not_picked":["Turbo","Heatsinks"],"picked":"Coolheaded","floor":7},{"not_picked":["Ball Lightning","Chaos","Heatsinks"],"picked":"SKIP","floor":11},{"not_picked":["Turbo","Chaos","Hello World"],"picked":"SKIP","floor":14},{"not_picked":["Meteor Strike","Rainbow"],"picked":"Buffer","floor":16},{"not_picked":["Sweeping Beam","Streamline"],"picked":"Gash","floor":18},{"not_picked":["Beam Cell","Sunder+1"],"picked":"Gash","floor":20},{"not_picked":["Consume","Streamline+1"],"picked":"BootSequence+1","floor":25},{"not_picked":["Redo","Streamline"],"picked":"Go for the Eyes+1","floor":27},{"not_picked":["Sweeping Beam","Rip and Tear"],"picked":"Self Repair+1","floor":29},{"not_picked":["Beam Cell","Steam+1"],"picked":"Conserve Battery","floor":30},{"not_picked":["Redo","Barrage","Heatsinks"],"picked":"SKIP","floor":31},{"not_picked":["Redo","Heatsinks"],"picked":"Barrage","floor":31},{"not_picked":["Hyperbeam","Amplify"],"picked":"Creative AI","floor":33},{"not_picked":["Doom and Gloom","Ball Lightning+1"],"picked":"Blizzard+1","floor":35},{"not_picked":["Enlightenment","Good Instincts"],"picked":"Bandage Up","floor":36},{"not_picked":["Doom and Gloom","Compile Driver","Recycle"],"picked":"SKIP","floor":37},{"not_picked":["Ball Lightning","Storm+1"],"picked":"Go for the Eyes+1","floor":38},{"not_picked":["Ball Lightning+1","Hologram+1"],"picked":"Stack","floor":44},{"not_picked":["Static Discharge+1","Coolheaded"],"picked":"Electrodynamics","floor":45},{"not_picked":["Cold Snap","Streamline+1","Genetic Algorithm+1"],"picked":"SKIP","floor":48}],"player_experience":1169894,"relics_obtained":[{"floor":6,"key":"Strawberry"},{"floor":9,"key":"Unceasing Top"},{"floor":11,"key":"Torii"},{"floor":19,"key":"Nilry\u0027s Codex"},{"floor":20,"key":"Red Mask"},{"floor":43,"key":"Orichalcum"}],"event_choices":[{"damage_healed":0,"gold_gain":0,"player_choice":"Success","damage_taken":7,"relics_obtained":["Mango"],"max_hp_gain":0,"max_hp_loss":0,"event_name":"Scrap Ooze","floor":2,"gold_loss":0},{"cards_removed":["Strike_B"],"damage_healed":0,"gold_gain":0,"player_choice":"Card Removal","damage_taken":0,"max_hp_gain":0,"max_hp_loss":0,"event_name":"The Cleric","floor":4,"gold_loss":50},{"cards_removed":["Strike_B"],"damage_healed":0,"gold_gain":0,"player_choice":"Purged","damage_taken":0,"max_hp_gain":0,"max_hp_loss":0,"event_name":"Purifier","floor":12,"gold_loss":0},{"damage_healed":0,"gold_gain":0,"player_choice":"Obtained Book","damage_taken":16,"max_hp_gain":0,"max_hp_loss":0,"event_name":"Cursed Tome","floor":19,"gold_loss":0},{"damage_healed":0,"gold_gain":0,"player_choice":"Fought Bandits","damage_taken":0,"max_hp_gain":0,"max_hp_loss":0,"event_name":"Masked Bandits","floor":20,"gold_loss":0},{"damage_healed":0,"gold_gain":100,"player_choice":"Pray","damage_taken":0,"max_hp_gain":0,"max_hp_loss":0,"event_name":"Golden Shrine","floor":22,"gold_loss":0},{"damage_healed":0,"gold_gain":0,"player_choice":"Traded Relic","damage_taken":0,"relics_obtained":["Nloth\u0027s Gift"],"max_hp_gain":0,"max_hp_loss":0,"event_name":"N\u0027loth","floor":28,"relics_lost":["Strawberry"],"gold_loss":0},{"damage_healed":0,"gold_gain":0,"player_choice":"Memory 1","damage_taken":0,"max_hp_gain":0,"max_hp_loss":0,"event_name":"SensoryStone","floor":36,"gold_loss":0},{"damage_healed":0,"gold_gain":0,"player_choice":"Embrace Madness","damage_taken":14,"max_hp_gain":0,"max_hp_loss":0,"event_name":"Winding Halls","floor":39,"gold_loss":0,"cards_obtained":["Madness","Madness"]},{"damage_healed":0,"gold_gain":0,"player_choice":"Ignored","damage_taken":0,"max_hp_gain":0,"max_hp_loss":0,"event_name":"Mysterious Sphere","floor":41,"gold_loss":0},{"damage_healed":0,"gold_gain":0,"player_choice":"Paid Gold","damage_taken":0,"relics_obtained":["Dodecahedron"],"max_hp_gain":0,"max_hp_loss":0,"event_name":"WeMeetAgain","floor":46,"gold_loss":53}],"is_beta":false,"boss_relics":[{"not_picked":["Snecko Eye","Runic Dome"],"picked":"Inserter"},{"not_picked":["Tiny House","Fusion Hammer"],"picked":"Nuclear Battery"}],"items_purged_floors":[21],"is_endless":false,"potions_floor_spawned":[3,14,18,20,27,29,37,45,48],"killed_by":"Shield and Spear","ascension_level":0}