{"gold_per_floor":[369,212,212,222,232,263,263,274,274,239,274,79,79,79,79,200,200,218,234,112,112,130,130,130],"floor_reached":24,"playtime":1524,"items_purged":["Shame","Shame"],"score":224,"play_id":"343c5d7e-8327-4a82-84a7-727741e75d8a","local_time":"20190203162346","is_ascension_mode":true,"campfire_choices":[{"floor":7,"key":"REST"},{"data":"Footwork","floor":13,"key":"SMITH"},{"floor":15,"key":"REST"},{"floor":23,"key":"REST"}],"neow_cost":"CURSE","seed_source_timestamp":397769669595181,"circlet_count":0,"master_deck":["Defend_G","Defend_G","Defend_G","Defend_G","Defend_G","Strike_G","Strike_G","Strike_G","Strike_G","Strike_G","Survivor","Neutralize","Well Laid Plans","Infinite Blades+1","Blade Dance","Prepared","Dash","Footwork+1","Panacea","Phantasmal Killer","Regret","Doubt","Escape Plan","Backflip","Cloak And Dagger","PiercingWail+1","Cloak And Dagger","Deflect"],"relics":["Ring of the Snake","Snake Skull","The Courier","Ninja Scroll","Lantern","Golden Idol","Calling Bell","Art of War","Kunai","Prayer Wheel","MutagenicStrength"],"potions_floor_usage":[16,16,22],"damage_taken":[{"damage":1,"enemies":"2 Louse","floor":1,"turns":3},{"damage":0,"enemies":"Cultist","floor":4,"turns":4},{"damage":9,"enemies":"Jaw Worm","floor":5,"turns":4},{"damage":29,"enemies":"Lagavulin","floor":6,"turns":8},{"damage":4,"enemies":"Blue Slaver","floor":8,"turns":5},{"damage":17,"enemies":"3 Sentries","floor":11,"turns":9},{"damage":61,"enemies":"Hexaghost","floor":16,"turns":15},{"damage":34,"enemies":"Spheric Guardian","floor":18,"turns":6},{"damage":13,"enemies":"3 Byrds","floor":19,"turns":6},{"damage":5,"enemies":"3 Cultists","floor":22,"turns":8},{"damage":40,"enemies":"Gremlin Leader","floor":24,"turns":6}],"seed_played":"-3999977805272781126","potions_obtained":[{"floor":5,"key":"Regen Potion"},{"floor":6,"key":"Fire Potion"},{"floor":16,"key":"AttackPotion"},{"floor":18,"key":"Ancient Potion"},{"floor":19,"key":"SpeedPotion"}],"is_trial":false,"path_per_floor":["M","$","?","M","M","E","R","M","T","?","E","$","R","?","R","B",null,"M","M","$","?","M","R","E"],"character_chosen":"THE_SILENT","items_purchased":["Infinite Blades","Lantern","Panacea","Cloak And Dagger"],"campfire_rested":3,"item_purchase_floors":[2,12,12,20],"current_hp_per_floor":[69,69,69,69,60,31,52,48,48,65,48,48,48,31,52,6,70,36,23,23,23,18,39,0],"gold":130,"neow_bonus":"TWO_FIFTY_GOLD","is_prod":false,"is_daily":false,"chose_seed":false,"campfire_upgraded":1,"win_rate":0,"timestamp":1549232626,"path_taken":["M","$","?","M","M","E","R","?","T","?","E","$","R","?","R","BOSS","M","M","$","?","M","R","E"],"build_version":"2019-01-23","purchased_purges":2,"victory":false,"max_hp_per_floor":[70,70,70,70,70,70,70,70,70,70,70,70,70,70,70,70,70,70,70,70,70,70,70,70],"card_choices":[{"not_picked":["Crippling Poison","Backstab"],"picked":"Well Laid Plans","floor":1},{"not_picked":["Outmaneuver","Backstab"],"picked":"Blade Dance","floor":4},{"not_picked":["Outmaneuver","Bane","Expertise"],"picked":"SKIP","floor":5},{"not_picked":["Dodge and Roll","Distraction"],"picked":"Prepared","floor":6},{"not_picked":["Deflect","Corpse Explosion"],"picked":"Dash","floor":8},{"not_picked":["Dodge and Roll","Deflect"],"picked":"Footwork","floor":11},{"not_picked":["Bullet Time","Tools of the Trade"],"picked":"Phantasmal Killer","floor":16},{"not_picked":["Slice","Calculated Gamble"],"picked":"Escape Plan","floor":18},{"not_picked":["Poisoned Stab","Masterful Stab"],"picked":"Backflip","floor":18},{"not_picked":["Phantasmal Killer","Endless Agony"],"picked":"Cloak And Dagger","floor":19},{"not_picked":["Slice+1","Well Laid Plans"],"picked":"PiercingWail+1","floor":19},{"not_picked":["Deadly Poison","Quick Slash"],"picked":"Deflect","floor":22},{"not_picked":["Calculated Gamble","Flying Knee","Poisoned Stab"],"picked":"SKIP","floor":22}],"player_experience":110098,"relics_obtained":[{"floor":6,"key":"Snake Skull"},{"floor":9,"key":"The Courier"},{"floor":11,"key":"Ninja Scroll"},{"floor":17,"key":"Art of War"},{"floor":17,"key":"Kunai"},{"floor":17,"key":"Prayer Wheel"}],"event_choices":[{"damage_healed":0,"gold_gain":0,"player_choice":"Forge","damage_taken":0,"max_hp_gain":0,"max_hp_loss":0,"event_name":"Accursed Blacksmith","floor":3,"gold_loss":0,"cards_upgraded":["Infinite Blades"]},{"damage_healed":17,"gold_gain":0,"player_choice":"Healed","damage_taken":0,"max_hp_gain":0,"max_hp_loss":0,"event_name":"The Cleric","floor":10,"gold_loss":35},{"damage_healed":0,"gold_gain":0,"player_choice":"Take Damage","damage_taken":17,"relics_obtained":["Golden Idol"],"max_hp_gain":0,"max_hp_loss":0,"event_name":"Golden Idol","floor":14,"gold_loss":0},{"damage_healed":0,"gold_gain":0,"player_choice":"Inject Mutagens","damage_taken":0,"relics_obtained":["MutagenicStrength"],"max_hp_gain":0,"max_hp_loss":0,"event_name":"Drug Dealer","floor":21,"gold_loss":0}],"is_beta":false,"boss_relics":[{"not_picked":["Fusion Hammer","Velvet Choker"],"picked":"Calling Bell"}],"items_purged_floors":[2,20],"is_endless":false,"potions_floor_spawned":[5,6,16,18,19],"killed_by":"Gremlin Leader","ascension_level":2}