{"path_per_floor":["M","?","$","M","M","R","E","R","T","E","M","E","?","M","R","B",null,"M","?","?","?","M","E","$","R","T","E","R","E","M","E","R","B",null,"M","M","M","?","$","E","M","R","T","M","R","$","E","M","R","B"],"character_chosen":"THE_SILENT","items_purchased":["Noxious Fumes","Shuriken","Burst","Flechettes"],"gold_per_floor":[113,188,39,50,68,68,96,96,96,124,141,168,168,183,183,278,278,291,291,291,291,302,335,87,87,114,146,146,171,185,212,212,310,310,325,336,347,347,103,137,156,156,233,247,247,44,372,372,372,372],"floor_reached":51,"campfire_rested":3,"playtime":6567,"current_hp_per_floor":[69,58,58,58,58,58,33,54,54,44,44,42,42,42,63,48,65,58,58,58,42,42,34,34,55,57,56,56,46,41,43,43,43,72,74,76,76,76,76,78,56,56,58,60,60,60,62,62,62,71],"items_purged":["Strike_G","Defend_G","Strike_G"],"gold":372,"score":929,"play_id":"5e4d4204-7fe7-4007-b510-ecf5addb0ec2","is_prod":false,"is_daily":false,"is_ascension_mode":true,"campfire_upgraded":6,"path_taken":["M","?","$","?","M","R","E","R","T","E","M","E","?","M","R","BOSS","M","?","?","?","M","E","$","R","T","E","R","E","?","E","R","BOSS","M","M","M","?","$","E","M","R","T","?","R","$","E","?","R","BOSS"],"build_version":"2018-02-15-PROD1","purchased_purges":3,"victory":true,"master_deck":["Defend_G","Defend_G","Defend_G","Strike_G+1","Strike_G","Strike_G+1","Survivor","Neutralize+1","Dagger Spray","Noxious Fumes+1","Sucker Punch","Blur","Eviscerate+1","Adrenaline+1","Eviscerate","Unload","Cloak And Dagger+1","Adrenaline","Prepared+1","Adrenaline+1","Burst+1","Flechettes","Footwork+1"],"max_hp_per_floor":[70,70,70,70,70,70,70,70,70,70,70,70,70,70,70,70,70,70,70,70,70,70,72,72,72,74,76,76,78,80,82,82,82,82,84,86,88,88,88,90,92,92,94,96,96,96,98,98,98,98],"relics":["Ring of the Snake","Bag of Preparation","Gambling Chip","Oddly Smooth Stone","Singing Bowl","The Specimen","Enchiridion","Prayer Wheel","Shuriken","Whetstone","Anchor","Ornamental Fan","Pantograph","Question Card","Vajra","Frozen Egg 2","Old Coin"],"card_choices":[{"not_picked":["Outmaneuver","Slice"],"picked":"Dagger Spray"},{"not_picked":["Catalyst","Deadly Poison"],"picked":"Sucker Punch"},{"not_picked":["Calculated Gamble","Underhanded Strike"],"picked":"Blur"},{"not_picked":["Cloak And Dagger","Escape Plan"],"picked":"Eviscerate"},{"not_picked":["Bane","Terror"],"picked":"Adrenaline"},{"not_picked":["Backflip","Reflex"],"picked":"Eviscerate"},{"not_picked":["Phantasmal Killer","Storm of Steel"],"picked":"Unload"},{"not_picked":["Crippling Poison","Slice"],"picked":"Cloak And Dagger"},{"not_picked":["Bane","Poisoned Stab"],"picked":"Prepared"},{"not_picked":["Glass Knife","Tactician"],"picked":"Adrenaline"},{"not_picked":["PiercingWail","Dagger Throw","Bouncing Flask"],"picked":"Footwork"}],"player_experience":231137,"potions_floor_usage":[7,12,16,23,31,33,33,33,50,50],"damage_taken":[{"damage":1,"enemies":"Jaw Worm","floor":1,"turns":5},{"damage":0,"enemies":"2 Louse","floor":4,"turns":3},{"damage":0,"enemies":"Cultist","floor":5,"turns":3},{"damage":25,"enemies":"Gremlin Nob","floor":7,"turns":5},{"damage":10,"enemies":"3 Sentries","floor":10,"turns":7},{"damage":0,"enemies":"Blue Slaver","floor":11,"turns":5},{"damage":14,"enemies":"Lagavulin","floor":12,"turns":7},{"damage":0,"enemies":"2 Fungi Beasts","floor":14,"turns":2},{"damage":15,"enemies":"The Guardian","floor":16,"turns":13},{"damage":7,"enemies":"Shell Parasite","floor":18,"turns":7},{"damage":0,"enemies":"Spheric Guardian","floor":22,"turns":1},{"damage":19,"enemies":"Gremlin Leader","floor":23,"turns":5},{"damage":3,"enemies":"Slavers","floor":27,"turns":4},{"damage":12,"enemies":"Book of Stabbing","floor":29,"turns":3},{"damage":7,"enemies":"Cultist and Chosen","floor":30,"turns":4},{"damage":0,"enemies":"Gremlin Leader","floor":31,"turns":5},{"damage":25,"enemies":"Collector","floor":33,"turns":7},{"damage":0,"enemies":"Orb Walker","floor":35,"turns":1},{"damage":0,"enemies":"3 Shapes","floor":36,"turns":2},{"damage":2,"enemies":"Sphere and 2 Shapes","floor":37,"turns":3},{"damage":0,"enemies":"2 Orb Walkers","floor":40,"turns":3},{"damage":24,"enemies":"Maw","floor":41,"turns":6},{"damage":0,"enemies":"3 Darklings","floor":44,"turns":3},{"damage":0,"enemies":"Giant Head","floor":47,"turns":1},{"damage":0,"enemies":"Sphere and 2 Shapes","floor":48,"turns":3},{"damage":31,"enemies":"Donu and Deca","floor":50,"turns":9}],"event_choices":[{"event_name":"World of Goop","player_choice":"Gather Gold","floor":2,"damage_taken":0},{"event_name":"Dead Adventurer","player_choice":"Searched \u00271\u0027 times","floor":13,"damage_taken":0},{"event_name":"N\u0027loth","player_choice":"Ignored","floor":19,"damage_taken":0},{"event_name":"Duplicator","player_choice":"One dupe","floor":20,"damage_taken":0},{"event_name":"Cursed Tome","player_choice":"Obtained Book","floor":21,"damage_taken":0}],"boss_relics":[{"not_picked":["Sozu","Astrolabe"],"picked":"The Specimen"},{"not_picked":["Calling Bell","Snecko Eye"],"picked":"Question Card"}],"potions_floor_spawned":[5,7,10,12,14,18,23,29,30,31,37,40,47],"seed_played":"8925884763110167028","ascension_level":5,"is_trial":false}