{"gold_per_floor":[118,118,135,135,147,177,177,204,204,204],"floor_reached":10,"playtime":721,"items_purged":[],"score":80,"play_id":"a0aac056-db88-476e-9152-db38118159cb","local_time":"20190207231105","is_ascension_mode":true,"campfire_choices":[{"data":"Pommel Strike","floor":7,"key":"SMITH"}],"neow_cost":"NONE","seed_source_timestamp":19539698512753,"circlet_count":0,"master_deck":["Strike_R","Strike_R","Strike_R","Strike_R","Strike_R","Defend_R","Defend_R","Defend_R","Defend_R","Bash","Pommel Strike","Regret","Pommel Strike","Pommel Strike+1","Ghostly Armor","Shrug It Off"],"relics":["Burning Blood","Blue Candle","Nunchaku","Kunai"],"potions_floor_usage":[],"damage_taken":[{"damage":0,"enemies":"2 Louse","floor":1,"turns":4},{"damage":10,"enemies":"Small Slimes","floor":3,"turns":3},{"damage":2,"enemies":"Cultist","floor":5,"turns":3},{"damage":29,"enemies":"Gremlin Nob","floor":6,"turns":4},{"damage":52,"enemies":"Lagavulin","floor":8,"turns":9},{"damage":21,"enemies":"3 Sentries","floor":10,"turns":7}],"seed_played":"5197692642985853346","potions_obtained":[{"floor":8,"key":"Fire Potion"}],"is_trial":false,"path_per_floor":["M","?","M","?","M","E","R","E","T","E"],"character_chosen":"IRONCLAD","items_purchased":[],"campfire_rested":0,"item_purchase_floors":[],"current_hp_per_floor":[88,88,84,84,88,65,65,19,19,0],"gold":204,"neow_bonus":"TEN_PERCENT_HP_BONUS","is_prod":false,"is_daily":false,"chose_seed":false,"campfire_upgraded":1,"win_rate":0,"timestamp":1549599065,"path_taken":["M","?","M","?","M","E","R","E","T","E"],"build_version":"2019-01-23","purchased_purges":0,"victory":false,"max_hp_per_floor":[88,88,88,88,88,88,88,88,88,88],"card_choices":[{"not_picked":["Twin Strike","Whirlwind"],"picked":"Pommel Strike","floor":1},{"not_picked":["Perfected Strike","Rampage"],"picked":"Pommel Strike","floor":3},{"not_picked":["Clothesline","Evolve"],"picked":"Pommel Strike","floor":5},{"not_picked":["True Grit","Reckless Charge"],"picked":"Ghostly Armor","floor":6},{"not_picked":["Warcry","Anger"],"picked":"Shrug It Off","floor":8}],"player_experience":106945,"relics_obtained":[{"floor":6,"key":"Nunchaku"},{"floor":8,"key":"Kunai"}],"event_choices":[{"damage_healed":0,"gold_gain":0,"player_choice":"Box","damage_taken":0,"relics_obtained":["Blue Candle"],"max_hp_gain":0,"max_hp_loss":0,"event_name":"Big Fish","floor":2,"gold_loss":0,"cards_obtained":["Regret"]},{"damage_healed":0,"gold_gain":0,"player_choice":"Ignored","damage_taken":0,"max_hp_gain":0,"max_hp_loss":0,"event_name":"Liars Game","floor":4,"gold_loss":0}],"is_beta":false,"boss_relics":[],"items_purged_floors":[],"is_endless":false,"potions_floor_spawned":[5,8],"killed_by":"3 Sentries","ascension_level":1}