{"path_per_floor":["M","?","M","?","$","R","M","R","T","R","?","$","M","M","R","B",null,"M","?","M","M","$","R","?","?","T","$","M","R","M","?","R"],"character_chosen":"THE_SILENT","items_purchased":["Dash","Regal Pillow","Apotheosis"],"gold_per_floor":[118,118,137,137,64,64,80,80,107,107,182,35,47,62,62,161,161,178,178,192,206,146,146,146,146,146,6,26,26,40,40,40],"floor_reached":33,"campfire_rested":5,"playtime":2262,"current_hp_per_floor":[44,26,20,6,6,27,27,48,48,48,37,37,37,37,70,46,64,50,50,36,13,13,47,47,47,47,47,31,64,51,51,51],"items_purged":["Strike_G"],"gold":40,"score":353,"play_id":"8f5ef137-5478-46a8-ab9f-d6f6f51412c6","is_prod":false,"is_daily":false,"is_ascension_mode":true,"campfire_upgraded":2,"path_taken":["M","?","M","?","$","R","M","R","T","R","?","$","M","M","R","BOSS","M","?","M","M","?","R","?","?","T","?","?","R","M","?","R","BOSS"],"build_version":"2018-02-22-PROD2","purchased_purges":1,"victory":false,"master_deck":["Defend_G","Defend_G+1","Defend_G","Defend_G","Defend_G","Strike_G","Strike_G","Strike_G+1","Strike_G","Survivor","Neutralize+1","Infinite Blades","Dash","Caltrops","Leg Sweep+1","After Image+1","Terror+1","Predator","Escape Plan+1","All Out Attack","Apotheosis+1"],"max_hp_per_floor":[70,70,70,70,70,70,70,70,70,70,70,70,70,70,70,70,70,70,64,64,64,64,64,64,64,64,64,64,64,64,64,64],"relics":["Ring of the Snake","Toxic Egg 2","Bag of Marbles","Regal Pillow","Calling Bell","The Courier","Mummified Hand","Calipers","Tough Bandages"],"card_choices":[{"not_picked":["Bane","Flying Knee"],"picked":"Infinite Blades"},{"not_picked":["Deadly Poison","Acrobatics"],"picked":"Caltrops"},{"not_picked":["Dagger Throw","Cloak And Dagger"],"picked":"Leg Sweep"},{"not_picked":["Glass Knife","Envenom"],"picked":"After Image"},{"not_picked":["Underhanded Strike","Dash"],"picked":"Terror"},{"not_picked":["Choke","Cloak And Dagger"],"picked":"Predator"},{"not_picked":["Deflect","Endless Agony"],"picked":"Escape Plan"}],"player_experience":391033,"potions_floor_usage":[16,16,18,28,28,28],"damage_taken":[{"damage":19,"enemies":"Jaw Worm","floor":1,"turns":6},{"damage":6,"enemies":"2 Louse","floor":3,"turns":5},{"damage":0,"enemies":"Cultist","floor":7,"turns":4},{"damage":0,"enemies":"Looter","floor":13,"turns":3},{"damage":0,"enemies":"2 Fungi Beasts","floor":14,"turns":4},{"damage":39,"enemies":"Slime Boss","floor":16,"turns":12},{"damage":14,"enemies":"3 Byrds","floor":18,"turns":8},{"damage":14,"enemies":"Spheric Guardian","floor":20,"turns":6},{"damage":23,"enemies":"Snake Plant","floor":21,"turns":4},{"damage":16,"enemies":"Cultist and Chosen","floor":28,"turns":6},{"damage":13,"enemies":"Centurion and Healer","floor":30,"turns":7},{"damage":43,"enemies":"Collector","floor":33,"turns":7}],"event_choices":[{"event_name":"Scrap Ooze","player_choice":"success","floor":2,"damage_taken":18},{"event_name":"Shining Light","player_choice":"Entered Light","floor":4,"damage_taken":0},{"event_name":"World of Goop","player_choice":"Gather Gold","floor":11,"damage_taken":0},{"event_name":"Fountain of Cleansing","player_choice":"Removed Curse","floor":19,"damage_taken":0},{"event_name":"The Lab","player_choice":"Got Potions","floor":24,"damage_taken":0},{"event_name":"The Library","player_choice":"Read","floor":25,"damage_taken":0},{"event_name":"Beggar","player_choice":"Ignored","floor":31,"damage_taken":0}],"boss_relics":[{"not_picked":["Eternal Feather","White Beast Statue"],"picked":"Calling Bell"}],"potions_floor_spawned":[1,13,16],"seed_played":"-6305483539137138756","killed_by":"Collector","ascension_level":10,"is_trial":false}