{"gold_per_floor":[109,109,123,123,198,198,215,215,241,269,269,32,42,59,59,134,134,145,195,85,95,114,114,114],"floor_reached":24,"playtime":1610,"items_purged":["Strike_G"],"score":398,"play_id":"29e6ed66-0c85-43b7-9a4f-cd91660dc8cb","local_time":"20190122171230","is_ascension_mode":true,"campfire_choices":[{"data":"Footwork","floor":6,"key":"SMITH"},{"data":"Neutralize","floor":8,"key":"SMITH"},{"floor":15,"key":"REST"},{"floor":23,"key":"REST"}],"neow_cost":"NONE","seed_source_timestamp":19753208365732,"circlet_count":0,"master_deck":["AscendersBane","Defend_G","Defend_G","Defend_G","Defend_G","Defend_G+1","Strike_G","Strike_G","Survivor","Neutralize+1","Corpse Explosion+1","Footwork+1","Flying Knee","Well Laid Plans","Burst","Deflect","Footwork+1","Underhanded Strike","PiercingWail"],"relics":["Ring of the Serpent","Gambling Chip","Bag of Preparation","Dream Catcher"],"potions_floor_usage":[10,21,22,24],"damage_taken":[{"damage":7,"enemies":"Cultist","floor":1,"turns":4},{"damage":8,"enemies":"Jaw Worm","floor":3,"turns":5},{"damage":0,"enemies":"2 Louse","floor":7,"turns":5},{"damage":14,"enemies":"3 Sentries","floor":10,"turns":3},{"damage":8,"enemies":"Exordium Thugs","floor":13,"turns":2},{"damage":0,"enemies":"2 Fungi Beasts","floor":14,"turns":2},{"damage":3,"enemies":"The Guardian","floor":16,"turns":7},{"damage":0,"enemies":"Shell Parasite","floor":18,"turns":7},{"damage":18,"enemies":"2 Thieves","floor":21,"turns":4},{"damage":22,"enemies":"Cultist and Chosen","floor":22,"turns":8},{"damage":41,"enemies":"Gremlin Leader","floor":24,"turns":8}],"seed_played":"-3094779708144754746","potions_obtained":[{"floor":1,"key":"Poison Potion"},{"floor":10,"key":"SteroidPotion"},{"floor":16,"key":"Explosive Potion"},{"floor":22,"key":"SteroidPotion"}],"is_trial":false,"path_per_floor":["?","M","T","?","?","M","?","?"],"character_chosen":"THE_SILENT","items_purchased":["Burst"],"campfire_rested":2,"item_purchase_floors":[12],"current_hp_per_floor":[52,52,44,44,33,33,33,33,33,19,19,19,11,11,30,27,56,56,56,56,38,16,35,0],"gold":114,"neow_bonus":"TRANSFORM_CARD","is_prod":false,"is_daily":false,"chose_seed":false,"campfire_upgraded":2,"win_rate":0,"timestamp":1548184350,"path_taken":["M","?","?","?","?","R","M","R","T","E","?","$","?","M","R","BOSS","M","?","?","M","M","R","E"],"build_version":"2019-01-20","purchased_purges":1,"victory":false,"max_hp_per_floor":[66,66,66,66,66,66,66,66,66,66,66,66,66,66,66,66,66,66,66,66,66,66,66,66],"card_choices":[{"not_picked":["Expertise","Acrobatics","Dagger Spray"],"picked":"SKIP","floor":1},{"not_picked":["Acrobatics","Sucker Punch"],"picked":"Footwork","floor":3},{"not_picked":["Dagger Spray","Infinite Blades"],"picked":"Flying Knee","floor":7},{"not_picked":["Cloak And Dagger","Reflex"],"picked":"Well Laid Plans","floor":10},{"not_picked":["Doppelganger","Flying Knee","Cloak And Dagger"],"picked":"SKIP","floor":13},{"not_picked":["Expertise","Bane"],"picked":"Deflect","floor":14},{"not_picked":["Flying Knee","Slice","Finisher"],"picked":"SKIP","floor":18},{"not_picked":["Slice+1","Cloak And Dagger+1"],"picked":"Footwork+1","floor":21},{"not_picked":["Blade Dance","Dagger Throw"],"picked":"Underhanded Strike","floor":22},{"not_picked":["Sucker Punch","Skewer"],"picked":"PiercingWail","floor":23}],"player_experience":937873,"relics_obtained":[{"floor":4,"key":"Gambling Chip"},{"floor":9,"key":"Bag of Preparation"},{"floor":10,"key":"Dream Catcher"}],"event_choices":[{"damage_healed":0,"gold_gain":0,"player_choice":"Forge","damage_taken":0,"max_hp_gain":0,"max_hp_loss":0,"event_name":"Accursed Blacksmith","floor":2,"gold_loss":0,"cards_upgraded":["Corpse Explosion"]},{"damage_healed":0,"gold_gain":75,"player_choice":"Gather Gold","damage_taken":11,"max_hp_gain":0,"max_hp_loss":0,"event_name":"World of Goop","floor":5,"gold_loss":0},{"damage_healed":0,"gold_gain":0,"player_choice":"0 cards matched","damage_taken":0,"max_hp_gain":0,"max_hp_loss":0,"event_name":"Match and Keep!","floor":11,"gold_loss":0,"cards_obtained":[]},{"damage_healed":0,"gold_gain":50,"player_choice":"Stole From Cult","damage_taken":0,"max_hp_gain":0,"max_hp_loss":0,"event_name":"Nest","floor":19,"gold_loss":0},{"cards_removed":["Strike_G"],"damage_healed":0,"gold_gain":0,"player_choice":"Upgrade and Remove","damage_taken":0,"max_hp_gain":0,"max_hp_loss":0,"event_name":"Designer","floor":20,"gold_loss":110,"cards_upgraded":["Defend_G"]}],"is_beta":true,"boss_relics":[{"not_picked":["Tiny House","Pandora\u0027s Box"],"picked":"Ring of the Serpent"}],"items_purged_floors":[12],"is_endless":false,"potions_floor_spawned":[1,10,16,22],"killed_by":"Gremlin Leader","ascension_level":16}