{"path_per_floor":["M","?","?","?","M","E","R","M","T","M","$","M","E","M","R"],"character_chosen":"IRONCLAD","items_purchased":["Dropkick","Shrug It Off","Gremlin Horn"],"gold_per_floor":[114,289,364,364,380,423,423,437,737,760,348,363,404,425,425],"floor_reached":16,"campfire_rested":0,"playtime":581,"current_hp_per_floor":[80,80,69,69,74,74,74,74,74,74,74,74,65,57,57],"items_purged":["Doubt"],"gold":425,"score":151,"play_id":"6597da01-d3bd-4e28-af27-86035ad5a0bc","is_prod":false,"is_daily":false,"is_ascension_mode":true,"campfire_upgraded":2,"path_taken":["M","?","?","?","M","E","R","M","T","?","$","M","E","?","R","BOSS"],"build_version":"2018-02-22-PROD2","purchased_purges":1,"victory":false,"master_deck":["Strike_R","Strike_R","Strike_R","Strike_R","Strike_R","Defend_R","Defend_R","Defend_R","Defend_R","Bash","Sever Soul","Clash","Thunderclap+1","Disarm+1","Flex","Dropkick","Shrug It Off","Cleave","Anger"],"max_hp_per_floor":[80,80,80,74,74,74,74,74,74,74,74,74,74,74,74],"relics":["Burning Blood","NeowsBlessing","Golden Idol","Dodecahedron","Old Coin","Gremlin Horn","Blood Vial"],"card_choices":[{"not_picked":["Rupture","Dual Wield"],"picked":"Sever Soul"},{"not_picked":["Sentinel","Ghostly Armor"],"picked":"Clash"},{"not_picked":["Iron Wave","Sword Boomerang"],"picked":"Thunderclap"},{"not_picked":["Havoc","Clash"],"picked":"Disarm"},{"not_picked":["Wild Strike","Perfected Strike"],"picked":"Flex"},{"not_picked":["Infernal Blade","Pommel Strike"],"picked":"Cleave"},{"not_picked":["Perfected Strike","Flex"],"picked":"Anger"}],"player_experience":322231,"potions_floor_usage":[16,16],"damage_taken":[{"damage":0.0,"enemies":"2 Louse","floor":1.0,"turns":1.0},{"damage":0,"enemies":"Small Slimes","floor":5,"turns":1},{"damage":0,"enemies":"Gremlin Nob","floor":6,"turns":1},{"damage":2,"enemies":"Jaw Worm","floor":8,"turns":2},{"damage":0,"enemies":"2 Fungi Beasts","floor":10,"turns":2},{"damage":0,"enemies":"Looter","floor":12,"turns":1},{"damage":15,"enemies":"3 Sentries","floor":13,"turns":5},{"damage":16,"enemies":"Large Slime","floor":14,"turns":5},{"damage":59,"enemies":"The Guardian","floor":16,"turns":8}],"event_choices":[{"event_name":"Liars Game","player_choice":"agreed","floor":2.0,"damage_taken":0.0},{"event_name":"World of Goop","player_choice":"Gather Gold","floor":3,"damage_taken":0},{"event_name":"Golden Idol","player_choice":"Lose Max HP","floor":4,"damage_taken":0}],"boss_relics":[],"potions_floor_spawned":[1,6,8,13],"seed_played":"8880161753734268681","killed_by":"The Guardian","ascension_level":2,"is_trial":false}