{"gold_per_floor":[113,113,48,68,84,114,114,144,144,158,184,184,203,216,216,316,316,316,316,64,64,64,64,64,64,64,64,64,64,64,64,64,64,64,64,64,64,64,64,64,64,64,64,64,64,64,64,15,15,15],"floor_reached":51,"playtime":2064,"items_purged":[],"score":794,"play_id":"51124999-15b4-4a55-b0ad-6e12aa4dd23a","local_time":"20190312175002","is_ascension_mode":false,"campfire_choices":[{"data":"Immolate","floor":7,"key":"SMITH"},{"data":"Armaments","floor":15,"key":"SMITH"},{"data":"Disarm","floor":23,"key":"SMITH"},{"data":"Juggernaut","floor":27,"key":"SMITH"},{"data":"Shockwave","floor":29,"key":"SMITH"},{"data":"Searing Blow","floor":32,"key":"SMITH"},{"data":"Limit Break","floor":40,"key":"SMITH"},{"data":"Demon Form","floor":42,"key":"SMITH"},{"data":"Searing Blow+1","floor":45,"key":"SMITH"},{"data":"Searing Blow+3","floor":47,"key":"SMITH"},{"data":"Searing Blow+4","floor":49,"key":"SMITH"}],"neow_cost":"NONE","seed_source_timestamp":16074425704436,"circlet_count":0,"master_deck":["Strike_R+1","Strike_R+1","Strike_R+1","Strike_R+1","Strike_R+1","Defend_R+1","Defend_R+1","Defend_R+1","Defend_R+1","Bash","Searing Blow+5","Twin Strike","Clothesline","Immolate+1","Pummel","Disarm+1","Limit Break+1","Shrug It Off","Armaments+1","Juggernaut+1","Shockwave+1","True Grit+1","Disarm+1","Demon Form+1","Flame Barrier+1","Combust+1","Sword Boomerang+1"],"relics":["Burning Blood","Sundial","FossilizedHelix","Regal Pillow","Calipers","Bottled Flame","Ectoplasm","Toxic Egg 2","Pantograph","Snecko Eye","Strawberry"],"potions_floor_usage":[10,33,50,50],"damage_taken":[{"damage":6,"enemies":"Small Slimes","floor":1,"turns":3},{"damage":5,"enemies":"2 Louse","floor":4,"turns":3},{"damage":4,"enemies":"Cultist","floor":5,"turns":3},{"damage":34,"enemies":"Lagavulin","floor":6,"turns":7},{"damage":0,"enemies":"Gremlin Nob","floor":8,"turns":3},{"damage":0,"enemies":"Large Slime","floor":10,"turns":3},{"damage":0,"enemies":"3 Sentries","floor":11,"turns":3},{"damage":0,"enemies":"Exordium Thugs","floor":13,"turns":3},{"damage":0,"enemies":"Looter","floor":14,"turns":2},{"damage":54,"enemies":"The Guardian","floor":16,"turns":17},{"damage":5,"enemies":"Chosen","floor":18,"turns":3},{"damage":10,"enemies":"Shell Parasite","floor":21,"turns":7},{"damage":4,"enemies":"Cultist and Chosen","floor":24,"turns":6},{"damage":15,"enemies":"Centurion and Healer","floor":25,"turns":7},{"damage":0,"enemies":"Chosen and Byrds","floor":31,"turns":6},{"damage":28,"enemies":"Champ","floor":33,"turns":18},{"damage":0,"enemies":"Orb Walker","floor":35,"turns":3},{"damage":4,"enemies":"3 Shapes","floor":36,"turns":3},{"damage":10,"enemies":"Spire Growth","floor":37,"turns":4},{"damage":10,"enemies":"Writhing Mass","floor":38,"turns":7},{"damage":6,"enemies":"Transient","floor":39,"turns":5},{"damage":12,"enemies":"Sphere and 2 Shapes","floor":44,"turns":9},{"damage":0,"enemies":"Time Eater","floor":50,"turns":6}],"seed_played":"4013657383516674401","potions_obtained":[{"floor":4,"key":"FairyPotion"},{"floor":5,"key":"Fire Potion"},{"floor":10,"key":"LiquidBronze"},{"floor":11,"key":"EssenceOfSteel"},{"floor":18,"key":"Explosive Potion"},{"floor":24,"key":"Block Potion"},{"floor":25,"key":"Dexterity Potion"},{"floor":35,"key":"GamblersBrew"}],"is_trial":false,"path_per_floor":["M","?","?","M","M","E","R","E","T","M","E","?","M","M","R","B",null,"M","?","$","M","?","R","M","M","T","R","?","R","?","M","R","B",null,"M","M","M","M","M","R","?","R","T","M","R","?","R","$","R","B",null],"character_chosen":"IRONCLAD","items_purchased":["Toxic Egg 2","Dexterity Potion"],"campfire_rested":0,"item_purchase_floors":[20,48],"current_hp_per_floor":[80,80,80,80,80,52,52,58,58,64,70,70,76,80,80,32,80,80,80,80,76,76,76,78,69,69,69,69,69,69,75,75,58,80,80,80,76,72,72,72,64,64,71,65,65,65,65,65,65,87],"gold":15,"neow_bonus":"THREE_CARDS","is_prod":false,"is_daily":false,"chose_seed":false,"campfire_upgraded":11,"win_rate":0,"timestamp":1552427402,"path_taken":["M","?","?","M","?","E","R","E","T","M","E","?","M","M","R","BOSS","M","?","$","M","?","R","M","M","T","R","?","R","?","M","R","BOSS","M","M","M","M","M","R","?","R","T","?","R","?","R","?","R","BOSS"],"build_version":"2019-01-23","purchased_purges":0,"victory":true,"max_hp_per_floor":[80,80,80,80,80,80,80,80,80,80,80,80,80,80,80,80,80,80,80,80,80,80,80,80,80,80,80,80,80,80,80,80,80,80,80,80,80,80,80,80,80,80,87,87,87,87,87,87,87,87],"card_choices":[{"not_picked":["Havoc","Twin Strike"],"picked":"Searing Blow","floor":0},{"not_picked":["Perfected Strike","Havoc"],"picked":"Twin Strike","floor":1},{"not_picked":["Bloodletting","Armaments"],"picked":"Clothesline","floor":4},{"not_picked":["Infernal Blade","Twin Strike","Rage"],"picked":"SKIP","floor":5},{"not_picked":["Double Tap","Heavy Blade"],"picked":"Immolate","floor":6},{"not_picked":["Wild Strike","Thunderclap"],"picked":"Pummel","floor":8},{"not_picked":["Armaments","Flex"],"picked":"Disarm","floor":10},{"not_picked":["Dropkick","True Grit"],"picked":"Limit Break","floor":11},{"not_picked":["Wild Strike","Blood for Blood"],"picked":"Shrug It Off","floor":13},{"not_picked":["Corruption","Body Slam"],"picked":"Armaments","floor":14},{"not_picked":["Dark Embrace","Bludgeon"],"picked":"Juggernaut","floor":16},{"not_picked":["Warcry","Burning Pact","Pommel Strike"],"picked":"SKIP","floor":18},{"not_picked":["Cleave","Bludgeon","Bloodletting+1"],"picked":"SKIP","floor":21},{"not_picked":["Headbutt","Clash"],"picked":"True Grit+1","floor":24},{"not_picked":["Clothesline","Twin Strike"],"picked":"Disarm+1","floor":25},{"not_picked":["Juggernaut","True Grit+1","Sword Boomerang"],"picked":"SKIP","floor":31},{"not_picked":["Dark Embrace","Fiend Fire"],"picked":"Demon Form","floor":33},{"not_picked":["Sentinel+1","Searing Blow"],"picked":"Flame Barrier+1","floor":35},{"not_picked":["Clash+1","Twin Strike+1"],"picked":"Combust+1","floor":36},{"not_picked":["Wild Strike","Heavy Blade","Anger+1"],"picked":"SKIP","floor":37},{"not_picked":["Bloodletting+1","Armaments+1"],"picked":"Sword Boomerang+1","floor":38},{"not_picked":["Pommel Strike","Wild Strike","Armaments+1"],"picked":"SKIP","floor":39},{"not_picked":["Combust","Pommel Strike+1","Twin Strike"],"picked":"SKIP","floor":44}],"player_experience":584920,"relics_obtained":[{"floor":6,"key":"FossilizedHelix"},{"floor":8,"key":"Regal Pillow"},{"floor":9,"key":"Calipers"},{"floor":11,"key":"Bottled Flame"},{"floor":26,"key":"Pantograph"},{"floor":43,"key":"Strawberry"}],"event_choices":[{"damage_healed":0,"gold_gain":0,"player_choice":"Ignored","damage_taken":0,"max_hp_gain":0,"max_hp_loss":0,"event_name":"Liars Game","floor":2,"gold_loss":0},{"damage_healed":0,"gold_gain":0,"player_choice":"Paid Gold","damage_taken":0,"relics_obtained":["Sundial"],"max_hp_gain":0,"max_hp_loss":0,"event_name":"WeMeetAgain","floor":3,"gold_loss":65},{"damage_healed":0,"gold_gain":0,"player_choice":"Ignored","damage_taken":0,"max_hp_gain":0,"max_hp_loss":0,"event_name":"NoteForYourself","floor":12,"gold_loss":0},{"damage_healed":0,"gold_gain":0,"player_choice":"Read","damage_taken":0,"max_hp_gain":0,"max_hp_loss":0,"event_name":"The Library","floor":19,"gold_loss":0,"cards_obtained":["Shockwave"]},{"damage_healed":0,"gold_gain":0,"player_choice":"Ignored","damage_taken":0,"max_hp_gain":0,"max_hp_loss":0,"event_name":"Beggar","floor":22,"gold_loss":0},{"damage_healed":0,"gold_gain":0,"player_choice":"Simplicity","damage_taken":0,"max_hp_gain":0,"max_hp_loss":0,"event_name":"Back to Basics","floor":28,"gold_loss":0,"cards_upgraded":["Strike_R","Strike_R","Strike_R","Strike_R","Strike_R","Defend_R","Defend_R","Defend_R","Defend_R"]},{"damage_healed":0,"gold_gain":0,"player_choice":"Ignored","damage_taken":0,"max_hp_gain":0,"max_hp_loss":0,"event_name":"Vampires","floor":30,"gold_loss":0},{"damage_healed":0,"gold_gain":75,"player_choice":"Touch","damage_taken":8,"max_hp_gain":0,"max_hp_loss":0,"event_name":"FaceTrader","floor":41,"gold_loss":0},{"damage_healed":0,"gold_gain":0,"player_choice":"Upgraded","damage_taken":0,"max_hp_gain":0,"max_hp_loss":0,"event_name":"Upgrade Shrine","floor":46,"gold_loss":0,"cards_upgraded":["Searing Blow"]}],"is_beta":false,"boss_relics":[{"not_picked":["Empty Cage","Pandora\u0027s Box"],"picked":"Ectoplasm"},{"not_picked":["Calling Bell","Runic Pyramid"],"picked":"Snecko Eye"}],"items_purged_floors":[],"is_endless":false,"potions_floor_spawned":[4,5,10,11,14,18,24,25,35,38,44],"ascension_level":0}