{"path_per_floor":["M","?","$","?","M","R","?","?","T","$","R","M","?","?","R","B",null,"M","M"],"character_chosen":"THE_SILENT","items_purchased":["Terror","Infinite Blades"],"gold_per_floor":[115,115,44,219,232,232,232,232,232,152,152,162,162,118,118,238,238,262,283],"floor_reached":20,"campfire_rested":0,"playtime":735,"current_hp_per_floor":[54,54,54,54,53,53,53,40,40,40,40,42,42,42,42,24,50,49,30],"items_purged":[],"gold":283,"score":224,"play_id":"d899b749-8eb3-4705-82e8-3faf2a46d472","is_prod":false,"is_daily":false,"is_ascension_mode":true,"campfire_upgraded":3,"path_taken":["M","?","$","?","?","R","?","?","T","?","R","M","?","?","R","BOSS","M","?","M"],"build_version":"2018-02-22-PROD2","purchased_purges":0,"victory":false,"master_deck":["Defend_G","Defend_G","Defend_G","Defend_G","Defend_G+1","Strike_G","Strike_G+1","Strike_G","Strike_G","Strike_G","Survivor","Neutralize+1","Terror+1","Caltrops+1","Infinite Blades","After Image","Dagger Spray"],"max_hp_per_floor":[63,63,63,63,63,63,63,63,63,63,63,63,58,58,58,58,58,58,58],"relics":["Ring of the Snake","Du-Vu Doll","Bird Faced Urn","Golden Idol","Lizard Tail"],"card_choices":[{"not_picked":["Deflect","Slice"],"picked":"Caltrops"},{"not_picked":["Phantasmal Killer","Glass Knife"],"picked":"After Image"},{"not_picked":["Slice","Eviscerate"],"picked":"Dagger Spray"}],"player_experience":325097,"potions_floor_usage":[16,16,16,18],"damage_taken":[{"damage":9,"enemies":"Cultist","floor":1,"turns":5},{"damage":1,"enemies":"Jaw Worm","floor":5,"turns":4},{"damage":0,"enemies":"2 Louse","floor":12,"turns":2},{"damage":22,"enemies":"Slime Boss","floor":16,"turns":10},{"damage":7,"enemies":"Shell Parasite","floor":18,"turns":5},{"damage":25,"enemies":"Spheric Guardian","floor":19,"turns":6},{"damage":29,"enemies":"Snecko","floor":20,"turns":6}],"event_choices":[{"event_name":"The Lab","player_choice":"Got Potions","floor":2,"damage_taken":0},{"event_name":"Liars Game","player_choice":"agreed","floor":4,"damage_taken":0},{"event_name":"Living Wall","player_choice":"Forget","floor":7,"damage_taken":0},{"event_name":"Shining Light","player_choice":"Entered Light","floor":8,"damage_taken":0},{"event_name":"Golden Idol","player_choice":"Lose Max HP","floor":13,"damage_taken":0},{"event_name":"World of Goop","player_choice":"Left","floor":14,"damage_taken":0}],"boss_relics":[{"not_picked":["Runic Dome","Snecko Eye"],"picked":"Lizard Tail"}],"potions_floor_spawned":[1,16],"seed_played":"-4382999519960837455","killed_by":"Snecko","ascension_level":8,"is_trial":false}