{"path_per_floor":["M","?","?","$","M","R","M","E","T","R","M","M","?","M","R","B",null,"M","?","?","?","$","R","E","M","T","R","$","R","E","M","R","B",null,"M","?","?","M","$","R","M","$","T","R","?","R","M","T","R"],"character_chosen":"IRONCLAD","items_purchased":["Flex"],"gold_per_floor":[114,114,114,39,53,53,70,99,124,124,134,153,153,168,168,273,273,273,273,273,273,150,150,150,150,150,150,25,25,25,25,25,25,25,25,0,0,0,0,0,0,0,0,0,0,0,0,0,0],"floor_reached":50,"campfire_rested":2,"playtime":1391,"current_hp_per_floor":[71,71,55,55,61,61,67,31,31,31,37,36,36,38,38,29,67,73,73,73,73,73,73,79,72,72,72,72,72,52,51,51,29,67,42,42,42,40,40,40,16,16,16,40,70,70,21,21,42],"items_purged":["Regret","Decay","Defend_R"],"gold":0,"score":709,"play_id":"45ab07eb-7d3d-40fc-9a81-da4522a1ae84","local_time":"20180311011615","is_prod":false,"is_daily":false,"is_ascension_mode":true,"campfire_upgraded":6,"timestamp":1520741775,"path_taken":["M","?","?","$","M","R","?","E","T","R","M","M","?","?","R","BOSS","M","?","?","?","$","R","E","M","T","R","$","R","E","?","R","BOSS","M","?","?","?","$","R","M","$","T","R","?","R","?","?","R","BOSS"],"build_version":"2018-03-09","purchased_purges":3,"victory":false,"master_deck":["Strike_R","Strike_R+1","Strike_R+1","Bash+1","Dropkick","Clash+1","Flex+1","Limit Break+1","Flex+1","Cleave+1","Heavy Blade+1","Armaments+1","Berserk+1","Whirlwind+1"],"max_hp_per_floor":[80,80,80,80,80,80,80,80,80,80,80,80,80,80,80,80,80,80,80,80,80,80,80,80,80,80,80,80,80,80,80,80,80,80,80,80,80,80,80,80,80,80,80,80,70,70,70,70,70],"relics":["Burning Blood","Girya","Ancient Tea Set","Whetstone","Ectoplasm","Vajra","Sundial","Happy Flower","Astrolabe","Red Mask","Du-Vu Doll","Omamori"],"card_choices":[{"not_picked":["Thunderclap","Feel No Pain"],"picked":"Dropkick"},{"not_picked":["Pommel Strike","Shrug It Off"],"picked":"Clash"},{"not_picked":["Twin Strike","Armaments"],"picked":"Flex"},{"not_picked":["Bludgeon","Brutality"],"picked":"Limit Break"},{"not_picked":["Entrench","Body Slam"],"picked":"Cleave"},{"not_picked":["Power Through","Twin Strike"],"picked":"Heavy Blade"}],"player_experience":562263,"potions_floor_usage":[7,12,16,16,30,31,33,35,50],"damage_taken":[{"damage":7,"enemies":"Jaw Worm","floor":1,"turns":3},{"damage":0,"enemies":"Cultist","floor":5,"turns":3},{"damage":0,"enemies":"2 Louse","floor":7,"turns":3},{"damage":42,"enemies":"Lagavulin","floor":8,"turns":6},{"damage":0,"enemies":"Lots of Slimes","floor":11,"turns":2},{"damage":7,"enemies":"Exordium Wildlife","floor":12,"turns":3},{"damage":4,"enemies":"Red Slaver","floor":14,"turns":2},{"damage":27,"enemies":"Hexaghost","floor":16,"turns":5},{"damage":0,"enemies":"Chosen","floor":18,"turns":2},{"damage":0,"enemies":"Gremlin Leader","floor":24,"turns":5},{"damage":13,"enemies":"3 Byrds","floor":25,"turns":3},{"damage":26,"enemies":"Book of Stabbing","floor":30,"turns":3},{"damage":13,"enemies":"Cultist and Chosen","floor":31,"turns":3},{"damage":28,"enemies":"Collector","floor":33,"turns":4},{"damage":31,"enemies":"3 Darklings","floor":35,"turns":3},{"damage":8,"enemies":"3 Shapes","floor":38,"turns":2},{"damage":30,"enemies":"Maw","floor":41,"turns":3},{"damage":55,"enemies":"4 Shapes","floor":47,"turns":4},{"damage":48,"enemies":"Time Eater","floor":50,"turns":2}],"event_choices":[{"event_name":"Big Fish","player_choice":"Box","floor":2,"damage_taken":0},{"event_name":"Shining Light","player_choice":"Entered Light","floor":3,"damage_taken":0},{"event_name":"The Lab","player_choice":"Got Potions","floor":13,"damage_taken":0},{"event_name":"Purifier","player_choice":"One Purge","floor":19,"damage_taken":0},{"event_name":"Forgotten Altar","player_choice":"Smashed Altar","floor":20,"damage_taken":0},{"event_name":"Upgrade Shrine","player_choice":"Upgraded","floor":21,"damage_taken":0},{"event_name":"Tomb of Lord Red Mask","player_choice":"Paid","floor":36,"damage_taken":0},{"event_name":"Transmorgrifier","player_choice":"Transform","floor":37,"damage_taken":0},{"event_name":"The Moai Head","player_choice":"Heal","floor":45,"damage_taken":0}],"boss_relics":[{"not_picked":["White Beast Statue","Snecko Eye"],"picked":"Ectoplasm"},{"not_picked":["Mark of Pain","Runic Dome"],"picked":"Astrolabe"}],"potions_floor_spawned":[1,8,12,14,24,25,31,33,47],"seed_played":"5682042066278368089","killed_by":"Time Eater","ascension_level":6,"is_trial":false}