{"path_per_floor":["M","M","?","?","$","R","$","M","T","R","M","?","R","M","R","B",null,"M","?","M","?","M","M","R"],"character_chosen":"THE_SILENT","items_purchased":["Adrenaline","Caltrops"],"gold_per_floor":[109,123,123,123,47,47,10,29,79,79,93,93,93,108,108,213,213,223,138,151,151,169,186,186,186],"floor_reached":25,"campfire_rested":2,"playtime":1371,"current_hp_per_floor":[58,58,51,51,51,51,51,51,51,51,50,50,70,69,69,50,67,37,37,27,27,27,11,33,0],"items_purged":[],"gold":186,"score":309,"play_id":"661b39be-ea9a-4314-be36-745a90ff592c","local_time":"20180327120608","is_prod":false,"is_daily":false,"is_ascension_mode":true,"campfire_upgraded":3,"timestamp":1522163168,"path_taken":["M","M","?","?","$","R","$","?","T","R","M","?","R","M","R","BOSS","M","?","?","?","?","M","R","E"],"build_version":"2018-03-22v2","purchased_purges":0,"victory":false,"master_deck":["Defend_G","Defend_G","Defend_G","Defend_G","Defend_G","Strike_G","Strike_G","Strike_G","Survivor","Neutralize+1","AscendersBane","Backflip","Footwork","Adrenaline+1","Caltrops+1","Escape Plan","Dagger Spray","Caltrops","Envenom","Blade Dance+1","PiercingWail","Cloak And Dagger"],"max_hp_per_floor":[70,70,70,70,70,70,70,70,70,70,70,70,70,72,72,72,72,72,72,72,72,74,74,74,74],"relics":["Ring of the Snake","Singing Bowl","Sozu","Vajra"],"card_choices":[{"not_picked":["Distraction","Malaise"],"picked":"Backflip","floor":1},{"not_picked":["Setup","Leg Sweep"],"picked":"Footwork","floor":2},{"not_picked":["Backflip","Masterful Stab"],"picked":"Escape Plan","floor":8},{"not_picked":["Acrobatics","Bane"],"picked":"Dagger Spray","floor":11},{"not_picked":["Glass Knife","Storm of Steel"],"picked":"Envenom","floor":16},{"not_picked":["Leg Sweep","Bouncing Flask"],"picked":"Blade Dance","floor":18},{"not_picked":["Predator","Blade Dance"],"picked":"PiercingWail","floor":20},{"not_picked":["Dagger Throw","Deadly Poison"],"picked":"Cloak And Dagger","floor":23}],"player_experience":634149,"potions_floor_usage":[18,23],"damage_taken":[{"damage":5,"enemies":"Cultist","floor":1,"turns":5},{"damage":0,"enemies":"2 Louse","floor":2,"turns":4},{"damage":0,"enemies":"Small Slimes","floor":8,"turns":5},{"damage":1,"enemies":"2 Fungi Beasts","floor":11,"turns":5},{"damage":3,"enemies":"Exordium Wildlife","floor":14,"turns":5},{"damage":19,"enemies":"Hexaghost","floor":16,"turns":11},{"damage":30,"enemies":"Chosen","floor":18,"turns":7},{"damage":10,"enemies":"3 Byrds","floor":20,"turns":3},{"damage":2,"enemies":"Centurion and Healer","floor":22,"turns":7},{"damage":16,"enemies":"3 Cultists","floor":23,"turns":4},{"damage":33,"enemies":"Gremlin Leader","floor":25,"turns":6}],"event_choices":[{"event_name":"Golden Wing","player_choice":"Card Removal","floor":3,"damage_taken":0},{"event_name":"The Woman in Blue","player_choice":"Bought 0 Potions","floor":4,"damage_taken":0},{"event_name":"Transmorgrifier","player_choice":"Transform","floor":12,"damage_taken":0},{"event_name":"Addict","player_choice":"Obtained Relic","floor":19,"damage_taken":0},{"event_name":"Cursed Tome","player_choice":"Ignored","floor":21,"damage_taken":0}],"boss_relics":[{"not_picked":["Calling Bell","Cursed Key"],"picked":"Sozu"}],"potions_floor_spawned":[2,8,11,20,22,23],"seed_played":"8046169482481324184","killed_by":"Gremlin Leader","ascension_level":12,"is_trial":false}