{"gold_per_floor":[112,131,131,25,75,75,92,155,181,201,201,219,219,236,236,311,311,311,211,136,136,136,136,136],"floor_reached":24,"playtime":946,"items_purged":["Strike_B"],"score":390,"play_id":"8b4f7aba-11c6-4422-b7a6-0a5a9a8853bf","local_time":"20190315235757","is_ascension_mode":true,"campfire_choices":[{"data":"Zap","floor":6,"key":"SMITH"},{"floor":11,"key":"REST"},{"data":"White Noise","floor":13,"key":"SMITH"},{"floor":15,"key":"REST"},{"floor":23,"key":"REST"}],"neow_cost":"NONE","seed_source_timestamp":174843845448476,"circlet_count":0,"master_deck":["AscendersBane","Strike_B","Strike_B","Defend_B","Defend_B","Defend_B","Defend_B","Zap+1","Dualcast","Meteor Strike","Conserve Battery","Core Surge","Forethought","Sunder","White Noise+1","Ball Lightning","Skim","Glacier","Seek","Conserve Battery+1","Coolheaded","Doom and Gloom","Streamline"],"special_seed":0,"relics":["Cracked Core","Omamori","Tiny Chest","Bag of Preparation","Ectoplasm"],"potions_floor_usage":[16,18,22,24],"damage_taken":[{"damage":2.0,"enemies":"Jaw Worm","floor":1.0,"turns":4.0},{"damage":0.0,"enemies":"Cultist","floor":2.0,"turns":4.0},{"damage":3,"enemies":"Small Slimes","floor":7,"turns":3},{"damage":35,"enemies":"3 Sentries","floor":8,"turns":9},{"damage":11,"enemies":"3 Louse","floor":10,"turns":3},{"damage":13,"enemies":"Large Slime","floor":12,"turns":4},{"damage":0,"enemies":"2 Fungi Beasts","floor":14,"turns":2},{"damage":6,"enemies":"The Guardian","floor":16,"turns":10},{"damage":19,"enemies":"3 Byrds","floor":18,"turns":5},{"damage":15,"enemies":"2 Thieves","floor":19,"turns":5},{"damage":10,"enemies":"Snecko","floor":21,"turns":5},{"damage":6,"enemies":"Snake Plant","floor":22,"turns":4},{"damage":35,"enemies":"Slavers","floor":24,"turns":2}],"seed_played":"6645333256114886169","potions_obtained":[{"floor":7,"key":"FearPotion"},{"floor":8,"key":"GamblersBrew"},{"floor":18,"key":"Fire Potion"},{"floor":21,"key":"Swift Potion"}],"is_trial":false,"path_per_floor":["M","M","?","$","?","R","M","E","T","M","R","M","R","M","R","B",null,"M","M","$","M","M","R","E"],"character_chosen":"DEFECT","items_purchased":["Forethought"],"campfire_rested":3,"item_purchase_floors":[4],"current_hp_per_floor":[62,62,57,57,50,50,47,12,12,1,22,9,9,9,30,24,59,40,25,25,15,9,30,0],"gold":136,"neow_bonus":"TRANSFORM_CARD","is_prod":false,"is_daily":false,"chose_seed":false,"campfire_upgraded":2,"win_rate":0,"timestamp":1552690677,"path_taken":["M","M","?","$","?","R","M","E","T","?","R","M","R","M","R","BOSS","M","M","$","M","M","R","E"],"build_version":"2019-01-23","purchased_purges":1,"victory":false,"max_hp_per_floor":[71,71,71,71,71,71,71,71,71,71,71,71,71,71,71,71,71,71,71,71,71,71,71,71],"card_choices":[{"not_picked":["Steam","Sweeping Beam"],"picked":"Conserve Battery","floor":1.0},{"not_picked":["Cold Snap","Loop"],"picked":"Core Surge","floor":2.0},{"not_picked":["Compile Driver","FTL"],"picked":"Sunder","floor":7},{"not_picked":["Lockon","Static Discharge"],"picked":"White Noise","floor":8},{"not_picked":["Blizzard","Rebound"],"picked":"Ball Lightning","floor":10},{"not_picked":["Turbo","Redo"],"picked":"Skim","floor":12},{"not_picked":["Steam","Gash"],"picked":"Glacier","floor":14},{"not_picked":["Multi-Cast","Creative AI"],"picked":"Seek","floor":16},{"not_picked":["Sweeping Beam","Go for the Eyes"],"picked":"Conserve Battery+1","floor":18},{"not_picked":["Blizzard+1","Beam Cell"],"picked":"Coolheaded","floor":19},{"not_picked":["Compile Driver","Consume"],"picked":"Doom and Gloom","floor":21},{"not_picked":["Sweeping Beam","Static Discharge"],"picked":"Streamline","floor":22}],"player_experience":1023675,"relics_obtained":[{"floor":8,"key":"Tiny Chest"},{"floor":9,"key":"Bag of Preparation"}],"event_choices":[{"damage_healed":0.0,"max_hp_gain":0.0,"max_hp_loss":0.0,"gold_gain":0.0,"event_name":"Scrap Ooze","player_choice":"Success","floor":3.0,"gold_loss":0.0,"damage_taken":5.0,"relics_obtained":["Omamori"]},{"damage_healed":0,"gold_gain":50,"player_choice":"Touch","damage_taken":7,"max_hp_gain":0,"max_hp_loss":0,"event_name":"FaceTrader","floor":5,"gold_loss":0}],"is_beta":false,"boss_relics":[{"not_picked":["Inserter","Tiny House"],"picked":"Ectoplasm"}],"items_purged_floors":[20],"is_endless":false,"potions_floor_spawned":[7,8,12,18,21],"killed_by":"Slavers","ascension_level":19}