{"gold_per_floor":[13,13,27,27,39,39,57,67,67,67,80,5,21,36,36,131,131,149,78,0,12,29,29,29,40,40,40,40,40],"floor_reached":29,"playtime":866,"items_purged":["Strike_B"],"score":252,"play_id":"98563006-670e-47ca-b910-01909376eb8d","local_time":"20180805185300","is_ascension_mode":true,"campfire_choices":[{"data":"Sweeping Beam","floor":6.0,"key":"SMITH"},{"data":"Dualcast","floor":10.0,"key":"SMITH"},{"floor":15.0,"key":"REST"},{"floor":23.0,"key":"REST"},{"floor":27.0,"key":"REST"}],"neow_cost":"NO_GOLD","seed_source_timestamp":0,"circlet_count":0,"master_deck":["Strike_B+1","Defend_B","Defend_B","Zap+1","Dualcast+1","Ball Lightning","Sweeping Beam+1","Thunder Strike","Echo Form","Defragment+1","Storm","Decay","Buffer"],"special_seed":0,"relics":["Cracked Core","Bronze Scales","Empty Cage","Matryoshka"],"potions_floor_usage":[29],"damage_taken":[{"damage":1.0,"enemies":"Cultist","floor":1.0,"turns":3.0},{"damage":12.0,"enemies":"Jaw Worm","floor":3.0,"turns":2.0},{"damage":6.0,"enemies":"2 Louse","floor":5.0,"turns":2.0},{"damage":0.0,"enemies":"Gremlin Gang","floor":7.0,"turns":2.0},{"damage":12.0,"enemies":"Exordium Thugs","floor":8.0,"turns":2.0},{"damage":0.0,"enemies":"2 Fungi Beasts","floor":11.0,"turns":2.0},{"damage":2.0,"enemies":"Large Slime","floor":13.0,"turns":3.0},{"damage":6.0,"enemies":"Looter","floor":14.0,"turns":2.0},{"damage":16.0,"enemies":"Slime Boss","floor":16.0,"turns":7.0},{"damage":24.0,"enemies":"Shell Parasite","floor":18.0,"turns":3.0},{"damage":12.0,"enemies":"Chosen","floor":21.0,"turns":3.0},{"damage":32.0,"enemies":"Snecko","floor":22.0,"turns":4.0},{"damage":10.0,"enemies":"Cultist and Chosen","floor":25.0,"turns":4.0},{"damage":47,"enemies":"Slavers","floor":29,"turns":3}],"seed_played":"3982448248374113992","potions_obtained":[{"floor":3.0,"key":"Fire Potion"},{"floor":5.0,"key":"EssenceOfSteel"},{"floor":7.0,"key":"LiquidBronze"},{"floor":11.0,"key":"Ancient Potion"},{"floor":21.0,"key":"EssenceOfSteel"},{"floor":25.0,"key":"Fire Potion"}],"is_trial":false,"path_per_floor":["M","$","M","?","M","R","M","M","T","R","M","$","M","M","R","B",null,"M","$","?","M","M","R","?","M","T","R","?"],"character_chosen":"DEFECT","items_purchased":["Storm"],"campfire_rested":3,"item_purchase_floors":[19],"current_hp_per_floor":[74,74,62,47,41,41,41,29,29,29,29,29,27,21,43,27,75,51,51,51,39,7,29,29,19,19,41,41,0],"gold":40,"neow_bonus":"REMOVE_TWO","is_prod":false,"is_daily":false,"chose_seed":false,"campfire_upgraded":2,"win_rate":0,"timestamp":1533505980,"path_taken":["M","?","M","?","M","R","M","M","T","R","M","$","M","M","R","BOSS","M","$","?","M","M","R","?","M","T","R","?","E"],"build_version":"2018-08-01","purchased_purges":1,"victory":false,"max_hp_per_floor":[75,75,75,75,75,75,75,75,75,75,75,75,75,75,75,75,75,75,75,75,75,75,75,75,75,75,75,75,75],"card_choices":[{"not_picked":["Cold Snap","Steam"],"picked":"Ball Lightning","floor":1.0},{"not_picked":["Hologram","Compile Driver"],"picked":"Sweeping Beam","floor":3.0},{"not_picked":["Redo","Coolheaded","Reinforced Body"],"picked":"SKIP","floor":5.0},{"not_picked":["Coolheaded","Doom and Gloom","Double Energy"],"picked":"SKIP","floor":7.0},{"not_picked":["Go for the Eyes","Leap","Cold Snap"],"picked":"SKIP","floor":8.0},{"not_picked":["Ball Lightning","Coolheaded"],"picked":"Thunder Strike","floor":11.0},{"not_picked":["Leap","Gash","Steam"],"picked":"SKIP","floor":13.0},{"not_picked":["Undo","Glacier","Scrape"],"picked":"SKIP","floor":14.0},{"not_picked":["Hyperbeam","Fission"],"picked":"Echo Form","floor":16.0},{"not_picked":["Sweeping Beam","White Noise"],"picked":"Defragment+1","floor":18.0},{"not_picked":["Sweeping Beam","Compile Driver+1","Stack"],"picked":"SKIP","floor":21.0},{"not_picked":["Blizzard","Turbo","Hologram+1"],"picked":"SKIP","floor":22.0},{"not_picked":["Sweeping Beam","Gash"],"picked":"Buffer","floor":25.0}],"player_experience":860076,"relics_obtained":[{"floor":9.0,"key":"Bronze Scales"},{"floor":26.0,"key":"Matryoshka"}],"event_choices":[{"event_name":"Shining Light","player_choice":"Entered Light","floor":4.0,"damage_taken":0.0},{"event_name":"Masked Bandits","player_choice":"Paid Bandits 78 gold","floor":20.0,"damage_taken":0.0},{"event_name":"Forgotten Altar","player_choice":"Smashed Altar","floor":24.0,"damage_taken":0.0},{"event_name":"Ghosts","player_choice":"Ignored","floor":28.0,"damage_taken":0.0}],"is_beta":true,"boss_relics":[{"not_picked":["FrozenCore","Cursed Key"],"picked":"Empty Cage"}],"items_purged_floors":[12],"is_endless":false,"potions_floor_spawned":[3,5,7,11,14,21,25],"killed_by":"Slavers","ascension_level":3}