{"gold_per_floor":[109,121,121,135,154,154,47,12,12,39,3,3,3,36,36,139,189,202,219,43,56,156,156,168,187,187,187,204,239,1,12,12,12],"floor_reached":33,"playtime":1728,"items_purged":[],"score":403,"play_id":"2f41a2af-1556-45be-b1d1-b1ec2b64f251","local_time":"20190305140201","is_ascension_mode":true,"campfire_choices":[{"data":"Blade Dance","floor":6,"key":"SMITH"},{"data":"Night Terror","floor":13,"key":"SMITH"},{"data":"Footwork","floor":15,"key":"SMITH"},{"floor":23,"key":"REST"},{"floor":27,"key":"REST"},{"floor":32,"key":"REST"}],"neow_cost":"NONE","seed_source_timestamp":209253707459531,"circlet_count":0,"master_deck":["Defend_G","Defend_G","Defend_G","Defend_G","Defend_G","Strike_G+1","Strike_G","Strike_G","Strike_G","Strike_G","Survivor+1","Neutralize","Endless Agony+1","Dagger Throw","Blade Dance+1","Flechettes","Escape Plan","Footwork+1","Night Terror+1","Escape Plan","Caltrops","Burst","Blur","Finisher","Backflip","Master of Strategy","Cloak And Dagger","Backstab+1","Dash+1","Dagger Throw","PiercingWail","Dodge and Roll+1"],"relics":["White Beast Statue","Bronze Scales","Blue Candle","Shuriken","Strawberry","Tiny House","Gremlin Horn","Nunchaku","Bottled Tornado"],"potions_floor_usage":[5,10,19,25,31,33,33,33],"damage_taken":[{"damage":0,"enemies":"Jaw Worm","floor":1,"turns":7},{"damage":1,"enemies":"2 Louse","floor":2,"turns":3},{"damage":0,"enemies":"Cultist","floor":4,"turns":3},{"damage":13,"enemies":"Lots of Slimes","floor":5,"turns":4},{"damage":13,"enemies":"3 Sentries","floor":10,"turns":8},{"damage":15,"enemies":"Lagavulin","floor":14,"turns":7},{"damage":2,"enemies":"Slime Boss","floor":16,"turns":8},{"damage":34,"enemies":"Shell Parasite","floor":18,"turns":8},{"damage":17,"enemies":"Spheric Guardian","floor":19,"turns":5},{"damage":7,"enemies":"Centurion and Healer","floor":21,"turns":7},{"damage":24,"enemies":"Shelled Parasite and Fungi","floor":24,"turns":6},{"damage":14,"enemies":"Snake Plant","floor":25,"turns":5},{"damage":20,"enemies":"3 Cultists","floor":28,"turns":8},{"damage":0,"enemies":"Gremlin Leader","floor":29,"turns":7},{"damage":16,"enemies":"Cultist and Chosen","floor":31,"turns":6},{"damage":67,"enemies":"Collector","floor":33,"turns":7}],"seed_played":"-1701635880149361168","potions_obtained":[{"floor":1,"key":"Poison Potion"},{"floor":2,"key":"Energy Potion"},{"floor":4,"key":"Weak Potion"},{"floor":5,"key":"Explosive Potion"},{"floor":10,"key":"Dexterity Potion"},{"floor":14,"key":"Ancient Potion"},{"floor":19,"key":"LiquidBronze"},{"floor":24,"key":"Regen Potion"},{"floor":25,"key":"PowerPotion"},{"floor":29,"key":"Fruit Juice"},{"floor":31,"key":"FearPotion"}],"is_trial":false,"path_per_floor":["M","M","?","M","M","R","$","?","T","E","$","?","R","E","R","B",null,"M","M","$","M","?","R","M","M","T","R","M","E","$","M","R","B"],"character_chosen":"THE_SILENT","items_purchased":["Escape Plan","Footwork","Escape Plan","Master of Strategy","Bottled Tornado"],"campfire_rested":3,"item_purchase_floors":[7,7,11,20,30],"current_hp_per_floor":[70,69,55,55,42,42,42,59,59,46,46,43,43,35,35,33,71,37,20,20,13,13,37,13,13,13,37,17,17,17,6,32,0],"gold":12,"neow_bonus":"BOSS_RELIC","is_prod":false,"is_daily":false,"chose_seed":false,"campfire_upgraded":3,"win_rate":0,"timestamp":1551816121,"path_taken":["M","M","?","M","M","R","$","?","T","E","$","?","R","E","R","BOSS","M","M","$","M","?","R","?","M","T","R","M","E","?","?","R","BOSS"],"build_version":"2019-01-23","purchased_purges":0,"victory":false,"max_hp_per_floor":[70,70,70,70,70,70,70,70,70,70,70,70,70,77,77,77,82,82,82,82,82,82,82,82,82,82,82,82,82,82,87,87,87],"card_choices":[{"not_picked":["Underhanded Strike","Acrobatics"],"picked":"Endless Agony","floor":1},{"not_picked":["Outmaneuver","Underhanded Strike"],"picked":"Dagger Throw","floor":2},{"not_picked":["Choke","All Out Attack"],"picked":"Blade Dance","floor":4},{"not_picked":["Flying Knee","Distraction"],"picked":"Flechettes","floor":5},{"not_picked":["Quick Slash","Distraction"],"picked":"Night Terror","floor":10},{"not_picked":["Riddle With Holes","Quick Slash"],"picked":"Caltrops","floor":14},{"not_picked":["Phantasmal Killer","Unload"],"picked":"Burst","floor":16},{"not_picked":["Bane","Infinite Blades"],"picked":"Blur","floor":17},{"not_picked":["Sucker Punch+1","Poisoned Stab"],"picked":"Finisher","floor":18},{"not_picked":["All Out Attack","Blade Dance"],"picked":"Backflip","floor":19},{"not_picked":["Dagger Throw","Slice"],"picked":"Cloak And Dagger","floor":21},{"not_picked":["Poisoned Stab","Envenom"],"picked":"Backstab+1","floor":24},{"not_picked":["Outmaneuver+1","Backflip"],"picked":"Dash+1","floor":25},{"not_picked":["Poisoned Stab+1","Deadly Poison"],"picked":"Dagger Throw","floor":28},{"not_picked":["Blur","Backflip"],"picked":"PiercingWail","floor":29},{"not_picked":["Tactician","Heel Hook+1"],"picked":"Dodge and Roll+1","floor":31}],"player_experience":314963,"relics_obtained":[{"floor":9,"key":"Bronze Scales"},{"floor":10,"key":"Blue Candle"},{"floor":14,"key":"Strawberry"},{"floor":26,"key":"Gremlin Horn"},{"floor":29,"key":"Nunchaku"}],"event_choices":[{"damage_healed":0,"gold_gain":0,"player_choice":"Entered Light","damage_taken":14,"max_hp_gain":0,"max_hp_loss":0,"event_name":"Shining Light","floor":3,"gold_loss":0,"cards_upgraded":["Survivor","Strike_G"]},{"damage_healed":17,"gold_gain":0,"player_choice":"Healed","damage_taken":0,"max_hp_gain":0,"max_hp_loss":0,"event_name":"The Cleric","floor":8,"gold_loss":35},{"damage_healed":0,"gold_gain":0,"player_choice":"Success","damage_taken":3,"relics_obtained":["Shuriken"],"max_hp_gain":0,"max_hp_loss":0,"event_name":"Scrap Ooze","floor":12,"gold_loss":0},{"damage_healed":0,"gold_gain":100,"player_choice":"Pray","damage_taken":0,"max_hp_gain":0,"max_hp_loss":0,"event_name":"Golden Shrine","floor":22,"gold_loss":0}],"is_beta":false,"boss_relics":[{"not_picked":["Velvet Choker","Calling Bell"],"picked":"Tiny House"}],"items_purged_floors":[],"is_endless":false,"potions_floor_spawned":[1,2,4,5,10,14,16,18,19,21,24,25,28,29,31],"killed_by":"Collector","ascension_level":5}