{"gold_per_floor":[109,123,123,123,123,151,169,14,14,46,66,16,16,49,49,151,151,169,169,186,186,196,196,229,229,256,289,307,340,340,365,365,465,465,481,288,288,304,320,320,339,369,369,386,421,421,437,471,471,471,471,471,76,105,105],"floor_reached":55,"playtime":3001,"items_purged":["Strike_B","Strike_B+1"],"score":1235,"play_id":"3d95ff91-ba0c-472f-bbec-eb7b03d90ee6","local_time":"20190123175744","is_ascension_mode":true,"campfire_choices":[{"data":"Defragment","floor":13.0,"key":"SMITH"},{"data":"Zap","floor":15.0,"key":"SMITH"},{"data":"Fission","floor":23.0,"key":"SMITH"},{"data":"Hologram","floor":25.0,"key":"SMITH"},{"data":"Ball Lightning","floor":30.0,"key":"SMITH"},{"data":"Defend_B","floor":32.0,"key":"SMITH"},{"floor":40.0,"key":"RECALL"},{"floor":46.0,"key":"REST"},{"floor":49.0,"key":"REST"},{"floor":52.0,"key":"REST"}],"neow_cost":"NONE","seed_source_timestamp":0,"circlet_count":0,"master_deck":["Defend_B+1","Defend_B","Defend_B+1","Defend_B","Zap+1","Dualcast+1","Ball Lightning+1","Hologram+1","Glacier+1","Defragment+1","Fission+1","Creative AI+1","Loop+1","Gash","Core Surge","Dark Shackles","Barrage"],"special_seed":0,"relics":["Cracked Core","NeowsBlessing","Mercury Hourglass","Bag of Preparation","Cables","War Paint","Anchor","Busted Crown","Singing Bowl","Bronze Scales","Prayer Wheel","Dream Catcher","Frozen Egg 2","Fusion Hammer","Potion Belt","Smiling Mask","Blood Vial","Letter Opener","Kunai"],"potions_floor_usage":[55,55,55,55],"damage_taken":[{"damage":0.0,"enemies":"Jaw Worm","floor":1.0,"turns":1.0},{"damage":0.0,"enemies":"Small Slimes","floor":2.0,"turns":1.0},{"damage":0.0,"enemies":"Gremlin Nob","floor":6.0,"turns":1.0},{"damage":0.0,"enemies":"2 Louse","floor":7.0,"turns":1.0},{"damage":9.0,"enemies":"3 Sentries","floor":10.0,"turns":6.0},{"damage":0.0,"enemies":"Looter","floor":11.0,"turns":3.0},{"damage":0.0,"enemies":"Gremlin Nob","floor":14.0,"turns":3.0},{"damage":7.0,"enemies":"Slime Boss","floor":16.0,"turns":7.0},{"damage":4.0,"enemies":"3 Byrds","floor":18.0,"turns":3.0},{"damage":0.0,"enemies":"Shell Parasite","floor":20.0,"turns":3.0},{"damage":0.0,"enemies":"Centurion and Healer","floor":22.0,"turns":11.0},{"damage":14.0,"enemies":"Gremlin Leader","floor":24.0,"turns":7.0},{"damage":5.0,"enemies":"Slavers","floor":27.0,"turns":4.0},{"damage":0.0,"enemies":"Snake Plant","floor":28.0,"turns":2.0},{"damage":0.0,"enemies":"Book of Stabbing","floor":29.0,"turns":5.0},{"damage":4.0,"enemies":"Gremlin Leader","floor":31.0,"turns":6.0},{"damage":15.0,"enemies":"Champ","floor":33.0,"turns":13.0},{"damage":0.0,"enemies":"3 Shapes","floor":35.0,"turns":3.0},{"damage":0.0,"enemies":"Orb Walker","floor":38.0,"turns":3.0},{"damage":0.0,"enemies":"Transient","floor":39.0,"turns":5.0},{"damage":9.0,"enemies":"Sphere and 2 Shapes","floor":41.0,"turns":3.0},{"damage":33.0,"enemies":"Giant Head","floor":42.0,"turns":8.0},{"damage":2.0,"enemies":"3 Darklings","floor":44.0,"turns":4.0},{"damage":17.0,"enemies":"Reptomancer","floor":45.0,"turns":6.0},{"damage":3.0,"enemies":"Maw","floor":47.0,"turns":6.0},{"damage":34.0,"enemies":"Giant Head","floor":48.0,"turns":9.0},{"damage":21.0,"enemies":"Time Eater","floor":50.0,"turns":11.0},{"damage":64.0,"enemies":"Shield and Spear","floor":54.0,"turns":9.0},{"damage":68,"enemies":"The Heart","floor":55,"turns":8}],"seed_played":"857025360832076916","potions_obtained":[{"floor":6.0,"key":"Ancient Potion"},{"floor":7.0,"key":"PowerPotion"},{"floor":16.0,"key":"Regen Potion"},{"floor":18.0,"key":"Regen Potion"},{"floor":22.0,"key":"LiquidBronze"},{"floor":33.0,"key":"Energy Potion"},{"floor":39.0,"key":"SpeedPotion"},{"floor":42.0,"key":"Ancient Potion"},{"floor":44.0,"key":"Energy Potion"}],"is_trial":false,"path_per_floor":["?","?","?","M","?","?","?","?","M","B"],"character_chosen":"DEFECT","items_purchased":["Defragment","Loop+1","Gash","Letter Opener","Dark Shackles","Barrage"],"campfire_rested":3,"item_purchase_floors":[8,36,36,53,53,53],"current_hp_per_floor":[68,68,68,53,46,46,46,46,46,37,37,37,37,37,37,30,64,60,60,60,46,61,61,49,49,49,60,64,66,66,64,64,49,81,85,85,85,89,93,93,88,57,57,57,42,78,79,47,85,66,110,126,126,64,0],"gold":105,"neow_bonus":"THREE_ENEMY_KILL","is_prod":false,"is_daily":false,"chose_seed":false,"campfire_upgraded":6,"win_rate":0,"timestamp":1548273464,"path_taken":["M","M","?","?","?","E","?","$","T","E","M","?","R","E","R","BOSS","M","?","M","?","M","R","E","R","T","E","M","E","R","E","R","BOSS","M","$","?","M","M","R","M","E","T","M","E","R","?","E","R","BOSS","R","$","E","BOSS"],"build_version":"2019-01-23","purchased_purges":2,"victory":false,"max_hp_per_floor":[75,75,75,75,75,75,75,75,75,75,75,75,75,75,75,75,75,75,75,75,80,80,80,82,82,82,84,88,90,90,92,92,92,92,96,96,96,100,104,104,108,110,110,112,114,116,120,122,124,124,124,126,126,128,128],"card_choices":[{"not_picked":["Coolheaded","Steam","Cold Snap"],"picked":"SKIP","floor":1.0},{"not_picked":["Sweeping Beam","Auto Shields"],"picked":"Ball Lightning","floor":2.0},{"not_picked":["Redo","Coolheaded"],"picked":"Hologram","floor":6.0},{"not_picked":["Aggregate","Amplify"],"picked":"Glacier","floor":7.0},{"not_picked":["Gash","White Noise","Undo"],"picked":"SKIP","floor":10.0},{"not_picked":["Reprogram","Consume","Aggregate"],"picked":"SKIP","floor":11.0},{"not_picked":["Glacier","Coolheaded","Chaos"],"picked":"SKIP","floor":14.0},{"not_picked":["Amplify","Hyperbeam"],"picked":"Fission","floor":16.0},{"not_picked":["Beam Cell"],"picked":"SKIP","floor":18.0},{"not_picked":["Stack"],"picked":"SKIP","floor":20.0},{"not_picked":["Hologram"],"picked":"SKIP","floor":22.0},{"not_picked":["Cold Snap"],"picked":"Singing Bowl","floor":24.0},{"not_picked":["Reinforced Body"],"picked":"Singing Bowl","floor":27.0},{"not_picked":["Compile Driver"],"picked":"Singing Bowl","floor":28.0},{"not_picked":["Conserve Battery"],"picked":"Singing Bowl","floor":28.0},{"not_picked":["Skim+1"],"picked":"Singing Bowl","floor":29.0},{"not_picked":["Cold Snap+1"],"picked":"Singing Bowl","floor":31.0},{"not_picked":[],"picked":"Creative AI+1","floor":33.0},{"not_picked":["Compile Driver+1"],"picked":"Singing Bowl","floor":35.0},{"not_picked":["Streamline+1"],"picked":"Singing Bowl","floor":35.0},{"not_picked":["Ball Lightning+1"],"picked":"Singing Bowl","floor":38.0},{"not_picked":["Ball Lightning+1"],"picked":"Singing Bowl","floor":38.0},{"not_picked":["Stack"],"picked":"Singing Bowl","floor":39.0},{"not_picked":["Double Energy+1"],"picked":"Singing Bowl","floor":39.0},{"not_picked":["Cold Snap+1"],"picked":"Singing Bowl","floor":41.0},{"not_picked":["Loop+1"],"picked":"Singing Bowl","floor":41.0},{"not_picked":["Barrage"],"picked":"Singing Bowl","floor":42.0},{"not_picked":[],"picked":"Core Surge","floor":44.0},{"not_picked":["Chill"],"picked":"Singing Bowl","floor":44.0},{"not_picked":["Steam"],"picked":"Singing Bowl","floor":45.0},{"not_picked":["Chill+1"],"picked":"Singing Bowl","floor":46.0},{"not_picked":["Rebound+1"],"picked":"Singing Bowl","floor":47.0},{"not_picked":["Hologram+1"],"picked":"Singing Bowl","floor":47.0},{"not_picked":["Go for the Eyes+1"],"picked":"Singing Bowl","floor":48.0},{"not_picked":["Sweeping Beam+1"],"picked":"Singing Bowl","floor":49.0},{"not_picked":["Ball Lightning"],"picked":"Singing Bowl","floor":52.0},{"not_picked":["Barrage+1"],"picked":"Singing Bowl","floor":54.0}],"player_experience":942873,"relics_obtained":[{"floor":6.0,"key":"Bag of Preparation"},{"floor":9.0,"key":"Cables"},{"floor":10.0,"key":"War Paint"},{"floor":14.0,"key":"Anchor"},{"floor":24.0,"key":"Singing Bowl"},{"floor":26.0,"key":"Bronze Scales"},{"floor":27.0,"key":"Prayer Wheel"},{"floor":29.0,"key":"Dream Catcher"},{"floor":31.0,"key":"Frozen Egg 2"},{"floor":42.0,"key":"Potion Belt"},{"floor":45.0,"key":"Smiling Mask"},{"floor":48.0,"key":"Blood Vial"},{"floor":54.0,"key":"Kunai"}],"event_choices":[{"damage_healed":0.0,"max_hp_gain":0.0,"max_hp_loss":0.0,"gold_gain":0.0,"event_name":"Big Fish","player_choice":"Box","floor":3.0,"gold_loss":0.0,"damage_taken":0.0,"relics_obtained":["Mercury Hourglass"],"cards_obtained":["Regret"]},{"damage_healed":0.0,"max_hp_gain":0.0,"max_hp_loss":0.0,"gold_gain":0.0,"event_name":"Shining Light","player_choice":"Entered Light","floor":4.0,"gold_loss":0.0,"damage_taken":15.0,"cards_upgraded":["Strike_B","Defend_B"]},{"cards_removed":["Regret"],"damage_healed":0.0,"max_hp_gain":0.0,"max_hp_loss":0.0,"gold_gain":0.0,"event_name":"Golden Wing","player_choice":"Card Removal","floor":5.0,"gold_loss":0.0,"damage_taken":7.0},{"cards_removed":["Strike_B"],"damage_healed":0.0,"max_hp_gain":0.0,"max_hp_loss":0.0,"gold_gain":0.0,"event_name":"The Cleric","player_choice":"Card Removal","floor":12.0,"gold_loss":50.0,"damage_taken":0.0},{"cards_removed":["Strike_B"],"damage_healed":0.0,"max_hp_gain":0.0,"max_hp_loss":0.0,"gold_gain":0.0,"event_name":"Back to Basics","player_choice":"Elegance","floor":19.0,"gold_loss":0.0,"damage_taken":0.0},{"damage_healed":0.0,"max_hp_gain":5.0,"max_hp_loss":0.0,"gold_gain":0.0,"event_name":"Forgotten Altar","player_choice":"Shed Blood","floor":21.0,"gold_loss":0.0,"damage_taken":19.0},{"damage_healed":0.0,"max_hp_gain":0.0,"max_hp_loss":0.0,"gold_gain":0.0,"event_name":"The Woman in Blue","player_choice":"Bought 0 Potions","floor":37.0,"gold_loss":0.0,"damage_taken":0.0}],"is_beta":true,"boss_relics":[{"not_picked":["Calling Bell","FrozenCore"],"picked":"Busted Crown"},{"not_picked":["Runic Pyramid","Coffee Dripper"],"picked":"Fusion Hammer"}],"items_purged_floors":[8,36],"is_endless":false,"potions_floor_spawned":[6,7,16,18,22,33,39,42,44,47],"killed_by":"The Heart","ascension_level":7}