{"path_per_floor":["M","?","?","?","M","E","M","$","T","M","M","M","R","M","R","B",null,"M","?","?","M","$","E","?","M","T","M","$","M","R","M","R"],"character_chosen":"THE_SILENT","items_purchased":["Frozen Egg 2","Caltrops"],"gold_per_floor":[111,111,111,111,130,156,174,99,99,119,129,144,144,160,160,265,265,278,278,278,289,3,33,33,43,43,62,62,77,77,95,95],"floor_reached":33,"campfire_rested":1,"playtime":1890,"current_hp_per_floor":[70,56,49,49,49,49,49,49,49,49,46,46,46,45,45,39,70,70,70,70,64,64,40,40,31,31,30,30,24,24,17,38],"items_purged":["Normality"],"gold":95,"score":296,"play_id":"756c33fb-6e89-46e2-a5f4-d4668ac6ffda","is_prod":false,"is_daily":false,"is_ascension_mode":false,"campfire_upgraded":2,"path_taken":["M","?","?","?","M","E","M","$","T","?","M","M","R","M","R","BOSS","M","?","?","M","$","E","?","?","T","M","$","M","R","M","R","BOSS"],"build_version":"2018-02-15-PROD1","purchased_purges":1,"victory":false,"master_deck":["Defend_G","Defend_G","Defend_G","Defend_G","Defend_G+1","Strike_G","Strike_G+1","Strike_G","Strike_G","Survivor","Neutralize","PiercingWail","Escape Plan","Blade Dance","Dodge and Roll","Noxious Fumes+1","Finisher","Infinite Blades+1","Storm of Steel+1","Cloak And Dagger+1","Cloak And Dagger+1","Caltrops+1","Flying Knee","Burst+1","Backflip+1"],"max_hp_per_floor":[70,70,70,70,70,70,70,70,70,70,70,70,70,70,70,70,70,70,70,70,70,70,70,70,70,70,70,70,70,70,70,70],"relics":["Ring of the Snake","NeowsBlessing","Happy Flower","Anchor","Shovel","Toxic Egg 2","Black Star","Frozen Egg 2","Ice Cream","Torii","Prayer Wheel","Ancient Tea Set"],"card_choices":[{"not_picked":["Accuracy","Sucker Punch"],"picked":"PiercingWail"},{"not_picked":["Tactician","Terror"],"picked":"Escape Plan"},{"not_picked":["Prepared","Backflip"],"picked":"Blade Dance"},{"not_picked":["Deadly Poison","Expertise"],"picked":"Dodge and Roll"},{"not_picked":["Dagger Throw","Flechettes"],"picked":"Noxious Fumes"},{"not_picked":["Endless Agony","Masterful Stab"],"picked":"Finisher"},{"not_picked":["Predator","Outmaneuver"],"picked":"Infinite Blades"},{"not_picked":["Bullet Time","Wraith Form"],"picked":"Storm of Steel"},{"not_picked":["Quick Slash","Distraction"],"picked":"Cloak And Dagger"},{"not_picked":["Flying Knee","Catalyst"],"picked":"Cloak And Dagger"},{"not_picked":["Slice","Poisoned Stab"],"picked":"Flying Knee"},{"not_picked":["Flying Knee","Caltrops"],"picked":"Burst"},{"not_picked":["Masterful Stab","Noxious Fumes"],"picked":"Backflip"}],"player_experience":138216,"potions_floor_usage":[16,16,23,23,29,29,33],"damage_taken":[{"damage":0,"enemies":"2 Louse","floor":1,"turns":1},{"damage":0,"enemies":"Jaw Worm","floor":5,"turns":1},{"damage":0,"enemies":"Gremlin Nob","floor":6,"turns":1},{"damage":0,"enemies":"Small Slimes","floor":7,"turns":3},{"damage":0,"enemies":"2 Fungi Beasts","floor":10,"turns":4},{"damage":3,"enemies":"Gremlin Gang","floor":11,"turns":7},{"damage":0,"enemies":"Blue Slaver","floor":12,"turns":4},{"damage":1,"enemies":"2 Fungi Beasts","floor":14,"turns":3},{"damage":6,"enemies":"Slime Boss","floor":16,"turns":10},{"damage":0,"enemies":"3 Byrds","floor":18,"turns":5},{"damage":6,"enemies":"Shell Parasite","floor":21,"turns":7},{"damage":24,"enemies":"Gremlin Leader","floor":23,"turns":8},{"damage":9,"enemies":"Cultist and Chosen","floor":25,"turns":6},{"damage":1,"enemies":"Centurion and Healer","floor":27,"turns":6},{"damage":6,"enemies":"Snecko","floor":29,"turns":4},{"damage":7,"enemies":"3 Cultists","floor":31,"turns":6},{"damage":39,"enemies":"Collector","floor":33,"turns":6}],"event_choices":[{"event_name":"Shining Light","player_choice":"Entered Light","floor":2,"damage_taken":0},{"event_name":"Golden Wing","player_choice":"Card Removal","floor":3,"damage_taken":0},{"event_name":"Accursed Blacksmith","player_choice":"Rummage","floor":4,"damage_taken":0},{"event_name":"Drug Dealer","player_choice":"Ignored","floor":19,"damage_taken":0},{"event_name":"N\u0027loth","player_choice":"Ignored","floor":20,"damage_taken":0},{"event_name":"The Mausoleum","player_choice":"Yes","floor":24,"damage_taken":0}],"boss_relics":[{"not_picked":["Sozu","Calling Bell"],"picked":"Black Star"}],"potions_floor_spawned":[1,11,12,14,16,21,27,29],"seed_played":"4820916258067759304","killed_by":"Collector","ascension_level":0,"is_trial":false}