{"gold_per_floor":[110,110,129,129,54,89,109,125,125,150,173,173],"floor_reached":12,"playtime":557,"items_purged":["Second Wind"],"score":88,"play_id":"09533be2-07e9-469a-836d-beb875dd3bf9","local_time":"20190214225951","is_ascension_mode":true,"campfire_choices":[],"neow_cost":"NONE","seed_source_timestamp":623823966208095,"circlet_count":0,"master_deck":["Strike_R","Strike_R","Strike_R","Strike_R","Defend_R","Defend_R","Defend_R","Bash","Clothesline","Warcry","Pommel Strike","Reaper"],"relics":["Burning Blood","Golden Idol","Champion Belt","Potion Belt"],"potions_floor_usage":[12,12],"damage_taken":[{"damage":9,"enemies":"Small Slimes","floor":1,"turns":4},{"damage":6,"enemies":"2 Louse","floor":3,"turns":3},{"damage":47,"enemies":"Lagavulin","floor":6,"turns":8},{"damage":4,"enemies":"Jaw Worm","floor":7,"turns":3},{"damage":19,"enemies":"Red Slaver","floor":8,"turns":5},{"damage":21,"enemies":"Lots of Slimes","floor":11,"turns":4},{"damage":29,"enemies":"Exordium Thugs","floor":12,"turns":4}],"seed_played":"-3972523654930144164","potions_obtained":[{"floor":1,"key":"Energy Potion"},{"floor":6,"key":"FearPotion"}],"is_trial":false,"path_per_floor":["M","?","M","?","$","E","M","M","T","T","M","M"],"character_chosen":"IRONCLAD","items_purchased":[],"campfire_rested":0,"item_purchase_floors":[],"current_hp_per_floor":[77,77,77,57,57,16,18,9,9,9,14,0],"gold":173,"neow_bonus":"REMOVE_CARD","is_prod":false,"is_daily":false,"chose_seed":false,"campfire_upgraded":0,"win_rate":0,"timestamp":1550203191,"path_taken":["M","?","M","?","?","E","?","?","T","?","M","M"],"build_version":"2019-01-23","purchased_purges":1,"victory":false,"max_hp_per_floor":[80,80,80,80,80,80,80,80,80,80,80,80],"card_choices":[{"not_picked":["Rampage","Perfected Strike"],"picked":"Clothesline","floor":1},{"not_picked":["Anger","Blood for Blood"],"picked":"Warcry","floor":3},{"not_picked":["Bloodletting","Sword Boomerang"],"picked":"Pommel Strike","floor":6},{"not_picked":["Perfected Strike","Rampage"],"picked":"Reaper","floor":7},{"not_picked":["Havoc","Wild Strike","Anger"],"picked":"SKIP","floor":8},{"not_picked":["Perfected Strike","Second Wind","Fire Breathing"],"picked":"SKIP","floor":11}],"player_experience":118625,"relics_obtained":[{"floor":6,"key":"Champion Belt"},{"floor":10,"key":"Potion Belt"}],"event_choices":[{"damage_healed":0,"gold_gain":0,"cards_transformed":["Strike_R"],"player_choice":"Change","damage_taken":0,"max_hp_gain":0,"max_hp_loss":0,"event_name":"Living Wall","floor":2,"gold_loss":0,"cards_obtained":["Second Wind"]},{"damage_healed":0,"gold_gain":0,"player_choice":"Take Damage","damage_taken":20,"relics_obtained":["Golden Idol"],"max_hp_gain":0,"max_hp_loss":0,"event_name":"Golden Idol","floor":4,"gold_loss":0}],"is_beta":false,"boss_relics":[],"items_purged_floors":[5],"is_endless":false,"potions_floor_spawned":[1,6],"killed_by":"Exordium Thugs","ascension_level":2}