{"path_per_floor":["M","?","?","M","M","?","E","$","T","M","R","M","R","M","R","B",null,"M","$","?","$","M","R"],"character_chosen":"THE_SILENT","items_purchased":["Accuracy","Footwork"],"gold_per_floor":[118,118,68,92,113,113,153,72,118,138,138,161,161,186,186,305,305,325,250,165,30,49,49],"floor_reached":24,"campfire_rested":2,"playtime":921,"current_hp_per_floor":[63,58,55,43,42,55,30,30,30,30,46,36,36,35,35,7,43,21,21,21,21,13,29],"items_purged":["Strike_G","Strike_G"],"gold":49,"score":294,"play_id":"c8639186-51ed-4790-8ef7-1082ac858b3c","local_time":"20180305182605","is_prod":false,"is_daily":false,"is_ascension_mode":true,"campfire_upgraded":2,"timestamp":1520285165,"path_taken":["M","?","?","M","M","?","E","?","T","?","R","M","R","M","R","BOSS","M","?","?","$","M","R","M"],"build_version":"2018-03-01-PROD1","purchased_purges":2,"victory":false,"master_deck":["Defend_G","Defend_G","Defend_G","Defend_G","Strike_G","Strike_G","Survivor","Neutralize","Eviscerate","Infinite Blades","Noxious Fumes+1","Predator","Dagger Throw","Dagger Spray+1","Accuracy","Cloak And Dagger","Backstab","Die Die Die","Footwork"],"max_hp_per_floor":[63,58,55,55,55,55,55,55,55,55,55,55,55,55,55,55,55,55,55,55,55,55,55],"relics":["Ring of the Snake","Golden Idol","Ninja Scroll","Anchor","The Specimen","Lantern"],"card_choices":[{"not_picked":["Cloak And Dagger","Catalyst"],"picked":"Noxious Fumes"},{"not_picked":["Deflect","Backflip"],"picked":"Predator"},{"not_picked":["Poisoned Stab","Prepared"],"picked":"Dagger Throw"},{"not_picked":["Blade Dance","Terror"],"picked":"Dagger Spray"},{"not_picked":["Sucker Punch","Adrenaline"],"picked":"Cloak And Dagger"},{"not_picked":["Masterful Stab","Leg Sweep"],"picked":"Backstab"},{"not_picked":["Phantasmal Killer","Tactician"],"picked":"Die Die Die"}],"player_experience":441359,"potions_floor_usage":[5,7,12,16],"damage_taken":[{"damage":0,"enemies":"Cultist","floor":1,"turns":4},{"damage":12,"enemies":"Jaw Worm","floor":4,"turns":5},{"damage":1,"enemies":"2 Louse","floor":5,"turns":3},{"damage":25,"enemies":"Lagavulin","floor":7,"turns":5},{"damage":0,"enemies":"2 Fungi Beasts","floor":10,"turns":2},{"damage":10,"enemies":"Large Slime","floor":12,"turns":6},{"damage":1,"enemies":"Looter","floor":14,"turns":2},{"damage":28,"enemies":"Slime Boss","floor":16,"turns":8},{"damage":22,"enemies":"Spheric Guardian","floor":18,"turns":4},{"damage":8,"enemies":"2 Thieves","floor":22,"turns":4},{"damage":48,"enemies":"Cultist and Chosen","floor":24,"turns":5}],"event_choices":[{"event_name":"Golden Idol","player_choice":"Lose Max HP","floor":2,"damage_taken":0},{"event_name":"The Cleric","player_choice":"Card Removal","floor":3,"damage_taken":0},{"event_name":"Big Fish","player_choice":"Banana","floor":6,"damage_taken":0},{"event_name":"Addict","player_choice":"Obtained Relic","floor":20,"damage_taken":0}],"boss_relics":[{"not_picked":["Pandora\u0027s Box","Orrery"],"picked":"The Specimen"}],"potions_floor_spawned":[4,5,10,12],"seed_played":"-1624990117708061409","killed_by":"Cultist and Chosen","ascension_level":10,"is_trial":false}