{"gold_per_floor":[113,140,156,156,156,156,81,81,81,107,122,122,147,147,147,242,242,262,11,11,11,28,62,62,91,91,91,116,142,142,17,17,113,113,130,144,144,74,74,74,102,102,156,181,181,198,231,256,256,256,256,256,30,60,60],"floor_reached":56,"playtime":2373,"items_purged":["Strike_R","Strike_R","Strike_R","Strike_R"],"score":2144,"play_id":"ed6631a4-a4bc-4253-84e4-5b1b9958a5fb","local_time":"20190121152410","is_ascension_mode":true,"campfire_choices":[{"data":"Carnage","floor":6.0,"key":"SMITH"},{"data":"Bash","floor":8.0,"key":"SMITH"},{"data":"Rampage","floor":12.0,"key":"SMITH"},{"data":"Spot Weakness","floor":15.0,"key":"SMITH"},{"data":"Pummel","floor":27.0,"key":"SMITH"},{"data":"Warcry","floor":32.0,"key":"SMITH"},{"data":"Double Tap","floor":40.0,"key":"SMITH"},{"data":"Clothesline","floor":45.0,"key":"SMITH"},{"floor":49.0,"key":"RECALL"},{"data":"Ghostly","floor":52,"key":"SMITH"}],"neow_cost":"NONE","seed_source_timestamp":0,"circlet_count":0,"master_deck":["AscendersBane","Strike_R+1","Defend_R+1","Defend_R","Defend_R+1","Bash+1","Carnage+1","Headbutt","Shrug It Off","Rampage+1","Spot Weakness+1","Reaper","Pummel+1","Warcry+1","Ghostly","Ghostly","Ghostly+1","Ghostly","Ghostly","Feed+1","Double Tap+1","Shrug It Off","Burning Pact","Flash of Steel","Purity","Pommel Strike+1","Clothesline+1","Warcry+1"],"special_seed":0,"relics":["Burning Blood","NeowsBlessing","WingedGreaves","Matryoshka","Torii","Ancient Tea Set","Philosopher\u0027s Stone","PreservedInsect","MutagenicStrength","Omamori","Bottled Flame","Paper Frog","Letter Opener","Pen Nib","Ice Cream","Question Card","Ornamental Fan","Coffee Dripper","Sundial","Potion Belt","Bag of Marbles","Self Forming Clay","Whetstone","Lantern","Shuriken"],"potions_floor_usage":[55,55,55],"damage_taken":[{"damage":0.0,"enemies":"Cultist","floor":1.0,"turns":1.0},{"damage":0.0,"enemies":"Small Slimes","floor":3.0,"turns":1.0},{"damage":0.0,"enemies":"3 Sentries","floor":10.0,"turns":1.0},{"damage":0.0,"enemies":"2 Louse","floor":11.0,"turns":3.0},{"damage":8.0,"enemies":"Gremlin Nob","floor":13.0,"turns":3.0},{"damage":41.0,"enemies":"Hexaghost","floor":16.0,"turns":8.0},{"damage":36.0,"enemies":"3 Byrds","floor":18.0,"turns":5.0},{"damage":24.0,"enemies":"Shell Parasite","floor":22.0,"turns":4.0},{"damage":14.0,"enemies":"Slavers","floor":23.0,"turns":2.0},{"damage":1.0,"enemies":"Gremlin Leader","floor":25.0,"turns":4.0},{"damage":1.0,"enemies":"Book of Stabbing","floor":28.0,"turns":4.0},{"damage":0.0,"enemies":"Gremlin Leader","floor":29.0,"turns":6.0},{"damage":29.0,"enemies":"Collector","floor":33.0,"turns":8.0},{"damage":1.0,"enemies":"Orb Walker","floor":35.0,"turns":3.0},{"damage":2.0,"enemies":"3 Shapes","floor":36.0,"turns":4.0},{"damage":1.0,"enemies":"Reptomancer","floor":41.0,"turns":4.0},{"damage":0.0,"enemies":"Nemesis","floor":44.0,"turns":3.0},{"damage":0.0,"enemies":"Spire Growth","floor":46.0,"turns":5.0},{"damage":1.0,"enemies":"Reptomancer","floor":47.0,"turns":5.0},{"damage":1.0,"enemies":"Nemesis","floor":48.0,"turns":3.0},{"damage":34,"enemies":"Awakened One","floor":50,"turns":9},{"damage":0,"enemies":"Shield and Spear","floor":54,"turns":4},{"damage":32,"enemies":"The Heart","floor":55,"turns":7}],"seed_played":"-7947816749352168160","potions_obtained":[{"floor":1.0,"key":"SteroidPotion"},{"floor":10.0,"key":"Ancient Potion"},{"floor":22.0,"key":"EntropicBrew"},{"floor":25.0,"key":"Explosive Potion"},{"floor":29.0,"key":"GamblersBrew"},{"floor":46.0,"key":"PowerPotion"},{"floor":47.0,"key":"FearPotion"}],"is_trial":false,"path_per_floor":["T","?","?","?","?","?","?","T","$","T","?","$"],"character_chosen":"IRONCLAD","items_purchased":["PreservedInsect","Burning Pact","Ancient Potion"],"campfire_rested":0,"item_purchase_floors":[19,38,53],"current_hp_per_floor":[78,78,80,73,57,57,57,57,57,63,69,69,67,49,49,14,64,46,46,46,46,36,28,28,40,40,40,40,40,40,40,40,20,37,43,46,46,46,41,41,46,46,46,49,49,52,55,55,55,31,52,52,52,59,33],"gold":60,"neow_bonus":"THREE_ENEMY_KILL","is_prod":false,"is_daily":false,"chose_seed":false,"campfire_upgraded":9,"win_rate":0,"timestamp":1548091450,"path_taken":["M","?","M","?","?","R","$","R","T","E","M","R","E","?","R","BOSS","M","$","?","?","M","E","?","E","T","R","E","E","?","?","R","BOSS","M","M","?","$","?","R","E","?","T","E","R","M","E","E","R","BOSS","R","$","E","BOSS"],"build_version":"2019-01-20","purchased_purges":4,"victory":true,"max_hp_per_floor":[80,80,80,80,80,80,80,80,80,80,80,80,80,80,80,80,80,80,80,80,80,80,80,40,40,40,40,40,40,40,40,40,43,43,43,46,46,46,46,46,46,46,46,49,49,52,55,55,55,59,59,59,59,59,59],"card_choices":[{"not_picked":["Dual Wield","Evolve"],"picked":"Carnage","floor":1.0},{"not_picked":["Anger","Warcry"],"picked":"Headbutt","floor":3.0},{"not_picked":["True Grit","Cleave"],"picked":"Shrug It Off","floor":10.0},{"not_picked":["Shockwave","True Grit"],"picked":"Rampage","floor":11.0},{"not_picked":["Pummel","Havoc"],"picked":"Spot Weakness","floor":13.0},{"not_picked":["Demon Form","Fiend Fire"],"picked":"Reaper","floor":16.0},{"not_picked":["Burning Pact","Pommel Strike"],"picked":"Pummel","floor":18.0},{"not_picked":["Flex","Headbutt+1"],"picked":"Warcry","floor":22.0},{"not_picked":["Flex","Entrench+1","Spot Weakness+1"],"picked":"SKIP","floor":23.0},{"not_picked":["Clash","Shockwave","Uppercut+1"],"picked":"SKIP","floor":25.0},{"not_picked":["Combust","Wild Strike","Havoc"],"picked":"SKIP","floor":28.0},{"not_picked":["Impervious","Shrug It Off"],"picked":"Feed","floor":29.0},{"not_picked":["Fiend Fire","Brutality","Feed"],"picked":"Double Tap","floor":33.0},{"not_picked":["Headbutt+1","Shockwave+1","True Grit"],"picked":"Shrug It Off","floor":35.0},{"not_picked":["Twin Strike","Cleave","Body Slam","Brutality"],"picked":"SKIP","floor":36.0},{"not_picked":["Panacea","Purity","Impatience"],"picked":"Flash of Steel","floor":39.0},{"not_picked":["Trip","Impatience","Sadistic Nature"],"picked":"Purity","floor":39.0},{"not_picked":["Perfected Strike","Battle Trance+1","Twin Strike"],"picked":"Pommel Strike+1","floor":41.0},{"not_picked":["Headbutt+1","Clothesline","True Grit+1","Cleave+1"],"picked":"SKIP","floor":44.0},{"not_picked":["Headbutt+1","True Grit+1","Cleave+1"],"picked":"Clothesline","floor":44.0},{"not_picked":["Clothesline","Dual Wield+1","Shrug It Off+1","Ghostly Armor+1"],"picked":"SKIP","floor":46.0},{"not_picked":["Spot Weakness","Shrug It Off","Immolate","Armaments"],"picked":"SKIP","floor":47.0},{"not_picked":["Shockwave","Anger+1","Iron Wave+1"],"picked":"Warcry+1","floor":48.0},{"not_picked":["Thunderclap","Body Slam","Feel No Pain","Iron Wave+1"],"picked":"SKIP","floor":54}],"player_experience":929828,"relics_obtained":[{"floor":9.0,"key":"WingedGreaves"},{"floor":10.0,"key":"Matryoshka"},{"floor":13.0,"key":"Torii"},{"floor":23.0,"key":"Omamori"},{"floor":25.0,"key":"Bottled Flame"},{"floor":26.0,"key":"Paper Frog"},{"floor":26.0,"key":"Letter Opener"},{"floor":28.0,"key":"Pen Nib"},{"floor":29.0,"key":"Ice Cream"},{"floor":30.0,"key":"Question Card"},{"floor":30.0,"key":"Ornamental Fan"},{"floor":37.0,"key":"Sundial"},{"floor":41.0,"key":"Potion Belt"},{"floor":43.0,"key":"Bag of Marbles"},{"floor":44.0,"key":"Self Forming Clay"},{"floor":47.0,"key":"Whetstone"},{"floor":48.0,"key":"Lantern"},{"floor":54,"key":"Shuriken"}],"event_choices":[{"cards_removed":["Defend_R"],"damage_healed":0.0,"max_hp_gain":0.0,"max_hp_loss":0.0,"gold_gain":0.0,"event_name":"Golden Wing","player_choice":"Card Removal","floor":4.0,"gold_loss":0.0,"damage_taken":7.0},{"damage_healed":0.0,"max_hp_gain":0.0,"max_hp_loss":0.0,"gold_gain":0.0,"event_name":"Shining Light","player_choice":"Entered Light","floor":5.0,"gold_loss":0.0,"damage_taken":16.0,"cards_upgraded":["Defend_R","Defend_R"]},{"damage_healed":0.0,"max_hp_gain":0.0,"max_hp_loss":0.0,"gold_gain":0.0,"event_name":"Scrap Ooze","player_choice":"Success","floor":14.0,"gold_loss":0.0,"damage_taken":18.0,"relics_obtained":["Ancient Tea Set"]},{"damage_healed":0.0,"max_hp_gain":0.0,"max_hp_loss":0.0,"gold_gain":0.0,"event_name":"Beggar","player_choice":"Ignored","floor":20.0,"gold_loss":0.0,"damage_taken":0.0},{"damage_healed":0.0,"max_hp_gain":0.0,"max_hp_loss":0.0,"gold_gain":0.0,"event_name":"Drug Dealer","player_choice":"Inject Mutagens","floor":21.0,"gold_loss":0.0,"damage_taken":0.0,"relics_obtained":["MutagenicStrength"]},{"damage_healed":0.0,"max_hp_gain":0.0,"max_hp_loss":40.0,"gold_gain":0.0,"event_name":"Ghosts","player_choice":"Became a Ghost","floor":24.0,"gold_loss":0.0,"damage_taken":0.0,"cards_obtained":["Ghostly","Ghostly","Ghostly","Ghostly","Ghostly"]},{"damage_healed":0.0,"max_hp_gain":0.0,"max_hp_loss":0.0,"gold_gain":0.0,"event_name":"SensoryStone","player_choice":"Memory 2","floor":39.0,"gold_loss":0.0,"damage_taken":5.0}],"is_beta":true,"boss_relics":[{"not_picked":["Ectoplasm","Black Blood"],"picked":"Philosopher\u0027s Stone"},{"not_picked":["Astrolabe","Eternal Feather"],"picked":"Coffee Dripper"}],"items_purged_floors":[7,19,31,53],"is_endless":false,"potions_floor_spawned":[1,10,22,25,29,46,47],"ascension_level":11}