{"path_per_floor":["M","?","$","?","M","M","M","R","T","R","?","R","M","?","R","B",null],"character_chosen":"THE_SILENT","items_purchased":["Bullet Time","Cloak And Dagger","Dagger Spray"],"gold_per_floor":[113,288,63,13,31,41,52,52,101,101,101,101,113,113,113,213,213],"floor_reached":18,"campfire_rested":0,"playtime":1068,"current_hp_per_floor":[59,59,59,59,59,59,58,58,58,58,58,58,58,70,70,4,54],"items_purged":[],"gold":213,"score":225,"play_id":"63deb50f-225f-4494-9f66-96f1a9af6433","is_prod":false,"is_daily":false,"is_ascension_mode":true,"campfire_upgraded":4,"path_taken":["M","?","$","?","?","M","M","R","T","R","?","R","M","?","R","BOSS","M"],"build_version":"2018-02-22-PROD2","purchased_purges":0,"victory":false,"master_deck":["Defend_G","Defend_G","Defend_G","Defend_G","Defend_G","Strike_G","Strike_G","Strike_G+1","Strike_G+1","Survivor","Neutralize+1","Parasite","Backflip","Doubt","Bullet Time+1","Cloak And Dagger+1","Dagger Spray","Predator","Tactician","PiercingWail+1","Parasite","Envenom","Blade Dance","Deadly Poison","Backflip","Skewer","Terror"],"max_hp_per_floor":[70,70,70,70,70,70,70,70,70,70,70,70,70,70,70,70,70],"relics":["Ring of the Snake","Whetstone","Vajra","Anchor","Orrery"],"card_choices":[{"not_picked":["Acrobatics","Dodge and Roll"],"picked":"Backflip"},{"not_picked":["Setup","Bane"],"picked":"Predator"},{"not_picked":["Masterful Stab","Prepared"],"picked":"Tactician"},{"not_picked":["Heel Hook","Sucker Punch"],"picked":"PiercingWail"},{"not_picked":["Die Die Die","Glass Knife"],"picked":"Envenom"},{"not_picked":["PiercingWail","Noxious Fumes"],"picked":"Blade Dance"},{"not_picked":["Crippling Poison","Setup"],"picked":"Deadly Poison"},{"not_picked":["Expertise","Acrobatics"],"picked":"Backflip"},{"not_picked":["Flying Knee","Outmaneuver"],"picked":"Skewer"},{"not_picked":["Accuracy","Expertise"],"picked":"Terror"}],"player_experience":393999,"potions_floor_usage":[16,16],"damage_taken":[{"damage":4,"enemies":"Jaw Worm","floor":1,"turns":3},{"damage":0,"enemies":"Small Slimes","floor":5,"turns":5},{"damage":0,"enemies":"2 Louse","floor":6,"turns":3},{"damage":1,"enemies":"Red Slaver","floor":7,"turns":5},{"damage":0,"enemies":"Large Slime","floor":13,"turns":5},{"damage":66,"enemies":"Hexaghost","floor":16,"turns":16},{"damage":57,"enemies":"Chosen","floor":18,"turns":6}],"event_choices":[{"event_name":"Liars Game","player_choice":"agreed","floor":2,"damage_taken":0},{"event_name":"The Cleric","player_choice":"Card Removal","floor":4,"damage_taken":0},{"event_name":"Dead Adventurer","player_choice":"Searched \u00271\u0027 times","floor":11,"damage_taken":0},{"event_name":"Mushrooms","player_choice":"Healed and dodged fight","floor":14,"damage_taken":0}],"boss_relics":[{"not_picked":["Cursed Key","Pandora\u0027s Box"],"picked":"Orrery"}],"potions_floor_spawned":[6,13,16],"seed_played":"-7216939275334578039","killed_by":"Chosen","ascension_level":10,"is_trial":false}