{"gold_per_floor":[117,92,110,130,145,159,192,304,397,420,447,459,471],"floor_reached":13,"playtime":385,"items_purged":[],"score":89,"play_id":"aa2b324e-807a-4c04-8890-5af8892f35f8","local_time":"20190315125053","is_ascension_mode":false,"campfire_choices":[{"floor":12,"key":"RECALL"}],"neow_cost":"NONE","seed_source_timestamp":177432177625605,"circlet_count":0,"master_deck":["Strike_B","Strike_B","Strike_B","Strike_B","Defend_B","Defend_B","Defend_B","Defend_B","Zap","Dualcast","Fission","Streamline","Leap","Static Discharge","Compile Driver","Doom and Gloom","Loop","Seek","Leap"],"relics":["Cracked Core","MawBank","Symbiotic Virus"],"potions_floor_usage":[4,7,10],"damage_taken":[{"damage":1,"enemies":"Cultist","floor":1,"turns":3},{"damage":0,"enemies":"2 Louse","floor":3,"turns":2},{"damage":0,"enemies":"Small Slimes","floor":4,"turns":2},{"damage":10,"enemies":"Looter","floor":5,"turns":4},{"damage":5,"enemies":"Exordium Thugs","floor":6,"turns":3},{"damage":36,"enemies":"Gremlin Nob","floor":7,"turns":4},{"damage":9,"enemies":"Gremlin Gang","floor":10,"turns":2},{"damage":0,"enemies":"2 Fungi Beasts","floor":11,"turns":3},{"damage":0,"enemies":"Exordium Wildlife","floor":13,"turns":1}],"seed_played":"1070072892117564817","potions_obtained":[{"floor":3,"key":"Block Potion"},{"floor":4,"key":"Poison Potion"},{"floor":7,"key":"PowerPotion"},{"floor":11,"key":"Dexterity Potion"}],"is_trial":false,"path_per_floor":["M","$","M","M","M","M","E","?","T","M","M","R","M"],"character_chosen":"DEFECT","items_purchased":["Leap"],"campfire_rested":0,"item_purchase_floors":[2],"current_hp_per_floor":[74,74,74,74,64,59,23,23,23,14,14,14,14],"gold":471,"neow_bonus":"ONE_RANDOM_RARE_CARD","is_prod":false,"is_daily":false,"chose_seed":false,"campfire_upgraded":0,"win_rate":0,"timestamp":1552679453,"path_taken":["M","$","M","M","M","?","E","?","T","M","M","R","?"],"build_version":"2019-01-23","purchased_purges":0,"victory":false,"max_hp_per_floor":[75,75,75,75,75,75,75,75,75,75,75,75,75],"card_choices":[{"not_picked":["Conserve Battery","Compile Driver"],"picked":"Streamline","floor":1},{"not_picked":["White Noise","Rebound"],"picked":"Static Discharge","floor":3},{"not_picked":["Hologram","Steam"],"picked":"Compile Driver","floor":4},{"not_picked":["Compile Driver","Auto Shields"],"picked":"Doom and Gloom","floor":5},{"not_picked":["Rip and Tear","Streamline","Doom and Gloom"],"picked":"SKIP","floor":6},{"not_picked":["White Noise","Steam Power"],"picked":"Loop","floor":7},{"not_picked":["Tempest","Beam Cell"],"picked":"Seek","floor":10},{"not_picked":["Aggregate","Sweeping Beam"],"picked":"Leap","floor":11}],"player_experience":459812,"relics_obtained":[{"floor":7,"key":"MawBank"},{"floor":9,"key":"Symbiotic Virus"}],"event_choices":[{"damage_healed":0,"gold_gain":100,"player_choice":"Pray","damage_taken":0,"max_hp_gain":0,"max_hp_loss":0,"event_name":"Golden Shrine","floor":8,"gold_loss":0}],"is_beta":false,"boss_relics":[],"items_purged_floors":[],"is_endless":false,"potions_floor_spawned":[3,4,7,11],"killed_by":"Exordium Wildlife","ascension_level":0}