{"gold_per_floor":[111,36,36,36,11,42,42,52,75,102,102,102,102,122,122,122],"floor_reached":16,"playtime":752,"items_purged":["Pain"],"score":152,"play_id":"85c9b02e-8f01-40ee-afa9-0fb66e3b6aed","local_time":"20190127223122","is_ascension_mode":true,"campfire_choices":[{"floor":7,"key":"REST"},{"floor":11,"key":"REST"},{"floor":13,"key":"DIG"},{"data":"Iron Wave","floor":15,"key":"SMITH"}],"neow_cost":"CURSE","seed_source_timestamp":552643647859055,"circlet_count":0,"master_deck":["Strike_R","Strike_R","Strike_R+1","Strike_R+1","Strike_R","Defend_R","Defend_R","Defend_R","Defend_R","Bash","True Grit","Iron Wave+1","Sentinel+1","Evolve","Perfected Strike"],"relics":["Burning Blood","Gremlin Horn","Toxic Egg 2","Juzu Bracelet","Mercury Hourglass","Shovel","Unceasing Top"],"potions_floor_usage":[10,16],"damage_taken":[{"damage":18,"enemies":"Jaw Worm","floor":1,"turns":4},{"damage":52,"enemies":"Lagavulin","floor":6,"turns":8},{"damage":0,"enemies":"Small Slimes","floor":8,"turns":3},{"damage":32,"enemies":"Gremlin Nob","floor":10,"turns":4},{"damage":0,"enemies":"2 Louse","floor":14,"turns":2},{"damage":58,"enemies":"The Guardian","floor":16,"turns":15}],"seed_played":"4923469345650215570","potions_obtained":[{"floor":1,"key":"Strength Potion"},{"floor":6,"key":"Swift Potion"},{"floor":14,"key":"SkillPotion"}],"is_trial":false,"path_per_floor":["M","$","?","?","$","E","R","M","T","E","R","T","R","M","R","B"],"character_chosen":"IRONCLAD","items_purchased":["Iron Wave"],"campfire_rested":2,"item_purchase_floors":[5],"current_hp_per_floor":[84,84,81,62,62,16,44,50,50,24,52,52,52,58,58,0],"gold":122,"neow_bonus":"TWENTY_PERCENT_HP_BONUS","is_prod":false,"is_daily":false,"chose_seed":false,"campfire_upgraded":1,"win_rate":0,"timestamp":1548657082,"path_taken":["M","$","?","?","?","E","R","M","T","E","R","?","R","M","R","BOSS"],"build_version":"2019-01-23","purchased_purges":1,"victory":false,"max_hp_per_floor":[96,96,96,96,96,96,96,96,96,96,96,96,96,96,96,96],"card_choices":[{"not_picked":["Body Slam","Flex"],"picked":"True Grit","floor":1},{"not_picked":["Reckless Charge","Berserk","Body Slam"],"picked":"SKIP","floor":6},{"not_picked":["Heavy Blade","Iron Wave"],"picked":"Sentinel+1","floor":8},{"not_picked":["Body Slam","Berserk"],"picked":"Evolve","floor":10},{"not_picked":["Clothesline","Rampage"],"picked":"Perfected Strike","floor":14}],"player_experience":184500,"relics_obtained":[{"floor":6,"key":"Toxic Egg 2"},{"floor":9,"key":"Juzu Bracelet"},{"floor":10,"key":"Mercury Hourglass"},{"floor":12,"key":"Shovel"},{"floor":13,"key":"Unceasing Top"}],"event_choices":[{"damage_healed":0,"gold_gain":0,"player_choice":"Success","damage_taken":3,"relics_obtained":["Gremlin Horn"],"max_hp_gain":0,"max_hp_loss":0,"event_name":"Scrap Ooze","floor":3,"gold_loss":0},{"damage_healed":0,"gold_gain":0,"player_choice":"Entered Light","damage_taken":19,"max_hp_gain":0,"max_hp_loss":0,"event_name":"Shining Light","floor":4,"gold_loss":0,"cards_upgraded":["Strike_R","Strike_R"]}],"is_beta":false,"boss_relics":[],"items_purged_floors":[2],"is_endless":false,"potions_floor_spawned":[1,6,14],"killed_by":"The Guardian","ascension_level":4}