{"path_per_floor":["M","?","?","M","$","R","E","?","T","M","M","$","M","M","R","B",null,"M","?","M","?","$","R","M"],"character_chosen":"THE_SILENT","items_purchased":["Apotheosis","Snake Skull","Bouncing Flask","Dagger Spray"],"gold_per_floor":[113,188,363,379,118,118,444,444,444,454,466,183,153,163,163,263,263,273,273,291,291,117,117,128],"floor_reached":25,"campfire_rested":2,"playtime":1471,"current_hp_per_floor":[60,49,49,44,44,44,17,40,40,32,30,30,26,26,46,20,55,32,32,9,9,9,29,23],"items_purged":["Doubt","Parasite","Strike_G"],"gold":128,"score":302,"play_id":"3979748f-7a6d-4033-9600-2959b72acd1d","local_time":"20180305094327","is_prod":false,"is_daily":false,"is_ascension_mode":true,"campfire_upgraded":1,"timestamp":1520253807,"path_taken":["M","?","?","?","$","R","E","?","T","?","M","?","?","M","R","BOSS","M","?","M","?","$","R","M","M"],"build_version":"2018-03-01-PROD1","purchased_purges":3,"victory":false,"master_deck":["Defend_G","Defend_G","Defend_G","Defend_G","Defend_G","Strike_G","Strike_G","Strike_G","Strike_G","Survivor","Neutralize","Noxious Fumes","Footwork","Apotheosis+1","Dagger Throw","Acrobatics","Bouncing Flask","Cloak And Dagger","Bane","Night Terror+1","Dagger Spray","PiercingWail"],"max_hp_per_floor":[70,70,70,70,70,70,70,70,70,70,70,67,67,67,67,67,67,67,67,67,67,67,67,67],"relics":["Ring of the Snake","Old Coin","Ginger","Snake Skull","Philosopher\u0027s Stone"],"card_choices":[{"not_picked":["Poisoned Stab","Cloak And Dagger"],"picked":"Noxious Fumes"},{"not_picked":["Backflip","Deflect"],"picked":"Footwork"},{"not_picked":["Distraction","A Thousand Cuts"],"picked":"Dagger Throw"},{"not_picked":["Poisoned Stab","Sucker Punch"],"picked":"Acrobatics"},{"not_picked":["Blade Dance","Eviscerate"],"picked":"Cloak And Dagger"},{"not_picked":["Outmaneuver","Blade Dance"],"picked":"Bane"},{"not_picked":["Wraith Form","Grand Finale"],"picked":"Night Terror"},{"not_picked":["Deadly Poison","Blade Dance"],"picked":"PiercingWail"}],"player_experience":421985,"potions_floor_usage":[18,18,20,24],"damage_taken":[{"damage":3,"enemies":"Small Slimes","floor":1,"turns":5},{"damage":5,"enemies":"Jaw Worm","floor":4,"turns":6},{"damage":27,"enemies":"Gremlin Nob","floor":7,"turns":5},{"damage":8,"enemies":"2 Louse","floor":10,"turns":3},{"damage":2,"enemies":"Blue Slaver","floor":11,"turns":4},{"damage":4,"enemies":"Looter","floor":13,"turns":4},{"damage":0,"enemies":"Exordium Wildlife","floor":14,"turns":4},{"damage":26,"enemies":"Hexaghost","floor":16,"turns":7},{"damage":23,"enemies":"3 Byrds","floor":18,"turns":4},{"damage":23,"enemies":"Spheric Guardian","floor":20,"turns":6},{"damage":6,"enemies":"Centurion and Healer","floor":24,"turns":6},{"damage":23,"enemies":"Snake Plant","floor":25,"turns":2}],"event_choices":[{"event_name":"World of Goop","player_choice":"Gather Gold","floor":2,"damage_taken":0},{"event_name":"Liars Game","player_choice":"agreed","floor":3,"damage_taken":0},{"event_name":"Big Fish","player_choice":"Banana","floor":8,"damage_taken":0},{"event_name":"Upgrade Shrine","player_choice":"Upgraded","floor":19,"damage_taken":0},{"event_name":"Drug Dealer","player_choice":"Ignored","floor":21,"damage_taken":0}],"boss_relics":[{"not_picked":["Astrolabe","Tiny House"],"picked":"Philosopher\u0027s Stone"}],"potions_floor_spawned":[11,16,18,20],"seed_played":"1402300724312138610","killed_by":"Snake Plant","ascension_level":10,"is_trial":false}