{"path_per_floor":["M","?","M","$","M","R","?","M","T","?","E","R","M","M","R","B",null,"M","?","?","$","?","R","M","M","T"],"character_chosen":"IRONCLAD","items_purchased":[],"gold_per_floor":[112,112,130,55,75,75,75,95,141,141,180,180,198,216,216,346,346,366,366,366,266,266,266,282,292,319],"floor_reached":27,"campfire_rested":1,"playtime":1829,"current_hp_per_floor":[80,80,80,80,80,80,74,72,72,72,54,54,57,48,70,42,74,34,34,34,34,34,34,39,47,52],"items_purged":["Regret","Normality"],"gold":319,"score":234,"play_id":"733f0b3b-9d1e-4e77-8c62-ba0d5f874f67","is_prod":false,"is_daily":false,"is_ascension_mode":true,"campfire_upgraded":3,"path_taken":["M","?","M","$","M","R","?","M","T","?","E","R","M","M","R","BOSS","M","?","?","$","?","R","M","M","T","?"],"build_version":"2018-02-15-PROD1","purchased_purges":2,"victory":false,"master_deck":["Strike_R","Strike_R","Strike_R","Strike_R","Defend_R","Defend_R","Defend_R","Defend_R+1","Bash","Hemokinesis","Warcry+1","Armaments+1","Shrug It Off+1","Dropkick+1","Rampage+1","Immolate+1","Double Tap+1"],"max_hp_per_floor":[80,80,80,80,80,80,74,74,74,74,74,74,74,74,74,74,74,74,74,74,74,74,74,74,74,74],"relics":["Burning Blood","Molten Egg 2","Bloody Idol","Bag of Marbles","Bronze Scales","Calling Bell","Letter Opener","Bird Faced Urn","Happy Flower","War Paint","Anchor"],"card_choices":[{"not_picked":["Shockwave","Sentinel"],"picked":"Warcry"},{"not_picked":["Body Slam","Burning Pact"],"picked":"Armaments"},{"not_picked":["Reckless Charge","Ghostly Armor"],"picked":"Shrug It Off"},{"not_picked":["Feel No Pain","Ghostly Armor"],"picked":"Dropkick"},{"not_picked":["Spot Weakness","Havoc"],"picked":"Rampage"},{"not_picked":["Clash","Flex"],"picked":"Immolate"},{"not_picked":["Fiend Fire","Immolate"],"picked":"Double Tap"}],"player_experience":163513,"potions_floor_usage":[16,16,16,25,25],"damage_taken":[{"damage":6,"enemies":"Small Slimes","floor":1,"turns":4},{"damage":3,"enemies":"2 Louse","floor":3,"turns":2},{"damage":3,"enemies":"Cultist","floor":5,"turns":4},{"damage":8,"enemies":"Blue Slaver","floor":8,"turns":7},{"damage":24,"enemies":"Gremlin Nob","floor":11,"turns":4},{"damage":3,"enemies":"Looter","floor":13,"turns":3},{"damage":15,"enemies":"Lots of Slimes","floor":14,"turns":3},{"damage":49,"enemies":"Hexaghost","floor":16,"turns":6},{"damage":46,"enemies":"2 Thieves","floor":18,"turns":4},{"damage":6,"enemies":"3 Byrds","floor":24,"turns":5},{"damage":3,"enemies":"Cultist and Chosen","floor":25,"turns":7},{"damage":60,"enemies":"Snecko","floor":27,"turns":5}],"event_choices":[{"event_name":"Big Fish","player_choice":"Box","floor":2,"damage_taken":0},{"event_name":"Golden Idol","player_choice":"Lose Max HP","floor":7,"damage_taken":0},{"event_name":"Dead Adventurer","player_choice":"Searched \u00271\u0027 times","floor":10,"damage_taken":0},{"event_name":"The Mausoleum","player_choice":"Yes","floor":19,"damage_taken":0},{"event_name":"Forgotten Altar","player_choice":"Gave Idol","floor":20,"damage_taken":0},{"event_name":"Fountain of Cleansing","player_choice":"Removed Curse","floor":22,"damage_taken":0}],"boss_relics":[{"not_picked":["Tiny House","Pandora\u0027s Box"],"picked":"Calling Bell"}],"potions_floor_spawned":[3,5,11,14,18,24],"seed_played":"-1713737930651087047","killed_by":"Snecko","ascension_level":2,"is_trial":false}