{"gold_per_floor":[118,4,4,22,22,22,52,52,99,126,126,126,144,164,164,164],"floor_reached":16,"playtime":440,"items_purged":["Strike_B"],"score":146,"play_id":"340115df-aa4a-4102-af81-e2ca015400ed","local_time":"20180723134851","is_ascension_mode":true,"campfire_choices":[{"data":"Zap","floor":6,"key":"SMITH"},{"data":"Gash","floor":8,"key":"SMITH"},{"floor":15,"key":"REST"}],"neow_cost":"NONE","seed_source_timestamp":14112403829456,"circlet_count":0,"master_deck":["Strike_B","Strike_B","Strike_B","Defend_B","Defend_B","Defend_B","Defend_B","Zap+1","Dualcast","Storm","Consume","Heatsinks","Gash+1","White Noise","Undo"],"relics":["Cracked Core","NeowsBlessing","Pen Nib","The Courier","Juzu Bracelet","Pear","Golden Idol"],"potions_floor_usage":[14,14],"damage_taken":[{"damage":0,"enemies":"2 Louse","floor":1,"turns":1},{"damage":0,"enemies":"Small Slimes","floor":4,"turns":1},{"damage":0,"enemies":"Gremlin Nob","floor":7,"turns":1},{"damage":40,"enemies":"3 Sentries","floor":10,"turns":8},{"damage":6,"enemies":"Cultist","floor":13,"turns":3},{"damage":22,"enemies":"Lots of Slimes","floor":14,"turns":3},{"damage":36,"enemies":"The Guardian","floor":16,"turns":9}],"seed_played":"3805180049050143229","potions_obtained":[{"floor":10,"key":"PowerPotion"},{"floor":13,"key":"Fire Potion"},{"floor":14,"key":"Ancient Potion"}],"is_trial":false,"path_per_floor":["M","$","?","M","$","R","E","R","T","E","?","?","M","M","R"],"character_chosen":"DEFECT","items_purchased":["Consume"],"campfire_rested":1,"item_purchase_floors":[2],"current_hp_per_floor":[75,75,75,75,75,75,75,75,75,45,45,38,32,10,33,0],"gold":164,"neow_bonus":"THREE_ENEMY_KILL","is_prod":false,"is_daily":false,"chose_seed":false,"campfire_upgraded":2,"win_rate":0,"timestamp":1532364531,"path_taken":["M","$","?","M","$","R","E","R","T","E","?","?","M","M","R","BOSS"],"build_version":"2018-07-19","purchased_purges":1,"victory":false,"max_hp_per_floor":[75,75,75,75,75,75,75,75,75,85,79,79,79,79,79,79],"card_choices":[{"not_picked":["Barrage","Turbo"],"picked":"Storm","floor":1},{"not_picked":["Leap","Hello World"],"picked":"Heatsinks","floor":4},{"not_picked":["Static Discharge","Beam Cell"],"picked":"Gash","floor":7},{"not_picked":["Sweeping Beam","Recycle"],"picked":"White Noise","floor":10},{"not_picked":["Barrage","Streamline","Recycle"],"picked":"SKIP","floor":13},{"not_picked":["Sweeping Beam","Scrape"],"picked":"Undo","floor":14}],"player_experience":837640,"relics_obtained":[{"floor":7,"key":"The Courier"},{"floor":9,"key":"Juzu Bracelet"},{"floor":10,"key":"Pear"}],"event_choices":[{"event_name":"Big Fish","player_choice":"Box","floor":3,"damage_taken":0},{"event_name":"Golden Idol","player_choice":"Lose Max HP","floor":11,"damage_taken":0},{"event_name":"Golden Wing","player_choice":"Card Removal","floor":12,"damage_taken":0}],"is_beta":true,"boss_relics":[],"items_purged_floors":[2],"is_endless":false,"potions_floor_spawned":[10,13,14],"killed_by":"The Guardian","ascension_level":2}