{"path_per_floor":["M","$","M","?","M","R","E","R","T","M","M","?","?","M","R","B",null,"M","?","?","$","M","R","E","$","T","?","M","$","M","?","R"],"character_chosen":"IRONCLAD","items_purchased":["Gremlin Horn"],"gold_per_floor":[113,38,57,57,74,74,107,107,158,178,193,143,218,233,233,336,336,354,354,354,99,110,110,142,42,42,42,56,56,76,76,76,76],"floor_reached":33,"campfire_rested":3,"playtime":925,"current_hp_per_floor":[72,72,68,68,60,60,9,33,33,39,32,32,21,25,49,13,63,59,59,43,43,37,37,31,31,31,31,37,37,43,43,67,0],"items_purged":["Defend_R","Strike_R"],"gold":76,"score":345,"play_id":"57b1bfb0-a509-4432-8d08-7b8c148190d8","local_time":"20180402190423","is_prod":false,"is_daily":false,"is_ascension_mode":true,"campfire_upgraded":1,"timestamp":1522706663,"path_taken":["M","$","?","?","M","R","E","R","T","M","M","?","?","M","R","BOSS","M","?","?","$","M","R","E","?","T","?","M","$","?","?","R","BOSS"],"build_version":"2018-03-29v2","purchased_purges":3,"victory":false,"master_deck":["Strike_R","Strike_R","Strike_R","Bash+1","Dual Wield+1","Clash","Immolate","Rampage+1","Sentinel","Double Tap+1","Pummel+1","Spot Weakness+1","Flex+1"],"max_hp_per_floor":[80,80,80,80,80,80,80,80,80,80,80,80,80,80,80,80,80,80,80,80,80,80,80,80,80,80,80,80,80,80,80,80,80],"relics":["Burning Blood","Girya","Happy Flower","Astrolabe","Enchiridion","Gremlin Horn","Dodecahedron","Thread and Needle"],"card_choices":[{"not_picked":["Entrench","Intimidate"],"picked":"Dual Wield","floor":3},{"not_picked":["Battle Trance","Headbutt"],"picked":"Clash","floor":5},{"not_picked":["Thunderclap","Carnage"],"picked":"Immolate","floor":7},{"not_picked":["Flame Barrier","Flex"],"picked":"Rampage","floor":10},{"not_picked":["Headbutt","Ghostly Armor"],"picked":"Sentinel","floor":11},{"not_picked":["Feel No Pain","Clothesline"],"picked":"Flex","floor":24}],"player_experience":671266,"potions_floor_usage":[14,16,16,22,24,24,33,33],"damage_taken":[{"damage":6,"enemies":"Cultist","floor":1,"turns":3},{"damage":10,"enemies":"Small Slimes","floor":3,"turns":3},{"damage":14,"enemies":"Jaw Worm","floor":5,"turns":3},{"damage":57,"enemies":"3 Sentries","floor":7,"turns":10},{"damage":0,"enemies":"Large Slime","floor":10,"turns":3},{"damage":13,"enemies":"Blue Slaver","floor":11,"turns":3},{"damage":2,"enemies":"3 Louse","floor":14,"turns":2},{"damage":42,"enemies":"The Guardian","floor":16,"turns":8},{"damage":10,"enemies":"3 Byrds","floor":18,"turns":4},{"damage":12,"enemies":"Chosen","floor":22,"turns":3},{"damage":18,"enemies":"Slavers","floor":24,"turns":3},{"damage":0,"enemies":"Centurion and Healer","floor":28,"turns":2},{"damage":0,"enemies":"Chosen and Byrds","floor":30,"turns":2},{"damage":87,"enemies":"Automaton","floor":33,"turns":6}],"event_choices":[{"event_name":"The Woman in Blue","player_choice":"Bought 0 Potions","floor":4,"damage_taken":0},{"event_name":"The Cleric","player_choice":"Card Removal","floor":12,"damage_taken":0},{"event_name":"World of Goop","player_choice":"Gather Gold","floor":13,"damage_taken":0},{"event_name":"The Lab","player_choice":"Got Potions","floor":19,"damage_taken":0},{"event_name":"Cursed Tome","player_choice":"Obtained Book","floor":20,"damage_taken":0},{"event_name":"Upgrade Shrine","player_choice":"Upgraded","floor":27,"damage_taken":0},{"event_name":"Ghosts","player_choice":"Ignored","floor":31,"damage_taken":0}],"boss_relics":[{"not_picked":["Eternal Feather","Pandora\u0027s Box"],"picked":"Astrolabe"}],"potions_floor_spawned":[7,10,11,22,24],"seed_played":"-5813604049792562434","killed_by":"Automaton","ascension_level":6,"is_trial":false}