{"gold_per_floor":[119,139,139,139,139,166,103,103,103,103,126,165,165,184,184,314,314,334,348,373,404,424,424,339,372,422,422,422],"floor_reached":28,"playtime":1723,"items_purged":["Strike_B"],"score":295,"play_id":"dbab4613-c2bd-4030-8e4e-23e6f3da0ab1","local_time":"20190215014311","is_ascension_mode":true,"campfire_choices":[{"data":"Defragment","floor":10,"key":"SMITH"},{"floor":13,"key":"REST"},{"floor":15,"key":"REST"},{"data":"Zap","floor":23,"key":"SMITH"},{"floor":27,"key":"REST"}],"neow_cost":"NONE","seed_source_timestamp":55050520814593,"circlet_count":0,"master_deck":["Strike_B","Strike_B","Defend_B","Defend_B","Defend_B","Zap+1","Dualcast","Defragment+1","Genetic Algorithm","Streamline","Injury","Rebound","Redo+1","Coolheaded+1","Multi-Cast+1","Coolheaded+1","Chaos+1","Sweeping Beam+1","Chill+1","Redo+1","BootSequence+1","Shame"],"relics":["Cracked Core","Happy Flower","MawBank","Golden Idol","Cables","Toxic Egg 2","Cursed Key","Red Mask","Emotion Chip","Lantern","Boot"],"potions_floor_usage":[6,12,21,21,28],"damage_taken":[{"damage":0,"enemies":"Cultist","floor":1,"turns":2},{"damage":3,"enemies":"2 Louse","floor":2,"turns":3},{"damage":19,"enemies":"3 Sentries","floor":6,"turns":5},{"damage":8,"enemies":"Small Slimes","floor":11,"turns":4},{"damage":25,"enemies":"Lagavulin","floor":12,"turns":5},{"damage":0,"enemies":"Exordium Wildlife","floor":14,"turns":3},{"damage":32,"enemies":"Slime Boss","floor":16,"turns":12},{"damage":14,"enemies":"2 Thieves","floor":18,"turns":4},{"damage":7,"enemies":"Chosen","floor":19,"turns":4},{"damage":28,"enemies":"Snake Plant","floor":20,"turns":4},{"damage":2,"enemies":"Masked Bandits","floor":21,"turns":6},{"damage":0,"enemies":"Centurion and Healer","floor":22,"turns":8},{"damage":7,"enemies":"Slavers","floor":25,"turns":3},{"damage":63,"enemies":"Gremlin Leader","floor":28,"turns":6}],"seed_played":"5964932994631558117","potions_obtained":[{"floor":1,"key":"AttackPotion"},{"floor":11,"key":"LiquidBronze"},{"floor":14,"key":"Regen Potion"},{"floor":18,"key":"Fire Potion"},{"floor":21,"key":"SkillPotion"}],"is_trial":false,"path_per_floor":["M","M","?","?","?","E","$","?","T","R","M","E","R","M","R","B",null,"M","M","M","?","M","R","?","E","T","R","E"],"character_chosen":"DEFECT","items_purchased":[],"campfire_rested":3,"item_purchase_floors":[],"current_hp_per_floor":[82,79,72,72,65,46,46,46,46,46,38,13,37,37,61,29,82,68,61,33,46,46,46,46,39,39,63,0],"gold":422,"neow_bonus":"TEN_PERCENT_HP_BONUS","is_prod":false,"is_daily":false,"chose_seed":false,"campfire_upgraded":2,"win_rate":0,"timestamp":1550223791,"path_taken":["M","?","?","?","?","E","$","?","T","R","?","E","R","M","R","BOSS","M","M","M","?","M","R","?","E","T","R","E"],"build_version":"2019-01-23","purchased_purges":1,"victory":false,"max_hp_per_floor":[82,82,82,82,82,82,82,82,82,82,82,82,82,82,82,82,82,82,82,82,82,82,82,82,82,82,82,82],"card_choices":[{"not_picked":["Hello World","Beam Cell"],"picked":"Defragment","floor":1},{"not_picked":["Reprogram","Sweeping Beam"],"picked":"Genetic Algorithm","floor":2},{"not_picked":["Skim","Gash"],"picked":"Streamline","floor":6},{"not_picked":["Sweeping Beam","Go for the Eyes"],"picked":"Rebound","floor":11},{"not_picked":["Streamline","Force Field"],"picked":"Redo","floor":12},{"not_picked":["Barrage","Reprogram+1"],"picked":"Coolheaded+1","floor":14},{"not_picked":["Hyperbeam","Machine Learning"],"picked":"Multi-Cast+1","floor":16},{"not_picked":["Undo+1","Rebound"],"picked":"Coolheaded+1","floor":18},{"not_picked":["Compile Driver","Leap+1"],"picked":"Chaos+1","floor":19},{"not_picked":["Stack+1","Gash"],"picked":"Sweeping Beam+1","floor":20},{"not_picked":["Barrage","Steam+1"],"picked":"Chill+1","floor":21},{"not_picked":["Beam Cell","Stack+1"],"picked":"Redo+1","floor":22},{"not_picked":["Leap+1","Beam Cell"],"picked":"BootSequence+1","floor":25}],"player_experience":286072,"relics_obtained":[{"floor":6,"key":"MawBank"},{"floor":9,"key":"Cables"},{"floor":12,"key":"Toxic Egg 2"},{"floor":21,"key":"Red Mask"},{"floor":25,"key":"Lantern"},{"floor":26,"key":"Boot"}],"event_choices":[{"cards_removed":["Strike_B"],"damage_healed":0,"gold_gain":0,"player_choice":"Card Removal","damage_taken":7,"max_hp_gain":0,"max_hp_loss":0,"event_name":"Golden Wing","floor":3,"gold_loss":0},{"cards_removed":["Defend_B"],"damage_healed":0,"gold_gain":0,"player_choice":"Forget","damage_taken":0,"max_hp_gain":0,"max_hp_loss":0,"event_name":"Living Wall","floor":4,"gold_loss":0},{"damage_healed":0,"gold_gain":0,"player_choice":"Success","damage_taken":7,"relics_obtained":["Happy Flower"],"max_hp_gain":0,"max_hp_loss":0,"event_name":"Scrap Ooze","floor":5,"gold_loss":0},{"damage_healed":0,"gold_gain":0,"player_choice":"Take Wound","damage_taken":0,"relics_obtained":["Golden Idol"],"max_hp_gain":0,"max_hp_loss":0,"event_name":"Golden Idol","floor":8,"gold_loss":0,"cards_obtained":["Injury"]},{"damage_healed":0,"gold_gain":0,"player_choice":"Fought Bandits","damage_taken":0,"max_hp_gain":0,"max_hp_loss":0,"event_name":"Masked Bandits","floor":21,"gold_loss":0},{"damage_healed":0,"gold_gain":0,"player_choice":"Obtained Relic","damage_taken":0,"relics_obtained":["Emotion Chip"],"max_hp_gain":0,"max_hp_loss":0,"event_name":"Addict","floor":24,"gold_loss":85}],"is_beta":false,"boss_relics":[{"not_picked":["Runic Dome","Coffee Dripper"],"picked":"Cursed Key"}],"items_purged_floors":[7],"is_endless":false,"potions_floor_spawned":[1,11,14,18,21],"killed_by":"Gremlin Leader","ascension_level":4}