{"gold_per_floor":[144,189,189,239,284,284,30,75,75,75,120,20,20,110,110,410,410,455,370,212,257,302,392,392,482,507,552,597,597,597,642,642,642],"floor_reached":33,"playtime":3722,"items_purged":["Defend_G","Defend_G","Normality"],"score":362,"play_id":"6dd5cbc2-3cc3-4d9e-bf16-9dba4258b8ed","local_time":"20180722164009","daily_mods":["Allstar","Midas","Lethality"],"is_ascension_mode":false,"campfire_choices":[{"floor":6,"key":"REST"},{"floor":15,"key":"REST"},{"floor":24,"key":"REST"},{"floor":30,"key":"REST"},{"floor":32,"key":"REST"}],"neow_cost":"","seed_source_timestamp":0,"circlet_count":0,"master_deck":["Defend_G","Defend_G","Strike_G","Strike_G","Strike_G","Strike_G","Strike_G","Survivor","Neutralize","Secret Technique","Secret Weapon","Apotheosis","Finesse","Secret Weapon","Dagger Throw","Underhanded Strike","Dagger Throw","Reflex","After Image","Tools of the Trade","Clumsy","Decay","Accuracy","Well Laid Plans","Terror+1","Infinite Blades","Envenom","Backstab","Underhanded Strike","Dash","Cloak And Dagger","Mind Blast","Slice","Tactician","Escape Plan","Dagger Throw+1"],"special_seed":17734,"relics":["Ring of the Snake","Pen Nib","Blood Vial","Bronze Scales","Calling Bell","Omamori","Ninja Scroll","Tough Bandages","Dream Catcher","Bottled Flame","Regal Pillow","Bag of Preparation"],"potions_floor_usage":[21,21,22,25,27,33],"damage_taken":[{"damage":0,"enemies":"Jaw Worm","floor":1,"turns":2},{"damage":9,"enemies":"2 Louse","floor":2,"turns":2},{"damage":0,"enemies":"Cultist","floor":5,"turns":3},{"damage":0,"enemies":"2 Fungi Beasts","floor":8,"turns":2},{"damage":0,"enemies":"Lots of Slimes","floor":11,"turns":4},{"damage":7,"enemies":"Lagavulin","floor":14,"turns":4},{"damage":16,"enemies":"The Guardian","floor":16,"turns":7},{"damage":10,"enemies":"Shell Parasite","floor":18,"turns":3},{"damage":32,"enemies":"3 Byrds","floor":21,"turns":3},{"damage":12,"enemies":"3 Cultists","floor":22,"turns":4},{"damage":22,"enemies":"Gremlin Leader","floor":23,"turns":5},{"damage":31,"enemies":"Book of Stabbing","floor":25,"turns":4},{"damage":0,"enemies":"Centurion and Healer","floor":27,"turns":1},{"damage":0,"enemies":"Snecko","floor":28,"turns":3},{"damage":17,"enemies":"Slaver and Parasite","floor":31,"turns":3},{"damage":88,"enemies":"Automaton","floor":33,"turns":8}],"seed_played":"-8213505433300872967","potions_obtained":[{"floor":2,"key":"Weak Potion"},{"floor":5,"key":"SkillPotion"},{"floor":11,"key":"Weak Potion"},{"floor":21,"key":"Fruit Juice"},{"floor":23,"key":"GamblersBrew"},{"floor":25,"key":"Ancient Potion"},{"floor":31,"key":"SneckoOil"}],"is_trial":false,"path_per_floor":["M","M","?","T","M","R","$","M","T","$","M","$","?","E","R","B",null,"M","?","$","M","M","E","R","E","T","M","M","?","R","M","R"],"character_chosen":"THE_SILENT","items_purchased":["Enlightenment","Well Laid Plans"],"campfire_rested":5,"item_purchase_floors":[7,20],"current_hp_per_floor":[70,61,61,61,61,70,70,70,70,70,70,70,80,73,80,64,80,70,70,70,40,35,15,40,11,11,13,15,15,55,40,80,0],"gold":642,"neow_bonus":"","is_prod":false,"is_daily":true,"chose_seed":false,"campfire_upgraded":0,"win_rate":0,"timestamp":1532302809,"path_taken":["M","M","?","?","?","R","$","M","T","$","M","$","?","E","R","BOSS","M","?","$","M","M","E","R","E","T","M","M","?","R","?","R","BOSS"],"build_version":"2018-07-19v2","purchased_purges":3,"victory":false,"max_hp_per_floor":[70,70,70,70,70,70,70,70,70,70,70,70,80,80,80,80,80,80,80,80,80,85,85,85,85,85,85,85,85,85,85,85,85],"card_choices":[{"not_picked":["Dodge and Roll","Catalyst"],"picked":"Dagger Throw","floor":1},{"not_picked":["Bouncing Flask","Outmaneuver"],"picked":"Underhanded Strike","floor":2},{"not_picked":["Reflex","Dodge and Roll","Eviscerate"],"picked":"SKIP","floor":5},{"not_picked":["Footwork","Masterful Stab"],"picked":"Dagger Throw","floor":8},{"not_picked":["Dagger Throw","Sucker Punch"],"picked":"Reflex","floor":11},{"not_picked":["Slice","Flechettes"],"picked":"After Image","floor":14},{"not_picked":["Envenom","A Thousand Cuts"],"picked":"Tools of the Trade","floor":16},{"not_picked":["Masterful Stab+1","Prepared"],"picked":"Accuracy","floor":18},{"not_picked":["Distraction","PiercingWail"],"picked":"Terror+1","floor":21},{"not_picked":["PiercingWail","Quick Slash"],"picked":"Infinite Blades","floor":22},{"not_picked":["Backstab","Setup"],"picked":"Envenom","floor":23},{"not_picked":["Poisoned Stab+1","Acrobatics"],"picked":"Backstab","floor":24},{"not_picked":["Leg Sweep+1","Infinite Blades"],"picked":"Underhanded Strike","floor":25},{"not_picked":["Quick Slash","Outmaneuver+1"],"picked":"Dash","floor":27},{"not_picked":["Prepared","Dodge and Roll+1"],"picked":"Cloak And Dagger","floor":28},{"not_picked":["Deflect","Well Laid Plans"],"picked":"Tactician","floor":30},{"not_picked":["Noxious Fumes+1","Eviscerate"],"picked":"Escape Plan","floor":31},{"not_picked":["Slice","Flying Knee+1"],"picked":"Dagger Throw+1","floor":32}],"player_experience":72316,"relics_obtained":[{"floor":4,"key":"Pen Nib"},{"floor":9,"key":"Blood Vial"},{"floor":14,"key":"Bronze Scales"},{"floor":17,"key":"Omamori"},{"floor":17,"key":"Ninja Scroll"},{"floor":17,"key":"Tough Bandages"},{"floor":23,"key":"Bottled Flame"},{"floor":25,"key":"Regal Pillow"},{"floor":26,"key":"Bag of Preparation"}],"event_choices":[{"event_name":"Living Wall","player_choice":"Forget","floor":3,"damage_taken":0},{"event_name":"Bonfire Elementals","player_choice":"RARE","floor":13,"damage_taken":0},{"event_name":"Addict","player_choice":"Obtained Relic","floor":19,"damage_taken":0},{"event_name":"Match and Keep!","player_choice":"2 cards matched","floor":29,"damage_taken":0}],"is_beta":false,"boss_relics":[{"not_picked":["Philosopher\u0027s Stone","Empty Cage"],"picked":"Calling Bell"}],"items_purged_floors":[7,12,20],"is_endless":false,"potions_floor_spawned":[2,5,11,16,18,21,23,25,31],"killed_by":"Automaton","ascension_level":0}