{"gold_per_floor":[119,119,119,133,150,150,177,177,177,33,68,81,97,22,22,22],"floor_reached":16,"playtime":411,"items_purged":["Strike_R"],"score":127,"play_id":"43a92510-2b0e-4b34-a745-304bf4038cc6","local_time":"20190224141836","is_ascension_mode":true,"campfire_choices":[{"data":"Searing Blow","floor":6,"key":"SMITH"},{"data":"Searing Blow+1","floor":8,"key":"SMITH"},{"data":"Searing Blow+2","floor":15,"key":"SMITH"}],"neow_cost":"NONE","seed_source_timestamp":286535149998149,"circlet_count":0,"master_deck":["Strike_R","Strike_R+1","Strike_R+1","Strike_R","Defend_R","Defend_R","Defend_R+1","Defend_R","Bash","Offering","Seeing Red+1","Searing Blow+3","Iron Wave+1"],"relics":["Burning Blood","Peace Pipe","Ginger","Whetstone","Matryoshka"],"potions_floor_usage":[7],"damage_taken":[{"damage":12,"enemies":"Cultist","floor":1,"turns":3},{"damage":0,"enemies":"Small Slimes","floor":4,"turns":4},{"damage":1,"enemies":"2 Louse","floor":5,"turns":3},{"damage":33,"enemies":"Lagavulin","floor":7,"turns":5},{"damage":27,"enemies":"3 Sentries","floor":11,"turns":7},{"damage":10,"enemies":"Gremlin Gang","floor":12,"turns":4},{"damage":2,"enemies":"2 Fungi Beasts","floor":13,"turns":2},{"damage":24,"enemies":"Slime Boss","floor":16,"turns":4}],"seed_played":"-8118783096147866783","potions_obtained":[{"floor":5,"key":"Energy Potion"},{"floor":11,"key":"PowerPotion"}],"is_trial":false,"path_per_floor":["M","?","?","M","M","R","E","R","T","$","E","M","M","$","R","B"],"character_chosen":"IRONCLAD","items_purchased":["Whetstone"],"campfire_rested":0,"item_purchase_floors":[10],"current_hp_per_floor":[74,58,58,64,69,69,42,42,42,42,21,17,21,21,21,0],"gold":22,"neow_bonus":"ONE_RANDOM_RARE_CARD","is_prod":false,"is_daily":false,"chose_seed":false,"campfire_upgraded":3,"win_rate":0,"timestamp":1551039516,"path_taken":["M","?","?","M","M","R","E","R","T","$","E","M","M","$","R","BOSS"],"build_version":"2019-01-23","purchased_purges":1,"victory":false,"max_hp_per_floor":[80,80,80,80,80,80,80,80,80,80,80,80,80,80,80,80],"card_choices":[{"not_picked":["Warcry","Heavy Blade"],"picked":"Seeing Red","floor":1},{"not_picked":["Cleave","Sword Boomerang"],"picked":"Searing Blow","floor":4},{"not_picked":["Power Through","Perfected Strike","Flex"],"picked":"SKIP","floor":5},{"not_picked":["Juggernaut","Hemokinesis"],"picked":"Iron Wave","floor":7},{"not_picked":["Perfected Strike","Iron Wave","Impervious"],"picked":"SKIP","floor":11},{"not_picked":["Iron Wave","Havoc","Perfected Strike"],"picked":"SKIP","floor":12},{"not_picked":["Warcry","Body Slam","Second Wind"],"picked":"SKIP","floor":13}],"player_experience":220689,"relics_obtained":[{"floor":7,"key":"Peace Pipe"},{"floor":9,"key":"Ginger"},{"floor":11,"key":"Matryoshka"}],"event_choices":[{"damage_healed":0,"gold_gain":0,"player_choice":"Entered Light","damage_taken":16,"max_hp_gain":0,"max_hp_loss":0,"event_name":"Shining Light","floor":2,"gold_loss":0,"cards_upgraded":["Strike_R","Defend_R"]},{"damage_healed":0,"gold_gain":0,"player_choice":"Forge","damage_taken":0,"max_hp_gain":0,"max_hp_loss":0,"event_name":"Accursed Blacksmith","floor":3,"gold_loss":0,"cards_upgraded":["Seeing Red"]}],"is_beta":false,"boss_relics":[],"items_purged_floors":[14],"is_endless":false,"potions_floor_spawned":[5,11],"killed_by":"Slime Boss","ascension_level":3}