{"gold_per_floor":[118,118,118,130,146,174,174,174,174,174,174,210,210,235,235,358,358,372,1,1,16,16,52,52,68,117,155,173,298,48,73,73,73],"floor_reached":33,"playtime":2871,"items_purged":["Defend_R","Strike_R"],"score":293,"play_id":"af00909a-4b47-4f05-890a-601c5ad09ae9","local_time":"20190304012121","is_ascension_mode":false,"campfire_choices":[{"data":"True Grit","floor":7,"key":"SMITH"},{"data":"Clothesline","floor":10,"key":"SMITH"},{"data":"Feel No Pain","floor":13,"key":"SMITH"},{"data":"Battle Trance","floor":15,"key":"SMITH"},{"data":"RitualDagger","floor":24,"key":"SMITH"},{"data":"Body Slam","floor":32,"key":"SMITH"}],"neow_cost":"NONE","seed_source_timestamp":12820598973919,"circlet_count":0,"master_deck":["Strike_R","Strike_R","Defend_R+1","Defend_R","Defend_R+1","Bash","Warcry","Battle Trance+1","True Grit+1","Armaments","Clothesline+1","Pummel","Feel No Pain+1","Inflame","Demon Form","Disarm","RitualDagger+1","Body Slam+1","Dual Wield","Ghostly Armor+1"],"relics":["Burning Blood","Question Card","Darkstone Periapt","Golden Idol","Orichalcum","Omamori","Sozu","Thread and Needle","Peace Pipe","War Paint","Torii","Unceasing Top","Ornamental Fan","Oddly Smooth Stone"],"potions_floor_usage":[12,16],"damage_taken":[{"damage":3,"enemies":"Small Slimes","floor":1,"turns":4},{"damage":1,"enemies":"Jaw Worm","floor":4,"turns":3},{"damage":1,"enemies":"Cultist","floor":5,"turns":5},{"damage":43,"enemies":"3 Sentries","floor":6,"turns":20},{"damage":5,"enemies":"Gremlin Nob","floor":12,"turns":4},{"damage":0,"enemies":"2 Fungi Beasts","floor":14,"turns":4},{"damage":24,"enemies":"The Guardian","floor":16,"turns":15},{"damage":4,"enemies":"Spheric Guardian","floor":18,"turns":6},{"damage":7,"enemies":"2 Thieves","floor":21,"turns":4},{"damage":27,"enemies":"Slavers","floor":23,"turns":7},{"damage":0,"enemies":"Snecko","floor":25,"turns":5},{"damage":11,"enemies":"Book of Stabbing","floor":27,"turns":7},{"damage":0,"enemies":"Chosen and Byrds","floor":28,"turns":8},{"damage":1,"enemies":"Colosseum Slavers","floor":29,"turns":8},{"damage":27,"enemies":"Colosseum Nobs","floor":29,"turns":8},{"damage":1,"enemies":"Shelled Parasite and Fungi","floor":31,"turns":5},{"damage":63,"enemies":"Automaton","floor":33,"turns":12}],"seed_played":"8098983664581891324","potions_obtained":[{"floor":5,"key":"EssenceOfSteel"},{"floor":6,"key":"GamblersBrew"}],"is_trial":false,"path_per_floor":["M","?","?","M","M","E","R","?","T","R","?","E","R","M","R","B",null,"M","$","?","M","?","E","R","M","T","E","M","?","$","M","R","B"],"character_chosen":"IRONCLAD","items_purchased":["Thread and Needle","Oddly Smooth Stone"],"campfire_rested":0,"item_purchase_floors":[19,30],"current_hp_per_floor":[80,77,77,80,80,43,43,23,23,23,23,24,24,30,30,12,80,80,80,80,79,73,52,52,58,58,53,59,43,43,48,48,0],"gold":73,"neow_bonus":"THREE_CARDS","is_prod":false,"is_daily":false,"chose_seed":false,"campfire_upgraded":6,"win_rate":0,"timestamp":1551680481,"path_taken":["M","?","?","M","?","E","R","?","T","R","?","E","R","M","R","BOSS","M","$","?","M","?","E","R","M","T","E","M","?","$","M","R","BOSS"],"build_version":"2019-01-23","purchased_purges":2,"victory":false,"max_hp_per_floor":[80,80,80,80,80,80,80,80,80,80,80,80,80,80,80,80,80,80,80,80,80,80,80,80,80,80,80,80,80,80,80,80,80],"card_choices":[{"not_picked":["Clash","Bloodletting"],"picked":"Warcry","floor":0},{"not_picked":["Clash","Sever Soul"],"picked":"Battle Trance","floor":1},{"not_picked":["Cleave","Warcry","Sever Soul"],"picked":"Armaments","floor":4},{"not_picked":["Cleave","Rupture","Feel No Pain"],"picked":"Clothesline","floor":5},{"not_picked":["Fiend Fire","Twin Strike","Fire Breathing"],"picked":"Pummel","floor":6},{"not_picked":["Armaments","Seeing Red","Battle Trance"],"picked":"Feel No Pain","floor":12},{"not_picked":["Iron Wave","Heavy Blade","Seeing Red"],"picked":"Inflame","floor":14},{"not_picked":["Reaper","Bludgeon","Barricade"],"picked":"Demon Form","floor":16},{"not_picked":["Sword Boomerang","Headbutt","Pommel Strike+1"],"picked":"Disarm","floor":18},{"not_picked":["Flex","Inflame","Perfected Strike+1","Carnage"],"picked":"SKIP","floor":21},{"not_picked":["Flex","Thunderclap","Havoc"],"picked":"Body Slam","floor":23},{"not_picked":["Cleave","Warcry","Sentinel","Bloodletting+1"],"picked":"SKIP","floor":25},{"not_picked":["Anger","Cleave","Sword Boomerang","Infernal Blade+1"],"picked":"SKIP","floor":27},{"not_picked":["Carnage+1","Warcry","Inflame"],"picked":"Dual Wield","floor":28},{"not_picked":["Combust","Battle Trance","Hemokinesis+1"],"picked":"Ghostly Armor+1","floor":31}],"player_experience":522324,"relics_obtained":[{"floor":6,"key":"Darkstone Periapt"},{"floor":9,"key":"Orichalcum"},{"floor":12,"key":"Omamori"},{"floor":23,"key":"Peace Pipe"},{"floor":26,"key":"War Paint"},{"floor":27,"key":"Torii"},{"floor":29,"key":"Unceasing Top"},{"floor":29,"key":"Ornamental Fan"}],"event_choices":[{"damage_healed":0,"gold_gain":0,"player_choice":"Success","damage_taken":3,"relics_obtained":["Question Card"],"max_hp_gain":0,"max_hp_loss":0,"event_name":"Scrap Ooze","floor":2,"gold_loss":0},{"damage_healed":0,"gold_gain":0,"cards_transformed":["Strike_R"],"player_choice":"Transformed","damage_taken":0,"max_hp_gain":0,"max_hp_loss":0,"event_name":"Transmorgrifier","floor":3,"gold_loss":0,"cards_obtained":["True Grit"]},{"damage_healed":0,"gold_gain":0,"player_choice":"Take Damage","damage_taken":20,"relics_obtained":["Golden Idol"],"max_hp_gain":0,"max_hp_loss":0,"event_name":"Golden Idol","floor":8,"gold_loss":0},{"cards_removed":["Strike_R"],"damage_healed":0,"gold_gain":0,"player_choice":"Forget","damage_taken":0,"max_hp_gain":0,"max_hp_loss":0,"event_name":"Living Wall","floor":11,"gold_loss":0},{"damage_healed":0,"gold_gain":0,"player_choice":"Ignored","damage_taken":0,"max_hp_gain":0,"max_hp_loss":0,"event_name":"Beggar","floor":20,"gold_loss":0},{"damage_healed":0,"gold_gain":0,"player_choice":"Joined the Cult","damage_taken":6,"max_hp_gain":0,"max_hp_loss":0,"event_name":"Nest","floor":22,"gold_loss":0,"cards_obtained":["RitualDagger"]},{"damage_healed":0,"gold_gain":0,"player_choice":"Fight","damage_taken":0,"max_hp_gain":0,"max_hp_loss":0,"event_name":"Colosseum","floor":29,"gold_loss":0},{"damage_healed":0,"gold_gain":0,"player_choice":"Fought Nobs","damage_taken":0,"max_hp_gain":0,"max_hp_loss":0,"event_name":"Colosseum","floor":29,"gold_loss":0}],"is_beta":false,"boss_relics":[{"not_picked":["Runic Pyramid","Lizard Tail"],"picked":"Sozu"}],"items_purged_floors":[19,30],"is_endless":false,"potions_floor_spawned":[5,6,18,23,27,29,29],"killed_by":"Automaton","ascension_level":0}