{"path_per_floor":["M","?","?","M","?","M","M","M","T","M","R","M","$","M","R","B",null,"M","$","M","M","?","R","M","R","T","E","R","$","M","M","R"],"character_chosen":"IRONCLAD","items_purchased":["Pommel Strike","Shrug It Off","Orichalcum","Flash of Steel"],"gold_per_floor":[110,110,110,125,200,215,233,250,273,291,291,306,207,225,225,327,327,342,45,60,71,71,71,85,85,85,114,114,24,43,62,62],"floor_reached":33,"campfire_rested":1,"playtime":1649,"current_hp_per_floor":[78,60,35,41,30,34,31,31,31,24,24,25,25,31,57,16,88,74,74,80,65,48,48,48,48,48,37,37,37,34,36,36],"items_purged":["Rupture","Strike_R"],"gold":62,"score":263,"play_id":"baa5ec39-f055-4876-b7b6-596aad200a78","is_prod":false,"is_daily":false,"is_ascension_mode":false,"campfire_upgraded":5,"path_taken":["M","?","?","M","?","M","M","M","T","M","R","?","$","M","R","BOSS","M","$","M","?","?","R","M","R","T","E","R","$","?","M","R","BOSS"],"build_version":"2018-02-15-PROD1","purchased_purges":2,"victory":false,"master_deck":["Strike_R+1","Strike_R","Strike_R","Strike_R","Defend_R","Defend_R+1","Defend_R","Defend_R","Bash","Armaments+1","Anger","Flex+1","Pommel Strike","Whirlwind+1","Flex","Shrug It Off+1","Shrug It Off+1","Cleave","Flash of Steel","Seeing Red"],"max_hp_per_floor":[88,88,88,88,88,88,88,88,88,88,88,88,88,88,88,88,88,88,88,88,88,93,93,93,93,93,93,93,93,93,93,93],"relics":["Burning Blood","Toolbox","Omamori","Cursed Key","Orichalcum","Ginger","Happy Flower"],"card_choices":[{"not_picked":["Rupture","Clothesline"],"picked":"Armaments"},{"not_picked":["Clothesline","Flex"],"picked":"Rupture"},{"not_picked":["Corruption","Pommel Strike"],"picked":"Anger"},{"not_picked":["Rampage","True Grit"],"picked":"Flex"},{"not_picked":["Shrug It Off","Headbutt"],"picked":"Whirlwind"},{"not_picked":["Body Slam","Rupture"],"picked":"Flex"},{"not_picked":["Headbutt","Heavy Blade"],"picked":"Shrug It Off"},{"not_picked":["Sword Boomerang","Clothesline"],"picked":"Cleave"},{"not_picked":["Clash","Intimidate"],"picked":"Seeing Red"}],"player_experience":79228,"potions_floor_usage":[16,16,18,21,31,31,33,33],"damage_taken":[{"damage":16,"enemies":"Jaw Worm","floor":1,"turns":5},{"damage":0,"enemies":"Small Slimes","floor":4,"turns":3},{"damage":2,"enemies":"2 Louse","floor":6,"turns":3},{"damage":9,"enemies":"Exordium Thugs","floor":7,"turns":7},{"damage":6,"enemies":"Gremlin Gang","floor":8,"turns":6},{"damage":13,"enemies":"Exordium Wildlife","floor":10,"turns":7},{"damage":5,"enemies":"Looter","floor":12,"turns":3},{"damage":0,"enemies":"Exordium Thugs","floor":14,"turns":3},{"damage":47,"enemies":"The Guardian","floor":16,"turns":14},{"damage":20,"enemies":"2 Thieves","floor":18,"turns":3},{"damage":0,"enemies":"3 Byrds","floor":20,"turns":4},{"damage":21,"enemies":"Snake Plant","floor":21,"turns":5},{"damage":6,"enemies":"3 Cultists","floor":24,"turns":3},{"damage":17,"enemies":"Gremlin Leader","floor":27,"turns":7},{"damage":9,"enemies":"Centurion and Healer","floor":30,"turns":3},{"damage":13,"enemies":"Slaver and Parasite","floor":31,"turns":4},{"damage":18,"enemies":"Collector","floor":33,"turns":7}],"event_choices":[{"event_name":"Shining Light","player_choice":"Entered Light","floor":2,"damage_taken":0},{"event_name":"Scrap Ooze","player_choice":"success","floor":3,"damage_taken":25},{"event_name":"World of Goop","player_choice":"Gather Gold","floor":5,"damage_taken":0},{"event_name":"Forgotten Altar","player_choice":"Shed Blood","floor":22,"damage_taken":0}],"boss_relics":[{"not_picked":["Snecko Eye","Runic Dome"],"picked":"Cursed Key"}],"potions_floor_spawned":[1,7,12,16,18,27,30,31],"seed_played":"-6332605586336618165","killed_by":"Collector","ascension_level":0,"is_trial":false}