{"gold_per_floor":[110,110,33,33,33,74,94,94,145,145,178,178,198,219,219,340,340,280,280,37,37,37,37,37,37,37,37],"floor_reached":27,"playtime":704,"items_purged":[],"score":406,"play_id":"55439fb1-f08e-44be-918b-54d9714b76ed","local_time":"20190311223648","is_ascension_mode":true,"campfire_choices":[{"data":"Ball Lightning","floor":10,"key":"SMITH"},{"data":"Zap","floor":12,"key":"SMITH"},{"data":"Undo","floor":15,"key":"SMITH"},{"data":"Storm","floor":23,"key":"SMITH"},{"data":"Electrodynamics","floor":25,"key":"SMITH"}],"neow_cost":"NONE","seed_source_timestamp":346732264835224,"circlet_count":0,"master_deck":["Strike_B","Strike_B","Strike_B","Strike_B","Defend_B","Defend_B","Defend_B","Defend_B","Zap+1","Dualcast","Undo+1","Ball Lightning+1","Conserve Battery","BootSequence","Defragment+1","Conserve Battery","Skim","Sweeping Beam","Electrodynamics+1","Doom and Gloom","Storm+1","Leap","Hologram"],"relics":["Cracked Core","NeowsBlessing","DataDisk","Golden Idol","Ornamental Fan","Centennial Puzzle","Kunai","Ectoplasm","Red Mask","Lantern","Bottled Lightning","Oddly Smooth Stone"],"potions_floor_usage":[],"damage_taken":[{"damage":0,"enemies":"Small Slimes","floor":1,"turns":1},{"damage":0,"enemies":"3 Sentries","floor":6,"turns":1},{"damage":0,"enemies":"Jaw Worm","floor":7,"turns":1},{"damage":10,"enemies":"Lagavulin","floor":11,"turns":6},{"damage":0,"enemies":"2 Louse","floor":13,"turns":2},{"damage":0,"enemies":"2 Fungi Beasts","floor":14,"turns":3},{"damage":0,"enemies":"The Guardian","floor":16,"turns":9},{"damage":15,"enemies":"2 Thieves","floor":18,"turns":3},{"damage":0,"enemies":"Masked Bandits","floor":19,"turns":2},{"damage":0,"enemies":"Spheric Guardian","floor":21,"turns":3},{"damage":38,"enemies":"Gremlin Leader","floor":24,"turns":7},{"damage":22,"enemies":"Shelled Parasite and Fungi","floor":27,"turns":3}],"seed_played":"2119685682656357929","potions_obtained":[{"floor":1,"key":"SteroidPotion"},{"floor":6,"key":"LiquidBronze"},{"floor":14,"key":"Strength Potion"}],"is_trial":false,"path_per_floor":["M","?","$","?","$","E","M","?","T","R","E","R","M","M","R","B",null,"M","?","$","M","$","R","E","R","T","M"],"character_chosen":"DEFECT","items_purchased":["Ball Lightning","Conserve Battery","Storm","Leap","Lantern"],"campfire_rested":0,"item_purchase_floors":[3,3,20,20,20],"current_hp_per_floor":[68,65,65,47,47,47,47,47,47,47,37,37,37,37,37,37,66,51,51,51,51,51,51,13,13,13,0],"gold":37,"neow_bonus":"THREE_ENEMY_KILL","is_prod":false,"is_daily":false,"chose_seed":false,"campfire_upgraded":5,"win_rate":0,"timestamp":1552361808,"path_taken":["M","?","$","?","$","E","M","?","T","R","E","R","M","M","R","BOSS","M","?","$","M","?","R","E","R","T","M"],"build_version":"2019-01-23","purchased_purges":0,"victory":false,"max_hp_per_floor":[75,75,75,75,75,75,75,75,75,75,75,75,75,75,75,75,75,75,75,75,75,75,75,75,75,75,75],"card_choices":[{"not_picked":["Compile Driver","Capacitor"],"picked":"Undo","floor":1},{"not_picked":["Lockon","Leap"],"picked":"BootSequence","floor":6},{"not_picked":["Doom and Gloom","Rebound"],"picked":"Defragment","floor":7},{"not_picked":["Lockon","Melter"],"picked":"Conserve Battery","floor":11},{"not_picked":["Hologram","Redo"],"picked":"Skim","floor":13},{"not_picked":["All For One","Static Discharge"],"picked":"Sweeping Beam","floor":14},{"not_picked":["Rainbow","Biased Cognition"],"picked":"Electrodynamics","floor":16},{"not_picked":["Skim","Cold Snap","Conserve Battery"],"picked":"SKIP","floor":18},{"not_picked":["Aggregate","Ball Lightning"],"picked":"Doom and Gloom","floor":19},{"not_picked":["Barrage+1","Aggregate"],"picked":"Hologram","floor":21},{"not_picked":["Defragment","Melter","Cold Snap+1"],"picked":"SKIP","floor":24}],"player_experience":338600,"relics_obtained":[{"floor":6,"key":"Ornamental Fan"},{"floor":9,"key":"Centennial Puzzle"},{"floor":11,"key":"Kunai"},{"floor":19,"key":"Red Mask"},{"floor":24,"key":"Bottled Lightning"},{"floor":26,"key":"Oddly Smooth Stone"}],"event_choices":[{"damage_healed":0,"gold_gain":0,"player_choice":"Success","damage_taken":3,"relics_obtained":["DataDisk"],"max_hp_gain":0,"max_hp_loss":0,"event_name":"Scrap Ooze","floor":2,"gold_loss":0},{"damage_healed":0,"gold_gain":0,"player_choice":"Take Damage","damage_taken":18,"relics_obtained":["Golden Idol"],"max_hp_gain":0,"max_hp_loss":0,"event_name":"Golden Idol","floor":4,"gold_loss":0},{"damage_healed":0,"gold_gain":0,"player_choice":"Grow","damage_taken":0,"max_hp_gain":0,"max_hp_loss":0,"event_name":"Living Wall","floor":8,"gold_loss":0,"cards_upgraded":["Defragment"]},{"damage_healed":0,"gold_gain":0,"player_choice":"Fought Bandits","damage_taken":0,"max_hp_gain":0,"max_hp_loss":0,"event_name":"Masked Bandits","floor":19,"gold_loss":0}],"is_beta":false,"boss_relics":[{"not_picked":["Black Star","Empty Cage"],"picked":"Ectoplasm"}],"items_purged_floors":[],"is_endless":false,"potions_floor_spawned":[1,6,14,18],"killed_by":"Shelled Parasite and Fungi","ascension_level":6}