{"gold_per_floor":[114,39,53,3,3,37,37,55,107,132,154,166,178,200,212,319,331,256,256,256,186,186,186],"floor_reached":23,"playtime":743,"items_purged":["Strike_B"],"score":251,"play_id":"f519d0a5-7d5a-4f16-9d99-d68a572b4678","local_time":"20190225213003","is_ascension_mode":true,"campfire_choices":[{"data":"Compile Driver","floor":12,"key":"SMITH"},{"floor":15,"key":"REST"}],"neow_cost":"NONE","seed_source_timestamp":14696750478761,"circlet_count":0,"master_deck":["Strike_B","Defend_B","Defend_B","Defend_B","Defend_B","Zap+1","Dualcast","Compile Driver+1","Conserve Battery","Compile Driver","Cold Snap","Echo Form","Coolheaded","Machine Learning","Coolheaded+1","Consume","Self Repair"],"relics":["Cracked Core","NeowsBlessing","Vajra","MawBank","Ectoplasm","CultistMask"],"potions_floor_usage":[23,23,23],"damage_taken":[{"damage":0,"enemies":"2 Louse","floor":1,"turns":1},{"damage":0,"enemies":"Small Slimes","floor":3,"turns":1},{"damage":0,"enemies":"Lagavulin","floor":6,"turns":1},{"damage":0,"enemies":"Cultist","floor":8,"turns":2},{"damage":9,"enemies":"Large Slime","floor":10,"turns":3},{"damage":10,"enemies":"3 Louse","floor":11,"turns":3},{"damage":10,"enemies":"Blue Slaver","floor":14,"turns":3},{"damage":16,"enemies":"The Guardian","floor":16,"turns":15},{"damage":31,"enemies":"2 Thieves","floor":18,"turns":4},{"damage":12,"enemies":"Spheric Guardian","floor":20,"turns":4},{"damage":19,"enemies":"Shelled Parasite and Fungi","floor":22,"turns":7},{"damage":14,"enemies":"Slavers","floor":23,"turns":2}],"seed_played":"-4460519026056510626","potions_obtained":[{"floor":1,"key":"FearPotion"},{"floor":8,"key":"FearPotion"},{"floor":11,"key":"SkillPotion"}],"is_trial":false,"path_per_floor":["M","$","M","?","?","E","?","M","T","M","M","R","?","M","R","B",null,"M","?","M","$","M","E"],"character_chosen":"DEFECT","items_purchased":["Consume"],"campfire_rested":1,"item_purchase_floors":[21],"current_hp_per_floor":[75,75,75,75,68,68,68,68,68,59,49,49,49,39,61,45,75,44,44,32,32,13,0],"gold":186,"neow_bonus":"THREE_ENEMY_KILL","is_prod":false,"is_daily":false,"chose_seed":false,"campfire_upgraded":1,"win_rate":0,"timestamp":1551151803,"path_taken":["M","$","M","?","?","E","?","M","T","M","M","R","?","M","R","BOSS","M","?","M","$","?","E"],"build_version":"2019-01-23","purchased_purges":1,"victory":false,"max_hp_per_floor":[75,75,75,75,75,75,75,75,75,75,75,75,75,75,75,75,75,75,75,75,75,75,75],"card_choices":[{"not_picked":["Tempest","Streamline"],"picked":"Compile Driver","floor":1},{"not_picked":["Hologram","Stack"],"picked":"Conserve Battery","floor":3},{"not_picked":["Heatsinks","Force Field"],"picked":"Compile Driver","floor":6},{"not_picked":["Static Discharge","Barrage"],"picked":"Cold Snap","floor":8},{"not_picked":["Chaos","Glacier","Ball Lightning"],"picked":"SKIP","floor":10},{"not_picked":["Coolheaded","Turbo"],"picked":"Echo Form","floor":11},{"not_picked":["Doom and Gloom","Leap"],"picked":"Coolheaded","floor":14},{"not_picked":["Amplify","Core Surge"],"picked":"Machine Learning","floor":16},{"not_picked":["Ball Lightning","Barrage"],"picked":"Coolheaded+1","floor":18},{"not_picked":["Rebound","Coolheaded","Ball Lightning"],"picked":"SKIP","floor":20},{"not_picked":["Undo","Barrage"],"picked":"Self Repair","floor":22}],"player_experience":239835,"relics_obtained":[{"floor":6,"key":"Vajra"},{"floor":9,"key":"MawBank"}],"event_choices":[{"cards_removed":["Strike_B"],"damage_healed":0,"gold_gain":0,"player_choice":"Card Removal","damage_taken":0,"max_hp_gain":0,"max_hp_loss":0,"event_name":"The Cleric","floor":4,"gold_loss":50},{"cards_removed":["Strike_B"],"damage_healed":0,"gold_gain":0,"player_choice":"Card Removal","damage_taken":7,"max_hp_gain":0,"max_hp_loss":0,"event_name":"Golden Wing","floor":5,"gold_loss":0},{"damage_healed":0,"gold_gain":0,"player_choice":"Ignored","damage_taken":0,"max_hp_gain":0,"max_hp_loss":0,"event_name":"Liars Game","floor":7,"gold_loss":0},{"damage_healed":0,"gold_gain":0,"player_choice":"Grow","damage_taken":0,"max_hp_gain":0,"max_hp_loss":0,"event_name":"Living Wall","floor":13,"gold_loss":0,"cards_upgraded":["Zap"]},{"damage_healed":0,"gold_gain":0,"player_choice":"Trade","damage_taken":0,"relics_obtained":["CultistMask"],"max_hp_gain":0,"max_hp_loss":0,"event_name":"FaceTrader","floor":19,"gold_loss":0}],"is_beta":false,"boss_relics":[{"not_picked":["Orrery","Black Star"],"picked":"Ectoplasm"}],"items_purged_floors":[2],"is_endless":false,"potions_floor_spawned":[1,8,11,20],"killed_by":"Slavers","ascension_level":3}