{"gold_per_floor":[109,59,71,71,31,31,61,79,79,105,116,116,136,136,136,235,235,246,265,265,155,167,167],"floor_reached":23,"playtime":986,"items_purged":["Strike_G"],"score":259,"play_id":"386c681c-a148-43c9-9fa8-d0f00cd04488","local_time":"20190315021914","is_ascension_mode":true,"campfire_choices":[{"data":"Noxious Fumes","floor":6.0,"key":"SMITH"},{"data":"Crippling Poison","floor":12.0,"key":"SMITH"},{"data":"Deadly Poison","floor":15,"key":"SMITH"}],"neow_cost":"NONE","seed_source_timestamp":161331609008505,"circlet_count":0,"master_deck":["Defend_G","Defend_G","Defend_G","Defend_G","Defend_G","Strike_G","Strike_G","Survivor","Neutralize","Dagger Spray","Noxious Fumes+1","Blade Dance","Deadly Poison+1","Crippling Poison+1","Well Laid Plans","Outmaneuver","Deadly Poison","Backflip","Adrenaline","Dash","Bouncing Flask+1","Bouncing Flask","Backstab","Backflip"],"special_seed":0,"relics":["Ring of the Snake","NeowsBlessing","Prayer Wheel","Ginger","Dream Catcher","Sozu"],"potions_floor_usage":[],"damage_taken":[{"damage":0.0,"enemies":"Small Slimes","floor":1.0,"turns":1.0},{"damage":0.0,"enemies":"Jaw Worm","floor":3.0,"turns":1.0},{"damage":0.0,"enemies":"Gremlin Nob","floor":7.0,"turns":1.0},{"damage":2.0,"enemies":"2 Louse","floor":8.0,"turns":3.0},{"damage":2.0,"enemies":"2 Fungi Beasts","floor":11.0,"turns":3.0},{"damage":15.0,"enemies":"Exordium Thugs","floor":13.0,"turns":3.0},{"damage":8,"enemies":"Hexaghost","floor":16,"turns":8},{"damage":24,"enemies":"2 Thieves","floor":18,"turns":4},{"damage":16,"enemies":"Shell Parasite","floor":19,"turns":4},{"damage":13,"enemies":"Snake Plant","floor":22,"turns":4},{"damage":17,"enemies":"Gremlin Leader","floor":23,"turns":4}],"seed_played":"2314542894576420782","potions_obtained":[{"floor":8.0,"key":"EntropicBrew"},{"floor":11.0,"key":"Strength Potion"},{"floor":16,"key":"FearPotion"}],"is_trial":false,"path_per_floor":["M","?","M","?","$","R","E","M","T","T","M","R","M","?","R","B",null,"M","M","?","$","M","E"],"character_chosen":"THE_SILENT","items_purchased":["Noxious Fumes","Backstab"],"campfire_rested":0,"item_purchase_floors":[5,21],"current_hp_per_floor":[70,70,70,70,70,70,70,68,68,68,66,66,51,51,51,43,70,46,30,30,30,17,0],"gold":167,"neow_bonus":"THREE_ENEMY_KILL","is_prod":false,"is_daily":false,"chose_seed":false,"campfire_upgraded":3,"win_rate":0,"timestamp":1552630754,"path_taken":["M","?","M","?","?","R","E","M","T","?","M","R","M","?","R","BOSS","M","M","?","$","?","E"],"build_version":"2019-01-23","purchased_purges":1,"victory":false,"max_hp_per_floor":[70,70,70,70,70,70,70,70,70,70,70,70,70,70,70,70,70,70,70,70,70,70,70],"card_choices":[{"not_picked":["Acrobatics","Flying Knee"],"picked":"Dagger Spray","floor":1.0},{"not_picked":["Slice","Dagger Spray","Sucker Punch"],"picked":"SKIP","floor":3.0},{"not_picked":["Dagger Spray","Phantasmal Killer"],"picked":"Blade Dance","floor":7.0},{"not_picked":["PiercingWail","Deflect"],"picked":"Deadly Poison","floor":8.0},{"not_picked":["PiercingWail","Dodge and Roll"],"picked":"Crippling Poison","floor":8.0},{"not_picked":["Slice","Flying Knee"],"picked":"Well Laid Plans","floor":11.0},{"not_picked":["Dagger Spray","Underhanded Strike"],"picked":"Outmaneuver","floor":11.0},{"not_picked":["Quick Slash","Finisher"],"picked":"Deadly Poison","floor":13},{"not_picked":["Bane","Escape Plan"],"picked":"Backflip","floor":13},{"not_picked":["Grand Finale","Tools of the Trade"],"picked":"Adrenaline","floor":16},{"not_picked":["Cloak And Dagger+1","Blade Dance+1"],"picked":"Dash","floor":18},{"not_picked":["Reflex","Catalyst+1"],"picked":"Bouncing Flask","floor":18},{"not_picked":["Blade Dance+1","Cloak And Dagger"],"picked":"Bouncing Flask","floor":19},{"not_picked":["Endless Agony+1","Choke","Deflect+1"],"picked":"SKIP","floor":19},{"not_picked":["Doppelganger","Bane"],"picked":"Backflip","floor":22},{"not_picked":["Heel Hook","Prepared","Endless Agony"],"picked":"SKIP","floor":22}],"player_experience":1237849,"relics_obtained":[{"floor":7.0,"key":"Prayer Wheel"},{"floor":9.0,"key":"Ginger"},{"floor":10.0,"key":"Dream Catcher"}],"event_choices":[{"cards_removed":["Strike_G"],"damage_healed":0.0,"max_hp_gain":0.0,"max_hp_loss":0.0,"gold_gain":0.0,"event_name":"The Cleric","player_choice":"Card Removal","floor":2.0,"gold_loss":50.0,"damage_taken":0.0},{"damage_healed":0.0,"max_hp_gain":0.0,"max_hp_loss":0.0,"gold_gain":0.0,"event_name":"Liars Game","player_choice":"Ignored","floor":4.0,"gold_loss":0.0,"damage_taken":0.0},{"cards_removed":["Strike_G"],"damage_healed":0,"gold_gain":0,"player_choice":"Purged","damage_taken":0,"max_hp_gain":0,"max_hp_loss":0,"event_name":"Purifier","floor":14,"gold_loss":0},{"damage_healed":0,"gold_gain":0,"player_choice":"Forge","damage_taken":0,"max_hp_gain":0,"max_hp_loss":0,"event_name":"Accursed Blacksmith","floor":20,"gold_loss":0,"cards_upgraded":["Bouncing Flask"]}],"is_beta":false,"boss_relics":[{"not_picked":["Lizard Tail","Eternal Feather"],"picked":"Sozu"}],"items_purged_floors":[21],"is_endless":false,"potions_floor_spawned":[8,11,16,19],"killed_by":"Gremlin Leader","ascension_level":4}