{"gold_per_floor":[115,127,87,102,102,102,115,115,115,136,162,237,237,237,237,237],"floor_reached":16,"playtime":575,"items_purged":[],"score":90,"play_id":"158e6be1-6a9f-4cd5-aef1-63ab03baa4a2","local_time":"20190305233058","is_ascension_mode":false,"campfire_choices":[{"data":"Body Slam","floor":6,"key":"SMITH"},{"data":"Bash","floor":8,"key":"SMITH"},{"data":"Iron Wave","floor":13,"key":"SMITH"},{"floor":15,"key":"REST"}],"neow_cost":"NONE","seed_source_timestamp":33425243194805,"circlet_count":0,"master_deck":["Strike_R","Strike_R","Strike_R","Strike_R","Strike_R","Defend_R","Defend_R","Defend_R","Defend_R","Bash+1","Feel No Pain","Body Slam+1","Feed","Iron Wave+1"],"relics":["Burning Blood","Juzu Bracelet","Golden Idol","Anchor","Odd Mushroom"],"potions_floor_usage":[16,16],"damage_taken":[{"damage":6,"enemies":"2 Louse","floor":1,"turns":3},{"damage":1,"enemies":"Cultist","floor":2,"turns":4},{"damage":1,"enemies":"Jaw Worm","floor":4,"turns":4},{"damage":15,"enemies":"Looter","floor":7,"turns":3},{"damage":19,"enemies":"Large Slime","floor":10,"turns":6},{"damage":20,"enemies":"The Mushroom Lair","floor":11,"turns":6},{"damage":41,"enemies":"The Guardian","floor":16,"turns":13}],"seed_played":"-2882556947559615020","potions_obtained":[{"floor":2,"key":"SteroidPotion"},{"floor":3,"key":"Dexterity Potion"},{"floor":3,"key":"Strength Potion"},{"floor":7,"key":"LiquidBronze"},{"floor":11,"key":"Block Potion"}],"is_trial":false,"path_per_floor":["M","M","?","M","?","R","M","R","T","M","?","?","R","?","R","B"],"character_chosen":"IRONCLAD","items_purchased":[],"campfire_rested":1,"item_purchase_floors":[],"current_hp_per_floor":[80,80,80,80,60,60,51,51,51,38,27,16,16,16,40,0],"gold":237,"neow_bonus":"RANDOM_COMMON_RELIC","is_prod":false,"is_daily":false,"chose_seed":false,"campfire_upgraded":3,"win_rate":0,"timestamp":1551846658,"path_taken":["M","M","?","M","?","R","M","R","T","M","?","?","R","?","R","BOSS"],"build_version":"2019-01-23","purchased_purges":0,"victory":false,"max_hp_per_floor":[80,80,80,80,80,80,80,80,80,80,83,83,83,83,83,83],"card_choices":[{"not_picked":["Wild Strike","Rage"],"picked":"Feel No Pain","floor":1},{"not_picked":["Heavy Blade","Power Through"],"picked":"Body Slam","floor":2},{"not_picked":["Rage","Flex","Wild Strike"],"picked":"SKIP","floor":4},{"not_picked":["Heavy Blade","Thunderclap","Rupture"],"picked":"SKIP","floor":7},{"not_picked":["Cleave","Twin Strike"],"picked":"Feed","floor":10},{"not_picked":["Blood for Blood","Twin Strike"],"picked":"Iron Wave","floor":11}],"player_experience":536093,"relics_obtained":[{"floor":9,"key":"Anchor"},{"floor":11,"key":"Odd Mushroom"}],"event_choices":[{"damage_healed":0,"gold_gain":0,"player_choice":"Bought 3 Potions","damage_taken":0,"max_hp_gain":0,"max_hp_loss":0,"event_name":"The Woman in Blue","floor":3,"gold_loss":0},{"damage_healed":0,"gold_gain":0,"player_choice":"Take Damage","damage_taken":20,"relics_obtained":["Golden Idol"],"max_hp_gain":0,"max_hp_loss":0,"event_name":"Golden Idol","floor":5,"gold_loss":0},{"damage_healed":0,"gold_gain":0,"player_choice":"Fought Mushrooms","damage_taken":0,"max_hp_gain":0,"max_hp_loss":0,"event_name":"Mushrooms","floor":11,"gold_loss":0},{"damage_healed":0,"gold_gain":75,"player_choice":"Gather Gold","damage_taken":11,"max_hp_gain":0,"max_hp_loss":0,"event_name":"World of Goop","floor":12,"gold_loss":0},{"damage_healed":0,"gold_gain":0,"player_choice":"Ignored","damage_taken":0,"max_hp_gain":0,"max_hp_loss":0,"event_name":"Liars Game","floor":14,"gold_loss":0}],"is_beta":false,"boss_relics":[],"items_purged_floors":[],"is_endless":false,"potions_floor_spawned":[2,7,10,11],"killed_by":"The Guardian","ascension_level":0}