{"gold_per_floor":[111,131,145,72,72,105,105,105,105,117,149,149,25,42,42,144,194],"floor_reached":17,"playtime":639,"items_purged":[],"score":173,"play_id":"28505e18-47cf-4959-88c1-9039cea9bb35","local_time":"20190213181355","is_ascension_mode":true,"campfire_choices":[{"data":"Flex","floor":7.0,"key":"SMITH"},{"data":"True Grit","floor":15.0,"key":"SMITH"}],"neow_cost":"NONE","seed_source_timestamp":0,"circlet_count":0,"master_deck":["Strike_R","Strike_R","Strike_R","Defend_R","Defend_R","Defend_R+1","Defend_R","Bash","Twin Strike","Shrug It Off+1","Flex+1","Headbutt","Disarm","Anger","True Grit+1","Barricade","Pommel Strike"],"special_seed":0,"relics":["Burning Blood","Calipers","Incense Burner","Champion Belt","Tiny House"],"potions_floor_usage":[],"damage_taken":[{"damage":8.0,"enemies":"Jaw Worm","floor":1.0,"turns":3.0},{"damage":2.0,"enemies":"Small Slimes","floor":2.0,"turns":3.0},{"damage":1.0,"enemies":"Cultist","floor":3.0,"turns":3.0},{"damage":39.0,"enemies":"3 Sentries","floor":6.0,"turns":10.0},{"damage":13.0,"enemies":"Red Slaver","floor":10.0,"turns":3.0},{"damage":17.0,"enemies":"Lagavulin","floor":11.0,"turns":6.0},{"damage":2.0,"enemies":"Blue Slaver","floor":14.0,"turns":3.0},{"damage":11.0,"enemies":"Hexaghost","floor":16.0,"turns":13.0}],"seed_played":"8813636226538401245","potions_obtained":[{"floor":3.0,"key":"Ancient Potion"},{"floor":11.0,"key":"SpeedPotion"},{"floor":16.0,"key":"FearPotion"},{"floor":17,"key":"Swift Potion"}],"is_trial":false,"path_per_floor":["M","M","M","$","?","E","R","?","T","M","E","?","$","M","R","B",null],"character_chosen":"IRONCLAD","items_purchased":["Disarm","PowerPotion","BloodPotion"],"campfire_rested":0,"item_purchase_floors":[4,13,13],"current_hp_per_floor":[78,80,80,80,73,40,40,40,40,33,22,22,22,34,34,29,85],"gold":194,"neow_bonus":"TRANSFORM_CARD","is_prod":false,"is_daily":false,"chose_seed":false,"campfire_upgraded":2,"win_rate":0,"timestamp":1550103235,"path_taken":["M","M","M","$","?","E","R","?","T","M","E","?","$","M","R","BOSS"],"build_version":"2019-01-23","purchased_purges":0,"victory":false,"max_hp_per_floor":[80,80,80,80,80,80,80,80,80,80,80,80,80,80,80,80,85],"card_choices":[{"not_picked":["Power Through","Flex"],"picked":"Shrug It Off","floor":1.0},{"not_picked":["Wild Strike","Sever Soul"],"picked":"Flex","floor":2.0},{"not_picked":["Anger","Intimidate"],"picked":"Headbutt","floor":3.0},{"not_picked":["Twin Strike","Power Through"],"picked":"Anger","floor":6.0},{"not_picked":["Perfected Strike","Feel No Pain"],"picked":"True Grit","floor":10.0},{"not_picked":["Sentinel","Anger","True Grit"],"picked":"SKIP","floor":11.0},{"not_picked":["Clash","Corruption","Wild Strike"],"picked":"SKIP","floor":14.0},{"not_picked":["Immolate","Juggernaut"],"picked":"Barricade","floor":16.0},{"not_picked":["Clothesline","Twin Strike"],"picked":"Pommel Strike","floor":17}],"player_experience":157698,"relics_obtained":[{"floor":6.0,"key":"Calipers"},{"floor":9.0,"key":"Incense Burner"},{"floor":11.0,"key":"Champion Belt"}],"event_choices":[{"cards_removed":["Strike_R"],"damage_healed":0.0,"max_hp_gain":0.0,"max_hp_loss":0.0,"gold_gain":0.0,"event_name":"Golden Wing","player_choice":"Card Removal","floor":5.0,"gold_loss":0.0,"damage_taken":7.0},{"damage_healed":0.0,"max_hp_gain":0.0,"max_hp_loss":0.0,"gold_gain":0.0,"event_name":"Living Wall","player_choice":"Grow","floor":8.0,"gold_loss":0.0,"damage_taken":0.0,"cards_upgraded":["Shrug It Off"]},{"damage_healed":0.0,"max_hp_gain":0.0,"max_hp_loss":0.0,"gold_gain":0.0,"event_name":"Liars Game","player_choice":"Ignored","floor":12.0,"gold_loss":0.0,"damage_taken":0.0}],"is_beta":false,"boss_relics":[{"not_picked":["Runic Pyramid","Busted Crown"],"picked":"Tiny House"}],"items_purged_floors":[],"is_endless":false,"potions_floor_spawned":[3,11,16],"ascension_level":1}