{"gold_per_floor":[111,76,76,26,26,26,46,76,102,102,137,137,156,175,175,271,271,281,281,281,281,281,312,325,325,375,388,55,5,23,33,33,135,135,135,60,60,70,70,100,100,134,134,169,269,282,311,311,311,311],"floor_reached":50,"playtime":3145,"items_purged":["Writhe"],"score":1004,"play_id":"ee8a7eb2-bb50-48c7-a1d1-dbad36cd4e5f","local_time":"20190120203413","is_ascension_mode":true,"campfire_choices":[{"data":"Defragment","floor":6.0,"key":"SMITH"},{"floor":10.0,"key":"REST"},{"floor":15.0,"key":"REST"},{"data":"Reboot","floor":25.0,"key":"SMITH"},{"data":"Double Energy","floor":32,"key":"SMITH"},{"floor":49,"key":"RECALL"}],"neow_cost":"TEN_PERCENT_HP_LOSS","seed_source_timestamp":0,"circlet_count":0,"master_deck":["Strike_B","Defend_B","Defend_B","Defend_B+1","Zap+1","Dualcast","Ball Lightning","Defragment+1","Stack","Hologram","Beam Cell","Double Energy+1","Reboot+1","BootSequence","Ghostly","Ghostly","Ghostly","Ghostly","Ghostly","Defragment","Bandage Up","Reboot","Fission","Chill+1","Consume+1","Capacitor+1","Coolheaded"],"special_seed":0,"relics":["Cracked Core","Dead Branch","Sundial","Lantern","Shuriken","Bottled Lightning","Sozu","Nilry\u0027s Codex","Pen Nib","Pocketwatch","Mummified Hand","Inserter","Bronze Scales","Kunai","Oddly Smooth Stone","Vajra","Smiling Mask","Ginger","Darkstone Periapt"],"potions_floor_usage":[44],"damage_taken":[{"damage":7.0,"enemies":"Jaw Worm","floor":1.0,"turns":3.0},{"damage":0.0,"enemies":"2 Louse","floor":7.0,"turns":2.0},{"damage":32.0,"enemies":"Lagavulin","floor":8.0,"turns":5.0},{"damage":17.0,"enemies":"3 Sentries","floor":11.0,"turns":6.0},{"damage":0.0,"enemies":"Cultist","floor":13.0,"turns":2.0},{"damage":2.0,"enemies":"Exordium Wildlife","floor":14.0,"turns":3.0},{"damage":31.0,"enemies":"Hexaghost","floor":16.0,"turns":9.0},{"damage":0.0,"enemies":"Chosen","floor":18.0,"turns":3.0},{"damage":0.0,"enemies":"Slavers","floor":23.0,"turns":5.0},{"damage":6.0,"enemies":"2 Thieves","floor":24.0,"turns":3.0},{"damage":1.0,"enemies":"Centurion and Healer","floor":27.0,"turns":3.0},{"damage":3,"enemies":"Snake Plant","floor":30,"turns":3},{"damage":0,"enemies":"Shelled Parasite and Fungi","floor":31,"turns":4},{"damage":0,"enemies":"Automaton","floor":33,"turns":8},{"damage":6,"enemies":"Orb Walker","floor":35,"turns":3},{"damage":0,"enemies":"3 Shapes","floor":38,"turns":2},{"damage":0,"enemies":"Reptomancer","floor":40,"turns":4},{"damage":0,"enemies":"Giant Head","floor":42,"turns":5},{"damage":28,"enemies":"Reptomancer","floor":44,"turns":7},{"damage":0,"enemies":"Mind Bloom Boss Battle","floor":45,"turns":4},{"damage":0,"enemies":"Spire Growth","floor":46,"turns":3},{"damage":0,"enemies":"Nemesis","floor":47,"turns":7},{"damage":22,"enemies":"Time Eater","floor":50,"turns":10}],"seed_played":"8333719564913907667","potions_obtained":[{"floor":8.0,"key":"SteroidPotion"},{"floor":14.0,"key":"SteroidPotion"},{"floor":16.0,"key":"FearPotion"}],"is_trial":false,"path_per_floor":["M","$","?","?","?","R","M","E","T","R","E","T","M","M","R","B",null,"M","?","?","?","?","E","M","R","T","M","$","?","M","M","R","B",null,"M","$","?","M","$","E","T","E","T","E","?","M","E","?","R","B"],"character_chosen":"DEFECT","items_purchased":["Defragment","Mummified Hand","Bandage Up"],"campfire_rested":2,"item_purchase_floors":[2,28,28],"current_hp_per_floor":[61,61,47,47,47,47,47,15,15,35,18,18,18,16,36,5,52,52,52,36,36,34,34,28,28,28,27,27,27,28,32,32,32,34,28,28,28,32,32,34,34,34,34,6,6,10,14,14,14,0],"gold":311,"neow_bonus":"ONE_RARE_RELIC","is_prod":false,"is_daily":false,"chose_seed":false,"campfire_upgraded":3,"win_rate":0,"timestamp":1548023653,"path_taken":["M","$","?","?","?","R","?","E","T","R","E","?","M","M","R","BOSS","M","?","?","?","?","E","M","R","T","M","$","?","M","?","R","BOSS","M","$","?","M","$","E","?","E","T","E","?","M","E","?","R","BOSS"],"build_version":"2019-01-19","purchased_purges":1,"victory":false,"max_hp_per_floor":[68,68,68,68,68,68,68,68,68,68,68,68,68,68,68,68,68,68,68,68,68,34,34,34,34,34,34,34,34,34,34,34,34,34,34,34,34,34,34,34,34,34,34,34,34,34,34,34,34,34],"card_choices":[{"not_picked":["Coolheaded","Fusion"],"picked":"Ball Lightning","floor":1.0},{"not_picked":["Steam Power","Barrage","Cold Snap"],"picked":"SKIP","floor":7.0},{"not_picked":["FTL","Storm"],"picked":"Hologram","floor":8.0},{"not_picked":["Capacitor","Lockon"],"picked":"Beam Cell","floor":11.0},{"not_picked":["Cold Snap","Melter"],"picked":"Double Energy","floor":13.0},{"not_picked":["Doom and Gloom","Auto Shields","Rebound"],"picked":"SKIP","floor":14.0},{"not_picked":["Echo Form","Thunder Strike"],"picked":"Reboot","floor":16.0},{"not_picked":["Sweeping Beam+1","Static Discharge"],"picked":"BootSequence","floor":18.0},{"not_picked":["Blizzard","Barrage"],"picked":"Defragment","floor":23.0},{"not_picked":["Turbo","Stack","Cold Snap+1"],"picked":"SKIP","floor":24.0},{"not_picked":["Go for the Eyes","Conserve Battery+1","Chaos"],"picked":"SKIP","floor":27.0},{"not_picked":["Streamline","Undo","FTL"],"picked":"SKIP","floor":30},{"not_picked":["Ball Lightning+1","Hologram"],"picked":"Reboot","floor":31},{"not_picked":["All For One","Thunder Strike"],"picked":"Fission","floor":33},{"not_picked":["Self Repair+1","Storm+1"],"picked":"Chill+1","floor":35},{"not_picked":["Storm","Barrage+1"],"picked":"Consume+1","floor":38},{"not_picked":["Blizzard+1","Creative AI","Conserve Battery+1"],"picked":"SKIP","floor":40},{"not_picked":["Conserve Battery+1","Gash","Consume"],"picked":"SKIP","floor":42},{"not_picked":["Streamline","Doom and Gloom"],"picked":"Capacitor+1","floor":44},{"not_picked":["Reprogram","Beam Cell"],"picked":"Coolheaded","floor":45},{"not_picked":["Conserve Battery+1","Sunder+1","Stack"],"picked":"SKIP","floor":46},{"not_picked":["Darkness","Compile Driver+1","Rebound+1"],"picked":"SKIP","floor":47}],"player_experience":923471,"relics_obtained":[{"floor":8.0,"key":"Sundial"},{"floor":9.0,"key":"Lantern"},{"floor":11.0,"key":"Shuriken"},{"floor":12.0,"key":"Bottled Lightning"},{"floor":20.0,"key":"Nilry\u0027s Codex"},{"floor":23.0,"key":"Pocketwatch"},{"floor":40,"key":"Bronze Scales"},{"floor":41,"key":"Kunai"},{"floor":42,"key":"Oddly Smooth Stone"},{"floor":43,"key":"Vajra"},{"floor":44,"key":"Smiling Mask"},{"floor":45,"key":"Ginger"},{"floor":47,"key":"Darkstone Periapt"}],"event_choices":[{"damage_healed":0.0,"max_hp_gain":0.0,"max_hp_loss":0.0,"gold_gain":0.0,"event_name":"Shining Light","player_choice":"Entered Light","floor":3.0,"gold_loss":0.0,"damage_taken":14.0,"cards_upgraded":["Zap","Defend_B"]},{"cards_removed":["Strike_B"],"damage_healed":0.0,"max_hp_gain":0.0,"max_hp_loss":0.0,"gold_gain":0.0,"event_name":"The Cleric","player_choice":"Card Removal","floor":4.0,"gold_loss":50.0,"damage_taken":0.0},{"damage_healed":0.0,"max_hp_gain":0.0,"max_hp_loss":0.0,"gold_gain":0.0,"cards_transformed":["Defend_B"],"event_name":"Transmorgrifier","player_choice":"Transformed","floor":5.0,"gold_loss":0.0,"damage_taken":0.0,"cards_obtained":["Stack"]},{"cards_removed":["Strike_B"],"damage_healed":0.0,"max_hp_gain":0.0,"max_hp_loss":0.0,"gold_gain":0.0,"event_name":"Back to Basics","player_choice":"Elegance","floor":19.0,"gold_loss":0.0,"damage_taken":0.0},{"damage_healed":0.0,"max_hp_gain":0.0,"max_hp_loss":0.0,"gold_gain":0.0,"event_name":"Cursed Tome","player_choice":"Obtained Book","floor":20.0,"gold_loss":0.0,"damage_taken":16.0},{"damage_healed":0.0,"max_hp_gain":0.0,"max_hp_loss":0.0,"gold_gain":0.0,"event_name":"The Mausoleum","player_choice":"Opened","floor":21.0,"gold_loss":0.0,"damage_taken":0.0,"relics_obtained":["Pen Nib"],"cards_obtained":["Writhe"]},{"damage_healed":0.0,"max_hp_gain":0.0,"max_hp_loss":34.0,"gold_gain":0.0,"event_name":"Ghosts","player_choice":"Became a Ghost","floor":22.0,"gold_loss":0.0,"damage_taken":0.0,"cards_obtained":["Ghostly","Ghostly","Ghostly","Ghostly","Ghostly"]},{"damage_healed":0,"gold_gain":0,"player_choice":"Bet on Murderer","damage_taken":0,"max_hp_gain":0,"max_hp_loss":0,"event_name":"The Joust","floor":29,"gold_loss":50},{"cards_removed":["Strike_B"],"damage_healed":0,"gold_gain":0,"player_choice":"Removed Attack","damage_taken":0,"max_hp_gain":0,"max_hp_loss":0,"event_name":"Falling","floor":37,"gold_loss":0},{"damage_healed":0,"gold_gain":0,"player_choice":"Fight","damage_taken":0,"max_hp_gain":0,"max_hp_loss":0,"event_name":"MindBloom","floor":45,"gold_loss":0},{"damage_healed":0,"gold_gain":0,"player_choice":"Ignored","damage_taken":0,"max_hp_gain":0,"max_hp_loss":0,"event_name":"Mysterious Sphere","floor":48,"gold_loss":0}],"is_beta":true,"boss_relics":[{"not_picked":["Eternal Feather","Orrery"],"picked":"Sozu"},{"not_picked":["Nuclear Battery","Tiny House"],"picked":"Inserter"}],"items_purged_floors":[36],"is_endless":false,"potions_floor_spawned":[8,14,16,24,30,31,33,38,44,45],"killed_by":"Time Eater","ascension_level":6}