{"path_per_floor":["M","?","?","?","?","R","?","M","T","M","?","R","$","M","R","B",null,"M","?","?","?","?","M","R","M","T","$","M","M","R","M","R","B",null,"M","$","?","?","M","R","M","R","T","M","R"],"character_chosen":"DEFECT","items_purchased":["Capacitor","Blizzard","Allocate"],"gold_per_floor":[11,11,11,11,11,11,11,29,29,46,46,46,0,21,21,149,149,163,163,163,163,163,178,178,197,197,50,70,89,89,110,110,235,235,258,82,82,82,102,102,123,123,150,173,173,173],"floor_reached":46,"campfire_rested":2,"playtime":3021,"current_hp_per_floor":[74,59,59,59,56,56,56,56,56,56,56,56,56,53,53,51,69,69,69,69,69,69,68,68,64,64,64,63,54,54,47,47,47,69,32,32,32,32,27,47,21,21,21,7,28,0],"items_purged":["Defend_B","Loop"],"gold":173,"score":453,"play_id":"60604b2d-a0a7-41ec-bd51-ce19f58f3956","local_time":"20180427115126","is_prod":false,"is_daily":false,"chose_seed":false,"is_ascension_mode":true,"campfire_upgraded":7,"timestamp":1524840686,"path_taken":["M","?","?","?","?","R","?","?","T","M","?","R","$","M","R","BOSS","M","?","?","?","?","M","R","M","T","?","M","?","R","M","R","BOSS","M","$","?","?","M","R","M","R","T","M","R","M"],"build_version":"2018-04-26v2","seed_source_timestamp":20962815829662,"purchased_purges":2,"victory":false,"master_deck":["Zap+1","Dualcast+1","Coolheaded+1","FTL+1","Undo+1","Blaster+1","Blizzard+1","Allocate+1","Capacitor"],"max_hp_per_floor":[75,75,75,75,75,75,75,75,75,75,69,69,69,69,69,69,69,69,69,69,69,69,69,69,69,69,69,69,69,69,69,69,69,69,69,69,69,69,69,69,69,69,69,71,71,71],"relics":["Cracked Core","Art of War","Orichalcum","Golden Idol","Astrolabe","Blue Candle","Nuclear Battery","Singing Bowl"],"card_choices":[{"not_picked":["Gash","Rebound"],"picked":"Coolheaded","floor":1.0},{"not_picked":["Steam Power","Buffer"],"picked":"FTL","floor":8.0},{"not_picked":["Skim","Beam Cell"],"picked":"Capacitor","floor":39.0}],"player_experience":775559,"potions_floor_usage":[46,46],"damage_taken":[{"damage":1.0,"enemies":"2 Louse","floor":1.0,"turns":3.0},{"damage":0.0,"enemies":"Jaw Worm","floor":8.0,"turns":3.0},{"damage":0.0,"enemies":"Cultist","floor":10.0,"turns":2.0},{"damage":3.0,"enemies":"Exordium Thugs","floor":14.0,"turns":3.0},{"damage":2.0,"enemies":"The Guardian","floor":16.0,"turns":12.0},{"damage":8.0,"enemies":"3 Byrds","floor":18.0,"turns":5.0},{"damage":16.0,"enemies":"Chosen","floor":23.0,"turns":5.0},{"damage":16.0,"enemies":"Centurion and Healer","floor":25.0,"turns":5.0},{"damage":3.0,"enemies":"Chosen and Byrds","floor":28.0,"turns":4.0},{"damage":28.0,"enemies":"Snake Plant","floor":29.0,"turns":3.0},{"damage":23.0,"enemies":"3 Cultists","floor":31.0,"turns":4.0},{"damage":30.0,"enemies":"Automaton","floor":33.0,"turns":8.0},{"damage":37.0,"enemies":"3 Darklings","floor":35.0,"turns":5.0},{"damage":5.0,"enemies":"Flame Bruiser 1 Orb","floor":39.0,"turns":5.0},{"damage":33.0,"enemies":"Sphere and 2 Shapes","floor":41.0,"turns":6.0},{"damage":16.0,"enemies":"4 Shapes","floor":44.0,"turns":4.0},{"damage":33,"enemies":"Flame Bruiser 2 Orb","floor":46,"turns":4}],"event_choices":[{"event_name":"Shining Light","player_choice":"Entered Light","floor":2.0,"damage_taken":0.0},{"event_name":"Bonfire Elementals","player_choice":"BASIC","floor":3.0,"damage_taken":0.0},{"event_name":"Living Wall","player_choice":"Forget","floor":4.0,"damage_taken":0.0},{"event_name":"Scrap Ooze","player_choice":"success","floor":5.0,"damage_taken":3.0},{"event_name":"Liars Game","player_choice":"disagreed","floor":7.0,"damage_taken":0.0},{"event_name":"Golden Idol","player_choice":"Lose Max HP","floor":11.0,"damage_taken":0.0},{"event_name":"Vampires","player_choice":"Ignored","floor":19.0,"damage_taken":0.0},{"event_name":"Drug Dealer","player_choice":"Ignored","floor":20.0,"damage_taken":0.0},{"event_name":"Cursed Tome","player_choice":"Ignored","floor":21.0,"damage_taken":0.0},{"event_name":"The Lab","player_choice":"Got Potions","floor":22.0,"damage_taken":0.0},{"event_name":"The Woman in Blue","player_choice":"Bought 0 Potions","floor":38.0,"damage_taken":0.0}],"boss_relics":[],"potions_floor_spawned":[8,14,16,18,25,29,31,35,41],"seed_played":"-2320079992955786093","killed_by":"Flame Bruiser 2 Orb","ascension_level":1,"is_trial":false}