{"gold_per_floor":[119,119,69,69,69,104,104,114,160,160,18,31,45,57,57,131,131,141,141,141,66,0,0,0],"floor_reached":24,"playtime":1041,"items_purged":["Decay"],"score":358,"play_id":"d28795c4-03ca-49f1-a8b2-ba9dc58d1f2a","local_time":"20180714233044","is_ascension_mode":true,"campfire_choices":[{"data":"Noxious Fumes","floor":7,"key":"SMITH"},{"data":"Adrenaline","floor":15,"key":"SMITH"},{"floor":23,"key":"REST"}],"neow_cost":"NONE","seed_source_timestamp":46089939199202,"circlet_count":0,"master_deck":["Defend_G","Defend_G","Defend_G","Defend_G","Strike_G","Strike_G","Strike_G","Survivor","Neutralize","AscendersBane","Noxious Fumes+1","Adrenaline+1","Blur","Grand Finale","Prepared","Acrobatics"],"relics":["Ring of the Snake","Incense Burner","Centennial Puzzle","HoveringKite","Nloth\u0027s Gift"],"potions_floor_usage":[13,14,18],"damage_taken":[{"damage":0,"enemies":"Cultist","floor":1,"turns":1},{"damage":0,"enemies":"Lagavulin","floor":6,"turns":1},{"damage":0,"enemies":"Jaw Worm","floor":8,"turns":1},{"damage":2,"enemies":"Small Slimes","floor":12,"turns":4},{"damage":0,"enemies":"3 Louse","floor":13,"turns":2},{"damage":5,"enemies":"Large Slime","floor":14,"turns":8},{"damage":35,"enemies":"Hexaghost","floor":16,"turns":13},{"damage":34,"enemies":"Chosen","floor":18,"turns":10},{"damage":16,"enemies":"2 Thieves","floor":22,"turns":5},{"damage":0,"enemies":"Gremlin Leader","floor":24,"turns":1}],"seed_played":"-8567839502701910171","potions_obtained":[{"floor":1,"key":"Block Potion"},{"floor":12,"key":"Ancient Potion"},{"floor":13,"key":"Block Potion"}],"is_trial":false,"path_per_floor":["M","?","?","$","?","E","R","M","T","?","$","M","M","M","R","B",null,"M","?","?","$","M","R"],"character_chosen":"THE_SILENT","items_purchased":["Grand Finale"],"campfire_rested":1,"item_purchase_floors":[11],"current_hp_per_floor":[63,63,63,63,56,56,56,56,56,56,56,54,54,49,49,14,56,22,22,22,22,6,27,27],"gold":0,"neow_bonus":"THREE_ENEMY_KILL","is_prod":false,"is_daily":false,"chose_seed":false,"campfire_upgraded":2,"win_rate":0,"timestamp":1531621844,"path_taken":["M","?","?","$","?","E","R","M","T","?","$","?","M","M","R","BOSS","M","?","?","$","M","R","E"],"build_version":"2018-07-13","purchased_purges":1,"victory":false,"max_hp_per_floor":[70,70,70,70,70,70,70,70,70,70,70,70,70,70,70,70,70,70,70,70,70,70,70,70],"card_choices":[{"not_picked":["Outmaneuver","Escape Plan"],"picked":"Noxious Fumes","floor":1},{"not_picked":["Underhanded Strike","Heel Hook"],"picked":"Adrenaline","floor":6},{"not_picked":["Outmaneuver","Bouncing Flask"],"picked":"Blur","floor":8},{"not_picked":["Flechettes","Malaise","Dagger Spray"],"picked":"SKIP","floor":12},{"not_picked":["Infinite Blades","Deflect"],"picked":"Prepared","floor":13},{"not_picked":["Sucker Punch","Poisoned Stab","Cloak And Dagger"],"picked":"SKIP","floor":14},{"not_picked":["Bane","Quick Slash"],"picked":"Acrobatics","floor":18},{"not_picked":["Sucker Punch+1","Poisoned Stab","Glass Knife"],"picked":"SKIP","floor":22}],"player_experience":823424,"relics_obtained":[{"floor":6,"key":"Incense Burner"},{"floor":9,"key":"Centennial Puzzle"}],"event_choices":[{"event_name":"Living Wall","player_choice":"Forget","floor":2,"damage_taken":0},{"event_name":"The Cleric","player_choice":"Card Removal","floor":3,"damage_taken":0},{"event_name":"Golden Wing","player_choice":"Card Removal","floor":5,"damage_taken":0},{"event_name":"Liars Game","player_choice":"disagreed","floor":10,"damage_taken":0},{"event_name":"N\u0027loth","player_choice":"Traded a NeowsBlessing","floor":19,"damage_taken":0},{"event_name":"Forgotten Altar","player_choice":"Smashed Altar","floor":20,"damage_taken":0}],"boss_relics":[{"not_picked":["WristBlade","Runic Dome"],"picked":"HoveringKite"}],"items_purged_floors":[21],"is_endless":false,"potions_floor_spawned":[1,12,13],"killed_by":"Gremlin Leader","ascension_level":13}