{"gold_per_floor":[114,124,137,35,35,64,82,82,162,162,183,216,226,126,126,228,228,238,15,26,26,53,53,53,68,68,68,94,105,105,125,125,125],"floor_reached":33,"playtime":1220,"items_purged":["Strike_B","Strike_B","Strike_B"],"score":275,"play_id":"779bf9f8-5d7f-4374-9ef2-213bd75518af","local_time":"20190210131523","is_ascension_mode":false,"campfire_choices":[{"data":"Beam Cell","floor":8,"key":"SMITH"},{"floor":10,"key":"REST"},{"floor":15,"key":"REST"},{"data":"Genetic Algorithm","floor":23,"key":"SMITH"},{"data":"Seek","floor":30,"key":"SMITH"},{"floor":32,"key":"REST"}],"neow_cost":"NONE","seed_source_timestamp":76996294040711,"circlet_count":0,"master_deck":["Defend_B","Defend_B","Defend_B","Defend_B","Zap","Dualcast","Streamline+1","Streamline+1","Rebound","Beam Cell+1","Rebound","Conserve Battery","Beam Cell","Gash","Seek+1","Gash+1","Swift Strike","Gash","Streamline"],"relics":["Cracked Core","FossilizedHelix","Pantograph","Odd Mushroom","Bag of Marbles","Sozu","Red Mask","Meat on the Bone","Bottled Flame"],"potions_floor_usage":[12,33],"damage_taken":[{"damage":2,"enemies":"Small Slimes","floor":1,"turns":3},{"damage":0,"enemies":"2 Louse","floor":2,"turns":1},{"damage":6,"enemies":"Jaw Worm","floor":3,"turns":3},{"damage":26,"enemies":"Lagavulin","floor":6,"turns":4},{"damage":0,"enemies":"Exordium Wildlife","floor":7,"turns":3},{"damage":0,"enemies":"The Mushroom Lair","floor":11,"turns":2},{"damage":22,"enemies":"3 Sentries","floor":12,"turns":6},{"damage":5,"enemies":"Exordium Thugs","floor":13,"turns":3},{"damage":46,"enemies":"The Guardian","floor":16,"turns":7},{"damage":10,"enemies":"2 Thieves","floor":18,"turns":3},{"damage":0,"enemies":"Chosen","floor":20,"turns":3},{"damage":5,"enemies":"Masked Bandits","floor":22,"turns":3},{"damage":9,"enemies":"Shelled Parasite and Fungi","floor":25,"turns":4},{"damage":37,"enemies":"Slavers","floor":28,"turns":4},{"damage":17,"enemies":"Sentry and Sphere","floor":29,"turns":4},{"damage":0,"enemies":"3 Cultists","floor":31,"turns":4},{"damage":79,"enemies":"Automaton","floor":33,"turns":8}],"seed_played":"-1589406903574163409","potions_obtained":[{"floor":2,"key":"Ancient Potion"},{"floor":7,"key":"AttackPotion"},{"floor":13,"key":"Dexterity Potion"},{"floor":16,"key":"SteroidPotion"}],"is_trial":false,"path_per_floor":["M","M","M","$","?","E","M","R","T","R","?","E","M","$","R","B",null,"M","$","M","$","?","R","?","M","T","?","E","M","R","M","R","B"],"character_chosen":"DEFECT","items_purchased":["Rebound","Swift Strike"],"campfire_rested":3,"item_purchase_floors":[4,19],"current_hp_per_floor":[73,73,67,67,52,26,26,26,26,48,48,26,21,21,43,22,75,65,65,65,65,60,60,60,51,51,75,38,33,33,45,67,0],"gold":125,"neow_bonus":"TRANSFORM_CARD","is_prod":false,"is_daily":false,"chose_seed":false,"campfire_upgraded":3,"win_rate":0,"timestamp":1549826123,"path_taken":["M","M","M","$","?","E","M","R","T","R","?","E","M","$","R","BOSS","M","$","M","$","?","R","?","?","T","?","E","M","R","M","R","BOSS"],"build_version":"2019-01-23","purchased_purges":3,"victory":false,"max_hp_per_floor":[75,75,75,75,75,75,75,75,75,75,75,75,75,75,75,75,75,75,75,75,75,75,75,75,75,75,75,75,75,75,75,75,75],"card_choices":[{"not_picked":["Coolheaded","Go for the Eyes"],"picked":"Streamline","floor":1},{"not_picked":["Darkness","Steam"],"picked":"Rebound","floor":2},{"not_picked":["Defragment","Rip and Tear"],"picked":"Beam Cell","floor":3},{"not_picked":["Sunder","Ball Lightning"],"picked":"Conserve Battery","floor":6},{"not_picked":["Redo","Blizzard","Compile Driver"],"picked":"SKIP","floor":7},{"not_picked":["Storm","Fusion"],"picked":"Beam Cell","floor":11},{"not_picked":["Compile Driver","Chaos"],"picked":"Gash","floor":12},{"not_picked":["Defragment","Rainbow","Cold Snap"],"picked":"SKIP","floor":13},{"not_picked":["Reboot","Rainbow"],"picked":"Seek","floor":16},{"not_picked":["Turbo","Sweeping Beam"],"picked":"Gash+1","floor":18},{"not_picked":["Undo","Rip and Tear","Stack"],"picked":"SKIP","floor":20},{"not_picked":["Sweeping Beam","Conserve Battery"],"picked":"Genetic Algorithm","floor":22},{"not_picked":["Skim","Glacier+1"],"picked":"Gash","floor":25},{"not_picked":["Redo","Double Energy","Go for the Eyes+1"],"picked":"SKIP","floor":28},{"not_picked":["Compile Driver+1","Redo"],"picked":"Streamline","floor":29},{"not_picked":["White Noise","Coolheaded","Recycle"],"picked":"SKIP","floor":31}],"player_experience":140278,"relics_obtained":[{"floor":6,"key":"FossilizedHelix"},{"floor":9,"key":"Pantograph"},{"floor":11,"key":"Odd Mushroom"},{"floor":12,"key":"Bag of Marbles"},{"floor":22,"key":"Red Mask"},{"floor":26,"key":"Meat on the Bone"},{"floor":28,"key":"Bottled Flame"}],"event_choices":[{"damage_healed":0,"gold_gain":0,"player_choice":"Entered Light","damage_taken":15,"max_hp_gain":0,"max_hp_loss":0,"event_name":"Shining Light","floor":5,"gold_loss":0,"cards_upgraded":["Streamline","Streamline"]},{"damage_healed":0,"gold_gain":0,"player_choice":"Fought Mushrooms","damage_taken":0,"max_hp_gain":0,"max_hp_loss":0,"event_name":"Mushrooms","floor":11,"gold_loss":0},{"damage_healed":0,"gold_gain":0,"player_choice":"Fought Bandits","damage_taken":0,"max_hp_gain":0,"max_hp_loss":0,"event_name":"Masked Bandits","floor":22,"gold_loss":0},{"cards_removed":["Genetic Algorithm"],"damage_healed":24,"gold_gain":0,"player_choice":"Offered Uncommon","damage_taken":0,"max_hp_gain":0,"max_hp_loss":0,"event_name":"Bonfire Elementals","floor":27,"gold_loss":0}],"is_beta":false,"boss_relics":[{"not_picked":["Astrolabe","Philosopher\u0027s Stone"],"picked":"Sozu"}],"items_purged_floors":[4,14,19],"is_endless":false,"potions_floor_spawned":[2,7,13,16,18,22,25,28],"killed_by":"Automaton","ascension_level":0}