{"path_per_floor":["M","?","M","$","M","R","?","M","T","?","$","M","?","M","R","B",null,"M","?","?","M","M","R"],"character_chosen":"THE_SILENT","items_purchased":["Flash of Steel"],"gold_per_floor":[117,117,133,33,45,45,45,55,55,55,55,73,23,39,39,135,135,155,155,155,172,186,186,186],"floor_reached":24,"campfire_rested":1,"playtime":781,"current_hp_per_floor":[70,70,70,70,66,66,66,66,66,66,66,59,59,59,59,51,70,45,45,45,37,7,28,28],"items_purged":[],"gold":186,"score":188,"play_id":"4e09819e-6f32-4018-be25-5e6284495605","local_time":"20180425172909","is_prod":false,"is_daily":false,"chose_seed":false,"is_ascension_mode":false,"campfire_upgraded":2,"timestamp":1524688149,"path_taken":["M","?","M","$","M","R","?","?","T","?","$","?","?","M","R","BOSS","M","?","?","M","M","R","M"],"build_version":"2018-04-19","seed_source_timestamp":0,"purchased_purges":0,"victory":false,"master_deck":["Defend_G","Defend_G","Defend_G","Defend_G","Strike_G","Strike_G","Strike_G","Survivor","Neutralize+1","Flying Knee+1","Flash of Steel","Dagger Spray","Adrenaline","Leg Sweep"],"max_hp_per_floor":[70,70,70,70,70,70,70,70,70,70,70,70,70,70,70,70,70,70,70,70,70,70,70,70],"relics":["Philosopher\u0027s Stone"],"card_choices":[{"not_picked":["Outmaneuver","Deflect"],"picked":"Flying Knee","floor":1.0},{"not_picked":["Infinite Blades","PiercingWail"],"picked":"Dagger Spray","floor":8.0},{"not_picked":["Glass Knife","Die Die Die"],"picked":"Adrenaline","floor":16.0}],"player_experience":744858,"potions_floor_usage":[],"damage_taken":[{"damage":0.0,"enemies":"Jaw Worm","floor":1.0,"turns":4.0},{"damage":0.0,"enemies":"Cultist","floor":3.0,"turns":3.0},{"damage":4.0,"enemies":"2 Louse","floor":5.0,"turns":3.0},{"damage":0.0,"enemies":"Large Slime","floor":8.0,"turns":7.0},{"damage":7.0,"enemies":"Exordium Wildlife","floor":12.0,"turns":5.0},{"damage":0.0,"enemies":"Gremlin Gang","floor":14.0,"turns":3.0},{"damage":8.0,"enemies":"The Guardian","floor":16.0,"turns":16.0},{"damage":25.0,"enemies":"Chosen","floor":18.0,"turns":6.0},{"damage":8.0,"enemies":"Shell Parasite","floor":21.0,"turns":7.0},{"damage":30.0,"enemies":"Snake Plant","floor":22.0,"turns":9.0},{"damage":0,"enemies":"Snecko","floor":24,"turns":1}],"event_choices":[{"event_name":"Bonfire Elementals","player_choice":"BASIC","floor":2.0,"damage_taken":0.0},{"event_name":"Scrap Ooze","player_choice":"unsuccessful","floor":7.0,"damage_taken":0.0},{"event_name":"Living Wall","player_choice":"Forget","floor":10.0,"damage_taken":0.0},{"event_name":"The Cleric","player_choice":"Card Removal","floor":13.0,"damage_taken":0.0},{"event_name":"Vampires","player_choice":"Ignored","floor":19.0,"damage_taken":0.0},{"event_name":"The Library","player_choice":"Read","floor":20.0,"damage_taken":0.0}],"boss_relics":[],"potions_floor_spawned":[3,5,8,12,14,22],"seed_played":"-6806703036591138408","killed_by":"Snecko","ascension_level":0,"is_trial":false}