{"gold_per_floor":[117,117,128,57,232,258,268,268,268,287,301,176,188,52,52,157,157,176,176,4,16,26,26,26,26,53,85,85,0,76,110,110,209,209,227,242,290,310,324,324,351,351,351,351,379,379,80,96,96,96],"floor_reached":51,"playtime":1268,"items_purged":["Doubt","Strike_R","Havoc+1","Strike_R"],"score":1016,"play_id":"b0bba819-d9c0-47f1-83f6-b05e2236b9b5","local_time":"20190312000931","is_ascension_mode":true,"campfire_choices":[{"data":"Havoc","floor":8,"key":"SMITH"},{"data":"Whirlwind","floor":15,"key":"SMITH"},{"data":"Limit Break","floor":23,"key":"SMITH"},{"data":"Inflame","floor":25,"key":"SMITH"},{"data":"Flex","floor":28,"key":"SMITH"},{"data":"Armaments","floor":32,"key":"SMITH"},{"floor":40,"key":"REST"},{"data":"Twin Strike","floor":42,"key":"SMITH"},{"floor":49,"key":"REST"}],"neow_cost":"NONE","seed_source_timestamp":351721265335622,"circlet_count":0,"master_deck":["Strike_R","Strike_R","Strike_R","Defend_R","Defend_R","Defend_R","Bash","Cleave","Armaments+1","Rampage","Whirlwind+1","Flex+1","Limit Break+1","Sword Boomerang","Inflame+1","Battle Trance","Immolate","Shrug It Off","Cleave+1","Demon Form","Inflame","Twin Strike+1","Dual Wield+1","Double Tap","Finesse"],"relics":["Burning Blood","NeowsBlessing","Mercury Hourglass","Pen Nib","Oddly Smooth Stone","Busted Crown","Enchiridion","Omamori","Ice Cream","Red Skull","Meat on the Bone","Smiling Mask","Snecko Eye","Mango","Juzu Bracelet","Bag of Marbles"],"potions_floor_usage":[16,39,45,45,50],"damage_taken":[{"damage":0,"enemies":"Cultist","floor":1,"turns":1},{"damage":0,"enemies":"Jaw Worm","floor":3,"turns":1},{"damage":0,"enemies":"3 Sentries","floor":6,"turns":1},{"damage":0,"enemies":"2 Louse","floor":7,"turns":2},{"damage":8,"enemies":"Blue Slaver","floor":10,"turns":3},{"damage":0,"enemies":"Looter","floor":11,"turns":2},{"damage":4,"enemies":"3 Louse","floor":13,"turns":2},{"damage":68,"enemies":"Hexaghost","floor":16,"turns":10},{"damage":0,"enemies":"3 Byrds","floor":18,"turns":1},{"damage":7,"enemies":"2 Thieves","floor":21,"turns":2},{"damage":3,"enemies":"Chosen and Byrds","floor":22,"turns":3},{"damage":8,"enemies":"Gremlin Leader","floor":27,"turns":3},{"damage":26,"enemies":"Book of Stabbing","floor":31,"turns":4},{"damage":21,"enemies":"Collector","floor":33,"turns":4},{"damage":14,"enemies":"3 Shapes","floor":35,"turns":4},{"damage":9,"enemies":"3 Darklings","floor":36,"turns":2},{"damage":29,"enemies":"2 Orb Walkers","floor":37,"turns":3},{"damage":29,"enemies":"4 Shapes","floor":38,"turns":2},{"damage":36,"enemies":"Maw","floor":39,"turns":5},{"damage":51,"enemies":"Reptomancer","floor":41,"turns":6},{"damage":13,"enemies":"Giant Head","floor":45,"turns":4},{"damage":24,"enemies":"Writhing Mass","floor":48,"turns":3},{"damage":39,"enemies":"Time Eater","floor":50,"turns":3}],"seed_played":"-3437367618015683606","potions_obtained":[{"floor":3,"key":"SteroidPotion"},{"floor":10,"key":"Swift Potion"},{"floor":11,"key":"Regen Potion"},{"floor":16,"key":"FearPotion"},{"floor":41,"key":"SkillPotion"}],"is_trial":false,"path_per_floor":["M","?","M","$","?","E","M","R","T","M","M","$","M","$","R","B",null,"M","?","$","M","M","R","$","R","T","E","R","?","T","E","R","B",null,"M","M","?","M","M","R","E","R","T","?","E","?","$","M","R","B",null],"character_chosen":"IRONCLAD","items_purchased":["Rampage","Sword Boomerang","Battle Trance","Shrug It Off","Double Tap","Finesse"],"campfire_rested":2,"item_purchase_floors":[4,12,14,20,47,47],"current_hp_per_floor":[78,71,77,77,77,80,80,80,80,78,80,80,80,80,80,32,68,74,58,58,57,60,60,60,60,60,58,58,58,58,50,50,47,72,64,61,64,53,35,63,30,30,30,30,35,35,35,29,55,34],"gold":96,"neow_bonus":"THREE_ENEMY_KILL","is_prod":false,"is_daily":false,"chose_seed":false,"campfire_upgraded":7,"win_rate":0,"timestamp":1552367371,"path_taken":["M","?","M","$","?","E","M","R","T","M","M","?","M","$","R","BOSS","M","?","$","M","M","R","$","R","T","E","R","?","?","E","R","BOSS","M","M","?","M","M","R","E","R","T","?","E","?","$","M","R","BOSS"],"build_version":"2019-01-23","purchased_purges":4,"victory":true,"max_hp_per_floor":[80,80,80,80,80,80,80,80,80,80,80,80,80,80,80,80,80,80,80,80,80,80,80,80,80,80,80,80,80,80,80,80,80,80,80,80,94,94,94,94,94,94,94,94,94,89,89,89,89,89],"card_choices":[{"not_picked":["Warcry","Metallicize"],"picked":"Cleave","floor":1},{"not_picked":["Dropkick","Dual Wield"],"picked":"Armaments","floor":3},{"not_picked":["Flex","Fire Breathing"],"picked":"Havoc","floor":6},{"not_picked":["Havoc","Infernal Blade"],"picked":"Whirlwind","floor":7},{"not_picked":["Feel No Pain","Seeing Red"],"picked":"Flex","floor":10},{"not_picked":["Flex","Armaments"],"picked":"Limit Break","floor":11},{"not_picked":["Perfected Strike","Armaments"],"picked":"Inflame","floor":13},{"not_picked":["Dark Embrace","Demon Form"],"picked":"Immolate","floor":16},{"not_picked":["Havoc"],"picked":"SKIP","floor":18},{"not_picked":["Entrench"],"picked":"SKIP","floor":21},{"not_picked":["Dropkick"],"picked":"SKIP","floor":22},{"not_picked":["Second Wind"],"picked":"SKIP","floor":27},{"not_picked":[],"picked":"Cleave+1","floor":31},{"not_picked":[],"picked":"Demon Form","floor":33},{"not_picked":["Flex"],"picked":"SKIP","floor":35},{"not_picked":["Clash+1"],"picked":"SKIP","floor":36},{"not_picked":[],"picked":"Inflame","floor":37},{"not_picked":["Sever Soul"],"picked":"SKIP","floor":38},{"not_picked":[],"picked":"Twin Strike","floor":39},{"not_picked":[],"picked":"Dual Wield+1","floor":41},{"not_picked":["Sentinel"],"picked":"SKIP","floor":45},{"not_picked":["Inflame"],"picked":"SKIP","floor":48}],"player_experience":343101,"relics_obtained":[{"floor":6,"key":"Pen Nib"},{"floor":9,"key":"Oddly Smooth Stone"},{"floor":19,"key":"Enchiridion"},{"floor":26,"key":"Omamori"},{"floor":27,"key":"Ice Cream"},{"floor":30,"key":"Meat on the Bone"},{"floor":31,"key":"Smiling Mask"},{"floor":37,"key":"Mango"},{"floor":41,"key":"Juzu Bracelet"},{"floor":45,"key":"Bag of Marbles"}],"event_choices":[{"damage_healed":0,"gold_gain":0,"player_choice":"Success","damage_taken":7,"relics_obtained":["Mercury Hourglass"],"max_hp_gain":0,"max_hp_loss":0,"event_name":"Scrap Ooze","floor":2,"gold_loss":0},{"damage_healed":0,"gold_gain":175,"player_choice":"AGREE","damage_taken":0,"max_hp_gain":0,"max_hp_loss":0,"event_name":"Liars Game","floor":5,"gold_loss":0,"cards_obtained":["Doubt"]},{"damage_healed":0,"gold_gain":0,"player_choice":"Obtained Book","damage_taken":16,"max_hp_gain":0,"max_hp_loss":0,"event_name":"Cursed Tome","floor":19,"gold_loss":0},{"damage_healed":0,"gold_gain":0,"player_choice":"Obtained Relic","damage_taken":0,"relics_obtained":["Red Skull"],"max_hp_gain":0,"max_hp_loss":0,"event_name":"Addict","floor":29,"gold_loss":85},{"damage_healed":0,"gold_gain":0,"player_choice":"Fight","damage_taken":0,"max_hp_gain":0,"max_hp_loss":0,"event_name":"Mysterious Sphere","floor":37,"gold_loss":0},{"cards_removed":["Defend_R"],"damage_healed":0,"gold_gain":0,"player_choice":"Removed Skill","damage_taken":0,"max_hp_gain":0,"max_hp_loss":0,"event_name":"Falling","floor":44,"gold_loss":0},{"damage_healed":0,"gold_gain":0,"player_choice":"Max HP","damage_taken":0,"max_hp_gain":0,"max_hp_loss":5,"event_name":"Winding Halls","floor":46,"gold_loss":0}],"is_beta":false,"boss_relics":[{"not_picked":["Empty Cage","Astrolabe"],"picked":"Busted Crown"},{"not_picked":["Eternal Feather","Runic Pyramid"],"picked":"Snecko Eye"}],"items_purged_floors":[12,14,20,47],"is_endless":false,"potions_floor_spawned":[3,10,11,13,16,18,31,33,35,36,41],"ascension_level":6}