{"gold_per_floor":[109,71,71,51,69,69,95,95,118,130,130,143,157,173,173,173],"floor_reached":16,"playtime":587,"items_purged":[],"score":179,"play_id":"0ca838b9-3356-45db-8916-07f358348144","local_time":"20190118171715","is_ascension_mode":true,"campfire_choices":[{"data":"Neutralize","floor":6,"key":"SMITH"},{"data":"Tactician","floor":8,"key":"SMITH"},{"floor":15,"key":"REST"}],"neow_cost":"NONE","seed_source_timestamp":25697266820534,"circlet_count":0,"master_deck":["AscendersBane","Defend_G","Defend_G","Defend_G","Defend_G","Defend_G","Strike_G","Strike_G","Strike_G","Strike_G","Survivor","Neutralize+1","Flying Knee","Reflex","All Out Attack","Tactician+1","Dagger Throw","Noxious Fumes"],"relics":["Ring of the Snake","Bag of Preparation","Dodecahedron","PreservedInsect","Letter Opener"],"potions_floor_usage":[12,16],"damage_taken":[{"damage":1,"enemies":"Small Slimes","floor":1,"turns":4},{"damage":0,"enemies":"Jaw Worm","floor":5,"turns":6},{"damage":29,"enemies":"Lagavulin","floor":7,"turns":8},{"damage":5,"enemies":"Cultist","floor":10,"turns":4},{"damage":8,"enemies":"Large Slime","floor":12,"turns":7},{"damage":0,"enemies":"Red Slaver","floor":13,"turns":3},{"damage":0,"enemies":"3 Louse","floor":14,"turns":2},{"damage":37,"enemies":"Slime Boss","floor":16,"turns":9}],"seed_played":"-949736351627391544","potions_obtained":[{"floor":1,"key":"GhostInAJar"},{"floor":4,"key":"SneckoOil"},{"floor":7,"key":"SkillPotion"},{"floor":14,"key":"Swift Potion"}],"is_trial":false,"path_per_floor":["M","$","?","?","M","R","E","R","T","M","?","M","M","M","R","B"],"character_chosen":"THE_SILENT","items_purchased":["Reflex"],"campfire_rested":1,"item_purchase_floors":[2],"current_hp_per_floor":[58,58,58,58,58,58,29,29,29,24,24,16,16,16,35,0],"gold":173,"neow_bonus":"RANDOM_COMMON_RELIC","is_prod":false,"is_daily":false,"chose_seed":false,"campfire_upgraded":2,"win_rate":0,"timestamp":1547839035,"path_taken":["M","$","?","?","M","R","E","R","T","?","?","M","?","M","R","BOSS"],"build_version":"2019-01-16","purchased_purges":0,"victory":false,"max_hp_per_floor":[66,66,66,66,66,66,66,66,66,66,66,66,66,66,66,66],"card_choices":[{"not_picked":["Dodge and Roll","Predator"],"picked":"Flying Knee","floor":1},{"not_picked":["Masterful Stab","Bane"],"picked":"All Out Attack","floor":5},{"not_picked":["All Out Attack","Acrobatics"],"picked":"Tactician","floor":7},{"not_picked":["Tactician","Bouncing Flask","Distraction"],"picked":"SKIP","floor":10},{"not_picked":["Dagger Spray","All Out Attack"],"picked":"Dagger Throw","floor":12},{"not_picked":["Catalyst","Predator"],"picked":"Noxious Fumes","floor":13},{"not_picked":["Flechettes","Blade Dance","Underhanded Strike"],"picked":"SKIP","floor":14}],"player_experience":913115,"relics_obtained":[{"floor":7,"key":"Dodecahedron"},{"floor":9,"key":"PreservedInsect"}],"event_choices":[{"cards_removed":["Strike_G"],"damage_healed":0,"gold_gain":0,"player_choice":"Forget","damage_taken":0,"max_hp_gain":0,"max_hp_loss":0,"event_name":"Living Wall","floor":3,"gold_loss":0},{"damage_healed":0,"gold_gain":0,"player_choice":"Bought 1 Potion","damage_taken":0,"max_hp_gain":0,"max_hp_loss":0,"event_name":"The Woman in Blue","floor":4,"gold_loss":0},{"damage_healed":0,"gold_gain":0,"player_choice":"Gave Potion","damage_taken":0,"relics_obtained":["Letter Opener"],"max_hp_gain":0,"max_hp_loss":0,"event_name":"WeMeetAgain","floor":11,"gold_loss":0}],"is_beta":true,"boss_relics":[],"items_purged_floors":[],"is_endless":false,"potions_floor_spawned":[1,7,10,14],"killed_by":"Slime Boss","ascension_level":15}