{"gold_per_floor":[117,136,154,164,176,209,209,234,234,234,268,280,280,292,292,395,395,415,31,31,31,48,48],"floor_reached":23,"playtime":2623,"items_purged":["Writhe"],"score":281,"play_id":"6cc3989f-f512-4c71-bc9f-74e02a630fe9","local_time":"20190131222641","is_ascension_mode":true,"campfire_choices":[{"floor":7,"key":"REST"},{"floor":10,"key":"REST"},{"floor":13,"key":"REST"},{"floor":15,"key":"RECALL"}],"neow_cost":"CURSE","seed_source_timestamp":896106001497131,"circlet_count":0,"master_deck":["Defend_G","Defend_G","Defend_G","Defend_G","Defend_G","Survivor","Neutralize","A Thousand Cuts","Flying Knee","Cloak And Dagger","Escape Plan","Footwork","Prepared","All Out Attack","Infinite Blades","Cloak And Dagger","Dagger Throw","Unload","Escape Plan","Infinite Blades","Mayhem","Bite","Bite","Bite","Bite","Bite","Terror"],"relics":["Ring of the Snake","Centennial Puzzle","Pen Nib","Happy Flower","Bag of Preparation","Sozu","Membership Card"],"potions_floor_usage":[8,16,16],"damage_taken":[{"damage":1,"enemies":"Cultist","floor":1,"turns":5},{"damage":9,"enemies":"2 Louse","floor":2,"turns":4},{"damage":0,"enemies":"Small Slimes","floor":3,"turns":3},{"damage":3,"enemies":"Looter","floor":4,"turns":4},{"damage":17,"enemies":"Large Slime","floor":5,"turns":8},{"damage":34,"enemies":"Lagavulin","floor":6,"turns":10},{"damage":19,"enemies":"3 Sentries","floor":8,"turns":7},{"damage":27,"enemies":"Lagavulin","floor":11,"turns":6},{"damage":0,"enemies":"2 Fungi Beasts","floor":12,"turns":2},{"damage":0,"enemies":"Lots of Slimes","floor":14,"turns":1},{"damage":33,"enemies":"The Guardian","floor":16,"turns":11},{"damage":12,"enemies":"3 Byrds","floor":18,"turns":4},{"damage":0,"enemies":"Chosen","floor":22,"turns":4},{"damage":53,"enemies":"Book of Stabbing","floor":23,"turns":5}],"seed_played":"999710376052889271","potions_obtained":[{"floor":2,"key":"Swift Potion"},{"floor":3,"key":"SteroidPotion"},{"floor":6,"key":"Regen Potion"},{"floor":16,"key":"Swift Potion"}],"is_trial":false,"path_per_floor":["M","M","M","M","M","E","R","E","T","R","E","M","R","M","R","B",null,"M","$","$","?","M","E"],"character_chosen":"THE_SILENT","items_purchased":["Membership Card","Escape Plan","Infinite Blades","Mayhem"],"campfire_rested":3,"item_purchase_floors":[19,19,19,19],"current_hp_per_floor":[69,60,60,57,40,6,27,23,23,44,17,17,38,38,38,5,70,58,58,58,49,49,0],"gold":48,"neow_bonus":"THREE_RARE_CARDS","is_prod":false,"is_daily":false,"chose_seed":false,"campfire_upgraded":0,"win_rate":0,"timestamp":1549002401,"path_taken":["M","?","M","M","M","E","R","E","T","R","E","M","R","M","R","BOSS","M","?","$","?","M","E"],"build_version":"2019-01-23","purchased_purges":1,"victory":false,"max_hp_per_floor":[70,70,70,70,70,70,70,70,70,70,70,70,70,70,70,70,70,70,70,70,49,49,49],"card_choices":[{"not_picked":["Wraith Form v2","Tools of the Trade"],"picked":"A Thousand Cuts","floor":0},{"not_picked":["Setup","Dash"],"picked":"Flying Knee","floor":1},{"not_picked":["Dagger Throw","Underhanded Strike"],"picked":"Cloak And Dagger","floor":2},{"not_picked":["Outmaneuver","Choke"],"picked":"Escape Plan","floor":3},{"not_picked":["Sucker Punch","Poisoned Stab"],"picked":"Footwork","floor":4},{"not_picked":["Masterful Stab","PiercingWail"],"picked":"Prepared","floor":5},{"not_picked":["Finisher","Poisoned Stab"],"picked":"All Out Attack","floor":6},{"not_picked":["Deflect","Storm of Steel"],"picked":"Infinite Blades","floor":8},{"not_picked":["Dodge and Roll","Outmaneuver"],"picked":"Cloak And Dagger","floor":11},{"not_picked":["Deadly Poison","Predator"],"picked":"Dagger Throw","floor":12},{"not_picked":["Bane","Dodge and Roll","Heel Hook"],"picked":"SKIP","floor":14},{"not_picked":["Grand Finale","Wraith Form v2"],"picked":"Unload","floor":16},{"not_picked":["Slice","Acrobatics","Eviscerate"],"picked":"SKIP","floor":18},{"not_picked":["Deadly Poison","Cloak And Dagger"],"picked":"Terror","floor":22}],"player_experience":208105,"relics_obtained":[{"floor":6,"key":"Centennial Puzzle"},{"floor":8,"key":"Pen Nib"},{"floor":9,"key":"Happy Flower"},{"floor":11,"key":"Bag of Preparation"}],"event_choices":[{"damage_healed":0,"gold_gain":0,"player_choice":"Became a vampire","damage_taken":0,"max_hp_gain":0,"max_hp_loss":21,"event_name":"Vampires","floor":21,"gold_loss":0,"cards_obtained":["Bite","Bite","Bite","Bite","Bite"]}],"is_beta":false,"boss_relics":[{"not_picked":["Philosopher\u0027s Stone","Orrery"],"picked":"Sozu"}],"items_purged_floors":[19],"is_endless":false,"potions_floor_spawned":[2,3,6,16,18],"killed_by":"Book of Stabbing","ascension_level":4}