{"path_per_floor":["M","?","?","M","?","E","R","M","T","R","M","M","M","M","R","B",null,"M","?","?","M","$","R"],"character_chosen":"THE_SILENT","items_purchased":["Wraith Form","Calculated Gamble"],"gold_per_floor":[114,114,114,129,129,156,156,173,252,252,265,277,294,309,309,414,414,432,432,382,395,93,93],"floor_reached":24,"campfire_rested":4,"playtime":1245,"current_hp_per_floor":[65,51,51,51,51,10,31,28,28,49,49,39,32,32,53,4,54,34,34,34,16,16,37],"items_purged":["Regret"],"gold":93,"score":248,"play_id":"980bf1d3-8059-440b-9007-1a70780c7a11","is_prod":false,"is_daily":false,"is_ascension_mode":true,"campfire_upgraded":0,"path_taken":["M","?","?","M","?","E","R","?","T","R","?","M","M","M","R","BOSS","M","?","?","M","$","R","M"],"build_version":"2018-02-15-PROD1","purchased_purges":1,"victory":false,"master_deck":["Defend_G","Defend_G","Defend_G","Defend_G","Defend_G","Strike_G","Strike_G","Strike_G+1","Strike_G","Strike_G","Survivor+1","Neutralize+1","PiercingWail","Dagger Spray","Dagger Throw","Backstab","Deflect","Backflip","Predator+1","Quick Slash+1","Caltrops","Bullet Time","Decay","Injury","Injury","Dodge and Roll","Escape Plan","Wraith Form","Calculated Gamble"],"max_hp_per_floor":[70,70,70,70,70,70,70,70,70,70,70,70,70,70,70,70,70,70,70,70,70,70,70],"relics":["Ring of the Snake","Anchor","Dodecahedron","Molten Egg 2","Calling Bell","Meat on the Bone","Omamori","Mercury Hourglass"],"card_choices":[{"not_picked":["Underhanded Strike","Dagger Throw"],"picked":"PiercingWail"},{"not_picked":["Deflect","Outmaneuver"],"picked":"Dagger Spray"},{"not_picked":["Finisher","Wraith Form"],"picked":"Dagger Throw"},{"not_picked":["Finisher","Predator"],"picked":"Backstab"},{"not_picked":["Dagger Spray","Eviscerate"],"picked":"Deflect"},{"not_picked":["Finisher","Eviscerate"],"picked":"Backflip"},{"not_picked":["Backflip","Cloak And Dagger"],"picked":"Predator"},{"not_picked":["Dagger Spray","Accuracy"],"picked":"Quick Slash"},{"not_picked":["Endless Agony","Deflect"],"picked":"Caltrops"},{"not_picked":["Burst","Tools of the Trade"],"picked":"Bullet Time"},{"not_picked":["Underhanded Strike","Deadly Poison"],"picked":"Dodge and Roll"},{"not_picked":["PiercingWail","Blur"],"picked":"Escape Plan"}],"player_experience":221689,"potions_floor_usage":[6,16,16,18],"damage_taken":[{"damage":5,"enemies":"Jaw Worm","floor":1,"turns":7},{"damage":0,"enemies":"2 Louse","floor":4,"turns":2},{"damage":41,"enemies":"Lagavulin","floor":6,"turns":8},{"damage":3,"enemies":"Small Slimes","floor":8,"turns":3},{"damage":0,"enemies":"Blue Slaver","floor":11,"turns":4},{"damage":10,"enemies":"Exordium Wildlife","floor":12,"turns":5},{"damage":7,"enemies":"Gremlin Gang","floor":13,"turns":3},{"damage":0,"enemies":"Blue Slaver","floor":14,"turns":2},{"damage":49,"enemies":"Slime Boss","floor":16,"turns":11},{"damage":32,"enemies":"Shell Parasite","floor":18,"turns":7},{"damage":30,"enemies":"Chosen","floor":21,"turns":7},{"damage":28,"enemies":"Sentry and Sphere","floor":24,"turns":4}],"event_choices":[{"event_name":"Shining Light","player_choice":"Entered Light","floor":2,"damage_taken":0},{"event_name":"Living Wall","player_choice":"Grow","floor":3,"damage_taken":0},{"event_name":"Big Fish","player_choice":"Box","floor":5,"damage_taken":0},{"event_name":"Drug Dealer","player_choice":"Ignored","floor":19,"damage_taken":0},{"event_name":"The Joust","player_choice":"Bet on Murderer","floor":20,"damage_taken":0}],"boss_relics":[{"not_picked":["Runic Dome","Velvet Choker"],"picked":"Calling Bell"}],"potions_floor_spawned":[4,11,13,14,16],"seed_played":"-291667979367749578","killed_by":"Sentry and Sphere","ascension_level":5,"is_trial":false}