{"gold_per_floor":[115,126,35,55,66,66,81,81,81,110,11,28,28,28,28,133,133,146,162,7,106,9,39,39,59,59,10,10,42,42,42,42,140,140,159,6,0,0,0,32,42,42,42,6,21,21,40,59,59,59],"floor_reached":50,"playtime":1894,"items_purged":[],"score":685,"play_id":"7ff1c87c-c5b2-4570-b31b-4b38376b8d7c","local_time":"20190302182319","is_ascension_mode":true,"campfire_choices":[{"data":"Beam Cell","floor":6.0,"key":"SMITH"},{"data":"1","floor":13.0,"key":"LIFT"},{"data":"2","floor":15.0,"key":"LIFT"},{"data":"3","floor":24.0,"key":"LIFT"},{"data":"Go for the Eyes","floor":28.0,"key":"SMITH"},{"floor":32.0,"key":"REST"},{"floor":42.0,"key":"REST"},{"floor":46.0,"key":"REST"},{"floor":49,"key":"REST"}],"neow_cost":"PERCENT_DAMAGE","seed_source_timestamp":124066665690209,"circlet_count":0,"master_deck":["Defend_B","Defend_B","Defend_B","Defend_B","Zap","Dualcast","Ball Lightning","Sweeping Beam","Rebound","Sweeping Beam","Beam Cell+1","Hologram","Skim","Go for the Eyes+1","Cold Snap","Electrodynamics","Beam Cell","Steam+1","Leap","BootSequence","Darkness","Conserve Battery","Writhe","Thunder Strike","Rip and Tear","Sweeping Beam+1","Sweeping Beam+1","Capacitor+1","Barrage+1","Madness","Trip","Streamline","Ball Lightning","Doom and Gloom","Chill+1","Defragment"],"special_seed":0,"relics":["Cracked Core","Girya","StoneCalendar","Philosopher\u0027s Stone","PreservedInsect","Cables","Pear","Pantograph","Ornamental Fan","Orrery","Oddly Smooth Stone","Red Mask","Potion Belt","Torii"],"potions_floor_usage":[48,48,50,50,50],"damage_taken":[{"damage":1.0,"enemies":"Cultist","floor":1.0,"turns":3.0},{"damage":2.0,"enemies":"2 Louse","floor":2.0,"turns":3.0},{"damage":0.0,"enemies":"Small Slimes","floor":4.0,"turns":2.0},{"damage":1.0,"enemies":"Looter","floor":5.0,"turns":2.0},{"damage":9.0,"enemies":"Exordium Thugs","floor":7.0,"turns":3.0},{"damage":7.0,"enemies":"Gremlin Nob","floor":10.0,"turns":3.0},{"damage":2.0,"enemies":"2 Fungi Beasts","floor":12.0,"turns":3.0},{"damage":3.0,"enemies":"Slime Boss","floor":16.0,"turns":6.0},{"damage":0.0,"enemies":"Chosen","floor":18.0,"turns":3.0},{"damage":24.0,"enemies":"2 Thieves","floor":19.0,"turns":2.0},{"damage":5.0,"enemies":"Book of Stabbing","floor":23.0,"turns":3.0},{"damage":4.0,"enemies":"Centurion and Healer","floor":25.0,"turns":4.0},{"damage":9.0,"enemies":"Gremlin Leader","floor":29.0,"turns":5.0},{"damage":49.0,"enemies":"Collector","floor":33.0,"turns":10.0},{"damage":0.0,"enemies":"Orb Walker","floor":35.0,"turns":3.0},{"damage":59.0,"enemies":"Nemesis","floor":40.0,"turns":5.0},{"damage":14.0,"enemies":"3 Darklings","floor":41.0,"turns":5.0},{"damage":10.0,"enemies":"Maw","floor":45.0,"turns":7.0},{"damage":13.0,"enemies":"Jaw Worm Horde","floor":47.0,"turns":3.0},{"damage":14,"enemies":"Writhing Mass","floor":48,"turns":3},{"damage":88,"enemies":"Donu and Deca","floor":50,"turns":7}],"seed_played":"-3139397844555580053","potions_obtained":[{"floor":2.0,"key":"SpeedPotion"},{"floor":10.0,"key":"SkillPotion"},{"floor":16.0,"key":"GamblersBrew"},{"floor":29.0,"key":"Fruit Juice"},{"floor":33.0,"key":"Poison Potion"},{"floor":40.0,"key":"Ancient Potion"},{"floor":45.0,"key":"PowerPotion"},{"floor":47.0,"key":"AttackPotion"},{"floor":48,"key":"Energy Potion"}],"is_trial":false,"path_per_floor":["M","M","$","M","M","R","M","?","T","E","$","M","R","?","R","B",null,"M","M","$","?","$","E","R","M","T","$","R","E","?","T","R","B",null,"M","$","?","?","?","E","M","R","T","$","M","R","M","M","R","B"],"character_chosen":"DEFECT","items_purchased":["Rebound","Sweeping Beam","Go for the Eyes","Block Potion","PreservedInsect","Regen Potion","Leap","Conserve Battery","Oddly Smooth Stone","Doom and Gloom"],"campfire_rested":4,"item_purchase_floors":[3,3,11,11,20,22,22,27,36,44],"current_hp_per_floor":[53,51,51,51,50,50,41,41,41,34,34,32,32,32,32,29,75,75,51,51,51,51,46,46,42,52,52,52,60,60,60,87,41,90,90,90,90,90,80,21,7,34,34,34,24,51,38,24,51,0],"gold":59,"neow_bonus":"REMOVE_TWO","is_prod":false,"is_daily":false,"chose_seed":false,"campfire_upgraded":2,"win_rate":0,"timestamp":1551572599,"path_taken":["M","M","$","M","M","R","M","?","T","E","$","?","R","?","R","BOSS","M","M","?","?","$","E","R","M","T","$","R","E","?","?","R","BOSS","M","$","?","?","?","E","M","R","T","?","M","R","?","M","R","BOSS"],"build_version":"2019-01-23","purchased_purges":0,"victory":false,"max_hp_per_floor":[75,75,75,75,75,75,75,75,75,75,75,75,75,75,75,75,75,75,75,75,75,75,75,75,75,85,85,85,90,90,90,90,90,90,90,90,90,90,90,90,90,90,90,90,90,90,90,90,90,90],"card_choices":[{"not_picked":["Beam Cell","Double Energy"],"picked":"Ball Lightning","floor":1.0},{"not_picked":["Auto Shields","Reprogram"],"picked":"Sweeping Beam","floor":2.0},{"not_picked":["Lockon","Go for the Eyes"],"picked":"Beam Cell","floor":4.0},{"not_picked":["Leap","Ball Lightning"],"picked":"Hologram","floor":5.0},{"not_picked":["Meteor Strike","Turbo","Sweeping Beam"],"picked":"SKIP","floor":7.0},{"not_picked":["Hologram","Beam Cell"],"picked":"Skim","floor":10.0},{"not_picked":["Barrage","Rebound"],"picked":"Cold Snap","floor":12.0},{"not_picked":["All For One","Machine Learning"],"picked":"Electrodynamics","floor":16.0},{"not_picked":["Go for the Eyes","Stack"],"picked":"Beam Cell","floor":18.0},{"not_picked":["Aggregate","Cold Snap"],"picked":"Steam+1","floor":19.0},{"not_picked":["Chaos+1","Self Repair"],"picked":"BootSequence","floor":23.0},{"not_picked":["Coolheaded+1","Turbo"],"picked":"Darkness","floor":25.0},{"not_picked":["Cold Snap","Redo","Aggregate+1"],"picked":"SKIP","floor":29.0},{"not_picked":["Fission","Electrodynamics"],"picked":"Thunder Strike","floor":33.0},{"not_picked":["Blizzard","Conserve Battery+1"],"picked":"Rip and Tear","floor":34.0},{"not_picked":["Go for the Eyes","Leap"],"picked":"Gash+1","floor":34.0},{"not_picked":["Hello World","Conserve Battery"],"picked":"Sweeping Beam+1","floor":34.0},{"not_picked":["Rebound+1","Conserve Battery+1"],"picked":"Sweeping Beam+1","floor":34.0},{"not_picked":["Sunder","Coolheaded"],"picked":"Capacitor+1","floor":34.0},{"not_picked":["Force Field+1","Steam"],"picked":"Barrage+1","floor":35.0},{"not_picked":["Mind Blast","Jack Of All Trades"],"picked":"Madness","floor":39.0},{"not_picked":["Mind Blast","Apotheosis"],"picked":"Trip","floor":39.0},{"not_picked":["Beam Cell+1","Chaos+1"],"picked":"Streamline","floor":40.0},{"not_picked":["Barrage","Cold Snap"],"picked":"Ball Lightning","floor":41.0},{"not_picked":["Leap+1","Steam Power+1","Capacitor+1"],"picked":"SKIP","floor":45.0},{"not_picked":["Sweeping Beam+1","Go for the Eyes+1"],"picked":"Chill+1","floor":47.0},{"not_picked":["Sunder","Loop+1"],"picked":"Defragment","floor":48}],"player_experience":278546,"relics_obtained":[{"floor":9.0,"key":"Girya"},{"floor":10.0,"key":"StoneCalendar"},{"floor":23.0,"key":"Cables"},{"floor":26.0,"key":"Pear"},{"floor":29.0,"key":"Pantograph"},{"floor":40.0,"key":"Potion Belt"},{"floor":43.0,"key":"Torii"}],"event_choices":[{"cards_removed":["Strike_B"],"damage_healed":0.0,"max_hp_gain":0.0,"max_hp_loss":0.0,"gold_gain":0.0,"event_name":"Bonfire Elementals","player_choice":"Offered Basic","floor":8.0,"gold_loss":0.0,"damage_taken":0.0},{"cards_removed":["Strike_B"],"damage_healed":0.0,"max_hp_gain":0.0,"max_hp_loss":0.0,"gold_gain":0.0,"event_name":"Wheel of Change","player_choice":"Card Removal","floor":14.0,"gold_loss":0.0,"damage_taken":0.0},{"damage_healed":0.0,"max_hp_gain":0.0,"max_hp_loss":0.0,"gold_gain":99.0,"event_name":"Nest","player_choice":"Stole From Cult","floor":21.0,"gold_loss":0.0,"damage_taken":0.0},{"damage_healed":0.0,"max_hp_gain":0.0,"max_hp_loss":0.0,"gold_gain":0.0,"event_name":"The Mausoleum","player_choice":"Opened","floor":30.0,"gold_loss":0.0,"damage_taken":0.0,"relics_obtained":["Ornamental Fan"],"cards_obtained":["Writhe"]},{"damage_healed":0.0,"max_hp_gain":0.0,"max_hp_loss":0.0,"gold_gain":0.0,"event_name":"Tomb of Lord Red Mask","player_choice":"Paid","floor":37.0,"gold_loss":6.0,"damage_taken":0.0,"relics_obtained":["Red Mask"]},{"cards_removed":["Gash"],"damage_healed":0.0,"max_hp_gain":0.0,"max_hp_loss":0.0,"gold_gain":0.0,"event_name":"Falling","player_choice":"Removed Attack","floor":38.0,"gold_loss":0.0,"damage_taken":0.0},{"damage_healed":0.0,"max_hp_gain":0.0,"max_hp_loss":0.0,"gold_gain":0.0,"event_name":"SensoryStone","player_choice":"Memory 3","floor":39.0,"gold_loss":0.0,"damage_taken":10.0}],"is_beta":false,"boss_relics":[{"not_picked":["Eternal Feather","FrozenCore"],"picked":"Philosopher\u0027s Stone"},{"not_picked":["Tiny House","Astrolabe"],"picked":"Orrery"}],"items_purged_floors":[],"is_endless":false,"potions_floor_spawned":[2,10,12,16,29,33,40,45,47,48],"killed_by":"Donu and Deca","ascension_level":4}