{"gold_per_floor":[119,194,93,106,58,92,92,117,144,154,154,188,188,188,188,290,290,307,407,140,140,140,198,198,198,198,198,198,41,41,74,74,74],"floor_reached":33,"playtime":1146,"items_purged":["Defend_B","Sunder"],"score":505,"play_id":"0d576b27-2592-4eca-a864-d21d97d2fbb4","local_time":"20190124233324","is_ascension_mode":true,"campfire_choices":[{"data":"Coolheaded","floor":7,"key":"SMITH"},{"data":"Gash","floor":11,"key":"SMITH"},{"data":"Clawfect:ScrapingClaw","floor":15,"key":"SMITH"},{"data":"Panache","floor":25,"key":"SMITH"},{"data":"Clawfect:ClawAndGloom","floor":28,"key":"SMITH"},{"data":"BootSequence","floor":32,"key":"SMITH"}],"neow_cost":"NONE","seed_source_timestamp":42187312567634,"circlet_count":0,"master_deck":["Gash+1","Gash","Gash","Gash","Gash","Defend_B","Defend_B","Defend_B","Defend_B","Static Discharge","Coolheaded+1","Clawfect:ClawLightning","Clawfect:ClawForOne","Clawfect:ClawSnap","Clawfect:ClawAndGloom+1","Clawfect:ScrapingClaw+1","conspire:Rain","Clawfect:ClawLightning","Clawfect:ClawpileDriver","Clawfect:ClawCell","Clawfect:Clawrage","Panache+1","Clawfect:ClawpileDriver","BootSequence+1"],"relics":["Clawfect:DRClaw","NeowsBlessing","DataDisk","Ginger","PreservedInsect","Darkstone Periapt","Orrery","Tiny Chest","Ornamental Fan","Blue Candle","Boot","Omamori"],"potions_floor_usage":[33,33],"damage_taken":[{"damage":3,"enemies":"2 Louse","floor":1,"turns":2},{"damage":0,"enemies":"Cultist","floor":4,"turns":1},{"damage":0,"enemies":"Gremlin Nob","floor":6,"turns":1},{"damage":12,"enemies":"Lagavulin","floor":8,"turns":4},{"damage":0,"enemies":"Small Slimes","floor":10,"turns":3},{"damage":16,"enemies":"Gremlin Nob","floor":12,"turns":3},{"damage":4,"enemies":"Hexaghost","floor":16,"turns":5},{"damage":1,"enemies":"theJungle:GiantWrat","floor":18,"turns":4},{"damage":23,"enemies":"theJungle:Cassacara","floor":23,"turns":4},{"damage":0,"enemies":"theJungle:MamaSnecko","floor":31,"turns":3},{"damage":36,"enemies":"theJungle:TotemBoss","floor":33,"turns":4}],"seed_played":"-1953346416480369759","potions_obtained":[{"floor":4,"key":"LiquidBronze"},{"floor":6,"key":"SpeedPotion"},{"floor":8,"key":"SkillPotion"},{"floor":31,"key":"SkillPotion"}],"is_trial":false,"path_per_floor":["M","?","$","M","$","E","R","E","T","M","R","E","?","?","R","B",null,"M","?","$","?","?","E","T","R","T","T","R","$","$","E","R","B"],"character_chosen":"DEFECT","items_purchased":["Coolheaded","Clawfect:ClawLightning","Panache","Boot"],"campfire_rested":0,"item_purchase_floors":[3,5,20,29],"current_hp_per_floor":[65,58,58,58,58,58,58,46,46,46,46,30,30,30,30,26,63,62,57,57,52,52,29,29,29,29,29,29,29,29,29,29,0],"gold":74,"neow_bonus":"THREE_ENEMY_KILL","is_prod":false,"is_daily":false,"chose_seed":false,"campfire_upgraded":6,"win_rate":0,"timestamp":1548380004,"path_taken":["M","?","$","M","$","E","R","E","T","?","R","E","?","?","R","BOSS","M","?","$","?","?","E","?","R","T","?","R","?","$","E","R","BOSS"],"build_version":"2019-01-23","purchased_purges":2,"victory":false,"max_hp_per_floor":[75,75,75,75,75,75,75,75,75,75,75,75,75,75,75,75,75,75,75,75,80,80,80,80,80,80,80,80,80,80,80,80,80],"card_choices":[{"not_picked":["Clawfect:Clawter","Fusion"],"picked":"Static Discharge","floor":1},{"not_picked":["Redo","Clawfect:ClawingBeam"],"picked":"Sunder","floor":4},{"not_picked":["Auto Shields","Clawfect:ScrapingClaw"],"picked":"Clawfect:ClawForOne","floor":6},{"not_picked":["Coolheaded","Reprogram"],"picked":"Clawfect:ClawSnap","floor":8},{"not_picked":["Clawfect:ClawingBeam","Reinforced Body"],"picked":"Clawfect:ClawAndGloom","floor":10},{"not_picked":["Undo","Hello World"],"picked":"Clawfect:ScrapingClaw","floor":12},{"not_picked":["Hyperbeam","Machine Learning"],"picked":"conspire:Rain","floor":16},{"not_picked":["Aggregate","Clawfect:Clawter"],"picked":"Clawfect:ClawLightning","floor":17},{"not_picked":["Rebound","Loop"],"picked":"Clawfect:ClawpileDriver","floor":17},{"not_picked":["Turbo","Clawfect:ScrapingClaw"],"picked":"Clawfect:ClawCell","floor":17},{"not_picked":["Leap","Rebound"],"picked":"Clawfect:Clawrage","floor":18},{"not_picked":["Static Discharge+1","Gash"],"picked":"Clawfect:ClawpileDriver","floor":23},{"not_picked":["Hologram","Steam+1"],"picked":"BootSequence","floor":31}],"player_experience":976939,"relics_obtained":[{"floor":6,"key":"DataDisk"},{"floor":8,"key":"Ginger"},{"floor":9,"key":"PreservedInsect"},{"floor":12,"key":"Darkstone Periapt"},{"floor":23,"key":"Tiny Chest"},{"floor":24,"key":"Ornamental Fan"},{"floor":27,"key":"Blue Candle"},{"floor":31,"key":"Omamori"}],"event_choices":[{"damage_healed":0,"gold_gain":75,"player_choice":"Touch","damage_taken":7,"max_hp_gain":0,"max_hp_loss":0,"event_name":"FaceTrader","floor":2,"gold_loss":0},{"damage_healed":0,"gold_gain":0,"player_choice":"Searched \u00271\u0027 times","damage_taken":0,"max_hp_gain":0,"max_hp_loss":0,"event_name":"Dead Adventurer","floor":13,"gold_loss":0},{"damage_healed":0,"gold_gain":0,"player_choice":"Ignored","damage_taken":0,"max_hp_gain":0,"max_hp_loss":0,"event_name":"Liars Game","floor":14,"gold_loss":0}],"is_beta":true,"boss_relics":[{"not_picked":["conspire:SlowCooker","Calling Bell"],"picked":"Orrery"}],"items_purged_floors":[3,20],"is_endless":false,"potions_floor_spawned":[4,6,8,31],"killed_by":"theJungle:TotemBoss","ascension_level":8}