{"gold_per_floor":[363,363,16,30,47,47,76,76,76,103,130,130,165,181,181,279,279,294,1,16,32,32,64,64,97,144,175,175,188,199,199,199,302,302,322,252,252,352,370,400,416,416,465,465,497,497,531,551,551,551],"floor_reached":51,"playtime":2111,"items_purged":["Strike_R","Doubt"],"score":1270,"play_id":"97655e57-52f6-410a-9049-fcc4116203a4","local_time":"20190315212158","is_ascension_mode":true,"campfire_choices":[{"data":"Inflame","floor":6,"key":"SMITH"},{"data":"Armaments","floor":8,"key":"SMITH"},{"data":"Uppercut","floor":12,"key":"SMITH"},{"floor":15,"key":"REST"},{"data":"Seeing Red","floor":28,"key":"SMITH"},{"data":"Inflame","floor":32,"key":"SMITH"},{"data":"Metallicize","floor":42,"key":"SMITH"},{"data":"Pummel","floor":44,"key":"SMITH"},{"data":"Madness","floor":49,"key":"SMITH"}],"neow_cost":"TEN_PERCENT_HP_LOSS","seed_source_timestamp":39247840304208,"circlet_count":0,"master_deck":["Strike_R","Strike_R+1","Strike_R+1","Strike_R","Defend_R","Defend_R","Defend_R","Defend_R","Bash","Perfected Strike","Bash","Dropkick","Inflame+1","Armaments+1","Metallicize+1","Spot Weakness","Whirlwind","Dropkick","Uppercut+1","True Grit","Offering","Seeing Red+1","Ghostly Armor","Demon Form","Sword Boomerang","Blind","Inflame+1","Bash","Shrug It Off","Shockwave","Impervious","Parasite","Pummel+1","Heavy Blade","Shrug It Off+1","Clothesline+1","Madness+1","Madness"],"relics":["Burning Blood","Membership Card","PreservedInsect","WingedGreaves","Bottled Lightning","Vajra","Ice Cream","Omamori","Sozu","Lantern","Bronze Scales","Lee\u0027s Waffle","Necronomicon","Red Skull","Orichalcum","Blood Vial","Potion Belt","Happy Flower","Calling Bell","Ancient Tea Set","Meat on the Bone","Calipers","Du-Vu Doll","Charon\u0027s Ashes","Whetstone","Bird Faced Urn","The Courier"],"potions_floor_usage":[23,35],"damage_taken":[{"damage":0,"enemies":"Small Slimes","floor":1,"turns":3},{"damage":0,"enemies":"Cultist","floor":4,"turns":2},{"damage":0,"enemies":"2 Louse","floor":5,"turns":2},{"damage":16,"enemies":"Gremlin Nob","floor":7,"turns":3},{"damage":19,"enemies":"3 Sentries","floor":10,"turns":5},{"damage":17,"enemies":"Lagavulin","floor":11,"turns":5},{"damage":22,"enemies":"3 Sentries","floor":13,"turns":4},{"damage":11,"enemies":"Exordium Wildlife","floor":14,"turns":3},{"damage":19,"enemies":"Hexaghost","floor":16,"turns":8},{"damage":5,"enemies":"Shell Parasite","floor":18,"turns":4},{"damage":15,"enemies":"Spheric Guardian","floor":20,"turns":3},{"damage":13,"enemies":"Snake Plant","floor":21,"turns":3},{"damage":1,"enemies":"Book of Stabbing","floor":23,"turns":2},{"damage":0,"enemies":"Gremlin Leader","floor":25,"turns":3},{"damage":6,"enemies":"Slavers","floor":27,"turns":4},{"damage":6,"enemies":"Centurion and Healer","floor":29,"turns":4},{"damage":6,"enemies":"Snecko","floor":30,"turns":4},{"damage":21,"enemies":"Collector","floor":33,"turns":5},{"damage":31,"enemies":"3 Darklings","floor":35,"turns":4},{"damage":0,"enemies":"Mind Bloom Boss Battle","floor":38,"turns":5},{"damage":0,"enemies":"3 Shapes","floor":39,"turns":2},{"damage":9,"enemies":"Giant Head","floor":40,"turns":4},{"damage":9,"enemies":"Transient","floor":41,"turns":5},{"damage":6,"enemies":"Nemesis","floor":45,"turns":1},{"damage":0,"enemies":"Giant Head","floor":47,"turns":4},{"damage":0,"enemies":"Sphere and 2 Shapes","floor":48,"turns":1},{"damage":64,"enemies":"Donu and Deca","floor":50,"turns":6}],"seed_played":"3288725918890392525","potions_obtained":[{"floor":4,"key":"SpeedPotion"},{"floor":13,"key":"GamblersBrew"},{"floor":16,"key":"SkillPotion"}],"is_trial":false,"path_per_floor":["M","?","$","M","M","R","E","R","T","E","E","R","E","M","R","B",null,"M","$","M","M","?","E","?","E","T","E","R","M","M","?","R","B",null,"M","$","?","?","M","E","M","R","T","R","E","?","E","M","R","B",null],"character_chosen":"IRONCLAD","items_purchased":["Membership Card","PreservedInsect","Inflame","Armaments","Lantern","Bronze Scales","Lee\u0027s Waffle","Pummel"],"campfire_rested":1,"item_purchase_floors":[3,3,3,3,19,19,19,36],"current_hp_per_floor":[72,72,72,72,72,72,62,62,62,49,38,38,22,17,38,25,60,61,79,70,63,47,52,52,58,58,60,60,62,64,64,64,51,72,49,49,49,57,65,64,63,63,63,63,65,55,67,75,75,35],"gold":551,"neow_bonus":"TWO_FIFTY_GOLD","is_prod":false,"is_daily":false,"chose_seed":false,"campfire_upgraded":8,"win_rate":0,"timestamp":1552684918,"path_taken":["M","?","$","M","M","R","E","R","T","E","E","R","E","M","R","BOSS","M","$","M","M","?","E","?","E","T","E","R","M","?","?","R","BOSS","M","$","?","?","M","E","?","R","T","R","E","?","E","M","R","BOSS"],"build_version":"2019-01-23","purchased_purges":2,"victory":true,"max_hp_per_floor":[72,72,72,72,72,72,72,72,72,72,72,72,72,72,72,72,72,72,79,79,79,79,79,79,79,79,79,79,79,79,79,79,79,79,79,79,79,79,79,79,79,79,79,79,79,79,79,79,79,79],"card_choices":[{"not_picked":["Cleave","Burning Pact"],"picked":"Perfected Strike","floor":1},{"not_picked":["Shrug It Off","Entrench"],"picked":"Metallicize","floor":4},{"not_picked":["Anger","Evolve"],"picked":"Spot Weakness","floor":5},{"not_picked":["Evolve","Headbutt"],"picked":"Whirlwind","floor":7},{"not_picked":["Body Slam","Twin Strike"],"picked":"Dropkick","floor":10},{"not_picked":["Evolve","Clash"],"picked":"Uppercut","floor":11},{"not_picked":["Combust","Infernal Blade"],"picked":"True Grit","floor":13},{"not_picked":["Combust","Thunderclap","Pummel"],"picked":"SKIP","floor":14},{"not_picked":["Exhume","Brutality"],"picked":"Offering","floor":16},{"not_picked":["Warcry","Clash"],"picked":"Seeing Red","floor":18},{"not_picked":["Armaments","Flex"],"picked":"Ghostly Armor","floor":20},{"not_picked":["Cleave","Reckless Charge"],"picked":"Demon Form","floor":21},{"not_picked":["Combust+1","Bludgeon"],"picked":"Sword Boomerang","floor":23},{"not_picked":["Pommel Strike+1","Armaments","Wild Strike"],"picked":"SKIP","floor":25},{"not_picked":["Dual Wield","Second Wind+1"],"picked":"Shrug It Off","floor":27},{"not_picked":["Wild Strike","Uppercut","Sever Soul"],"picked":"SKIP","floor":29},{"not_picked":["Flex+1","Headbutt"],"picked":"Shockwave","floor":30},{"not_picked":["Dark Embrace","Offering"],"picked":"Impervious","floor":33},{"not_picked":["Headbutt","Perfected Strike","Thunderclap"],"picked":"SKIP","floor":35},{"not_picked":["Burning Pact","Havoc"],"picked":"Heavy Blade","floor":38},{"not_picked":["Inflame","Searing Blow"],"picked":"Shrug It Off+1","floor":39},{"not_picked":["Bludgeon","Flex+1","Inflame+1"],"picked":"SKIP","floor":40},{"not_picked":["Heavy Blade","Iron Wave"],"picked":"Clothesline+1","floor":41},{"not_picked":["Rampage","Anger+1","Cleave"],"picked":"SKIP","floor":45},{"not_picked":["Armaments+1","Cleave","Clash+1"],"picked":"SKIP","floor":47},{"not_picked":["Flex+1","Clothesline","Feel No Pain"],"picked":"SKIP","floor":48}],"player_experience":184058,"relics_obtained":[{"floor":7,"key":"WingedGreaves"},{"floor":9,"key":"Bottled Lightning"},{"floor":10,"key":"Vajra"},{"floor":11,"key":"Ice Cream"},{"floor":13,"key":"Omamori"},{"floor":22,"key":"Necronomicon"},{"floor":23,"key":"Red Skull"},{"floor":25,"key":"Orichalcum"},{"floor":26,"key":"Blood Vial"},{"floor":27,"key":"Potion Belt"},{"floor":34,"key":"Ancient Tea Set"},{"floor":34,"key":"Meat on the Bone"},{"floor":34,"key":"Calipers"},{"floor":38,"key":"Du-Vu Doll"},{"floor":40,"key":"Charon\u0027s Ashes"},{"floor":43,"key":"Whetstone"},{"floor":45,"key":"Bird Faced Urn"},{"floor":47,"key":"The Courier"}],"event_choices":[{"damage_healed":0,"gold_gain":0,"player_choice":"2 cards matched","damage_taken":0,"max_hp_gain":0,"max_hp_loss":0,"event_name":"Match and Keep!","floor":2,"gold_loss":0,"cards_obtained":["Bash","Dropkick"]},{"damage_healed":0,"gold_gain":0,"player_choice":"Obtained Book","damage_taken":16,"max_hp_gain":0,"max_hp_loss":0,"event_name":"Cursed Tome","floor":22,"gold_loss":0},{"damage_healed":0,"gold_gain":0,"player_choice":"3 cards matched","damage_taken":0,"max_hp_gain":0,"max_hp_loss":0,"event_name":"Match and Keep!","floor":24,"gold_loss":0,"cards_obtained":["Blind","Inflame","Bash"]},{"damage_healed":0,"gold_gain":0,"player_choice":"3 cards matched","damage_taken":0,"max_hp_gain":0,"max_hp_loss":0,"event_name":"Match and Keep!","floor":24,"gold_loss":0,"cards_obtained":["Blind","Inflame","Bash"]},{"damage_healed":0,"gold_gain":0,"player_choice":"Opened","damage_taken":0,"relics_obtained":["Happy Flower"],"max_hp_gain":0,"max_hp_loss":0,"event_name":"The Mausoleum","floor":31,"gold_loss":0},{"damage_healed":0,"gold_gain":0,"player_choice":"Ignored","damage_taken":0,"max_hp_gain":0,"max_hp_loss":0,"event_name":"Tomb of Lord Red Mask","floor":37,"gold_loss":0},{"damage_healed":0,"gold_gain":0,"player_choice":"Fight","damage_taken":0,"max_hp_gain":0,"max_hp_loss":0,"event_name":"MindBloom","floor":38,"gold_loss":0},{"damage_healed":0,"gold_gain":0,"player_choice":"Embrace Madness","damage_taken":10,"max_hp_gain":0,"max_hp_loss":0,"event_name":"Winding Halls","floor":46,"gold_loss":0,"cards_obtained":["Madness","Madness"]}],"is_beta":false,"boss_relics":[{"not_picked":["Busted Crown","Snecko Eye"],"picked":"Sozu"},{"not_picked":["Runic Dome","Philosopher\u0027s Stone"],"picked":"Calling Bell"}],"items_purged_floors":[19,36],"is_endless":false,"potions_floor_spawned":[4,13,16,18,21,27,33,35,38,45],"ascension_level":5}