{"gold_per_floor":[118,218,235,248,248,248,265,276,302,332,332,345,345,345,345,345],"floor_reached":16,"playtime":574,"items_purged":[],"score":102,"play_id":"c135276b-d7c8-4516-87b8-ba1fc5a39967","local_time":"20190203170057","is_ascension_mode":false,"campfire_choices":[{"data":"Shrug It Off","floor":6,"key":"SMITH"},{"data":"Clothesline","floor":11,"key":"SMITH"},{"data":"Fiend Fire","floor":13,"key":"SMITH"},{"data":"Flame Barrier","floor":15,"key":"SMITH"}],"neow_cost":"NONE","seed_source_timestamp":400951257611362,"circlet_count":0,"master_deck":["Strike_R","Strike_R","Strike_R","Strike_R","Defend_R","Defend_R","Defend_R+1","Defend_R+1","Bash+1","Inflame","Shrug It Off+1","Clothesline+1","Headbutt","Flame Barrier+1","Fiend Fire+1"],"relics":["Burning Blood","NeowsBlessing","War Paint","Blood Vial"],"potions_floor_usage":[16],"damage_taken":[{"damage":0,"enemies":"Jaw Worm","floor":1,"turns":1},{"damage":0,"enemies":"Cultist","floor":3,"turns":1},{"damage":0,"enemies":"2 Louse","floor":4,"turns":1},{"damage":16,"enemies":"2 Fungi Beasts","floor":7,"turns":4},{"damage":5,"enemies":"Exordium Thugs","floor":8,"turns":6},{"damage":25,"enemies":"3 Sentries","floor":10,"turns":11},{"damage":12,"enemies":"Gremlin Gang","floor":12,"turns":5},{"damage":50,"enemies":"Slime Boss","floor":16,"turns":12}],"seed_played":"7672911299239439485","potions_obtained":[{"floor":3,"key":"Swift Potion"},{"floor":4,"key":"GamblersBrew"},{"floor":8,"key":"Weak Potion"}],"is_trial":false,"path_per_floor":["M","?","M","M","?","R","M","M","T","E","R","M","R","?","R","B"],"character_chosen":"IRONCLAD","items_purchased":[],"campfire_rested":0,"item_purchase_floors":[],"current_hp_per_floor":[80,80,80,80,73,73,63,64,64,45,45,41,41,41,41,0],"gold":345,"neow_bonus":"THREE_ENEMY_KILL","is_prod":false,"is_daily":false,"chose_seed":false,"campfire_upgraded":4,"win_rate":0.0,"timestamp":1549234857,"path_taken":["M","?","?","M","?","R","M","M","T","E","R","M","R","?","R","BOSS"],"build_version":"2019-01-23","purchased_purges":0,"victory":false,"max_hp_per_floor":[80,80,80,80,80,80,80,80,80,80,80,80,80,80,80,80],"card_choices":[{"not_picked":["Flex","Power Through","Combust"],"picked":"SKIP","floor":1},{"not_picked":["Armaments","Anger"],"picked":"Inflame","floor":3},{"not_picked":["Rampage","Perfected Strike"],"picked":"Shrug It Off","floor":4},{"not_picked":["Carnage","True Grit"],"picked":"Clothesline","floor":7},{"not_picked":["Spot Weakness","Shrug It Off"],"picked":"Headbutt","floor":8},{"not_picked":["Burning Pact","Perfected Strike"],"picked":"Flame Barrier","floor":10},{"not_picked":["Clash","Infernal Blade"],"picked":"Fiend Fire","floor":12}],"player_experience":113077,"relics_obtained":[{"floor":9,"key":"War Paint"},{"floor":10,"key":"Blood Vial"}],"event_choices":[{"damage_healed":0,"gold_gain":100,"player_choice":"Pray","damage_taken":0,"max_hp_gain":0,"max_hp_loss":0,"event_name":"Golden Shrine","floor":2,"gold_loss":0},{"cards_removed":["Strike_R"],"damage_healed":0,"gold_gain":0,"player_choice":"Card Removal","damage_taken":7,"max_hp_gain":0,"max_hp_loss":0,"event_name":"Golden Wing","floor":5,"gold_loss":0},{"damage_healed":0,"gold_gain":0,"player_choice":"Forge","damage_taken":0,"max_hp_gain":0,"max_hp_loss":0,"event_name":"Accursed Blacksmith","floor":14,"gold_loss":0,"cards_upgraded":["Bash"]}],"is_beta":false,"boss_relics":[],"items_purged_floors":[],"is_endless":false,"potions_floor_spawned":[3,4,8],"killed_by":"Slime Boss","ascension_level":0}