{"gold_per_floor":[119,52,65,65,76,76,105,30,81,31,31,46,46,46,46,166,166,179,32,32,48,48,48,67,67,67,67,80,111,128,3,3,99,99,113,129,48,48,0,0,18,18,44,94,94,94],"floor_reached":46,"playtime":1670,"items_purged":["Strike_B","Strike_B","Strike_B"],"score":434,"play_id":"89aec07d-32d1-4c7b-860d-63e479c319ce","local_time":"20190205222611","is_ascension_mode":false,"campfire_choices":[{"data":"White Noise","floor":6,"key":"SMITH"},{"data":"Hologram","floor":11,"key":"SMITH"},{"floor":15,"key":"REST"},{"data":"Electrodynamics","floor":23,"key":"SMITH"},{"floor":32,"key":"REST"},{"data":"Defragment","floor":40,"key":"SMITH"},{"data":"Consume","floor":42,"key":"SMITH"}],"neow_cost":"NONE","seed_source_timestamp":453134821096836,"circlet_count":0,"master_deck":["Defend_B","Defend_B","Defend_B","Defend_B","Zap","Dualcast+1","Auto Shields","FTL+1","White Noise+1","Hologram+1","Ball Lightning","Self Repair","Electrodynamics+1","Conserve Battery","Coolheaded","Streamline+1","Static Discharge","Defragment+1","Ball Lightning","BootSequence+1","Machine Learning","Consume+1","Sweeping Beam+1","Self Repair","Static Discharge+1"],"relics":["Cracked Core","FaceOfCleric","Pen Nib","Boot","Bloody Idol","Philosopher\u0027s Stone","Bag of Preparation","Kunai","Regal Pillow","Inserter","Girya","Oddly Smooth Stone","Peace Pipe"],"potions_floor_usage":[0,16,29,29,33,33,44],"damage_taken":[{"damage":1,"enemies":"Jaw Worm","floor":1,"turns":3},{"damage":1,"enemies":"Cultist","floor":3,"turns":3},{"damage":0,"enemies":"Small Slimes","floor":5,"turns":3},{"damage":30,"enemies":"3 Sentries","floor":7,"turns":8},{"damage":8,"enemies":"3 Louse","floor":12,"turns":3},{"damage":49,"enemies":"Hexaghost","floor":16,"turns":11},{"damage":0,"enemies":"Spheric Guardian","floor":18,"turns":3},{"damage":32,"enemies":"3 Byrds","floor":21,"turns":3},{"damage":7,"enemies":"3 Cultists","floor":24,"turns":4},{"damage":1,"enemies":"Snecko","floor":28,"turns":4},{"damage":36,"enemies":"Slavers","floor":29,"turns":3},{"damage":20,"enemies":"Snake Plant","floor":30,"turns":3},{"damage":9,"enemies":"Collector","floor":33,"turns":8},{"damage":0,"enemies":"3 Shapes","floor":35,"turns":3},{"damage":33,"enemies":"3 Darklings","floor":36,"turns":2},{"damage":21,"enemies":"4 Shapes","floor":41,"turns":2},{"damage":42,"enemies":"2 Orb Walkers","floor":44,"turns":3},{"damage":48,"enemies":"Spire Growth","floor":46,"turns":3}],"seed_played":"-6781093153206006041","potions_obtained":[{"floor":0,"key":"Regen Potion"},{"floor":0,"key":"Explosive Potion"},{"floor":0,"key":"Fruit Juice"},{"floor":3,"key":"Ancient Potion"},{"floor":18,"key":"AttackPotion"},{"floor":30,"key":"Swift Potion"},{"floor":35,"key":"Swift Potion"}],"is_trial":false,"path_per_floor":["M","$","M","?","M","R","E","$","T","?","R","M","?","?","R","B",null,"M","$","?","M","$","R","M","?","T","?","M","E","M","$","R","B",null,"M","M","$","?","$","R","M","R","T","?","?","M"],"character_chosen":"DEFECT","items_purchased":["FTL","Coolheaded","Self Repair","PowerPotion"],"campfire_rested":2,"item_purchase_floors":[2,19,37,39],"current_hp_per_floor":[79,79,78,78,79,79,50,50,50,50,50,43,26,26,49,23,78,79,79,79,53,53,53,59,59,59,59,71,41,27,27,67,71,85,86,66,66,66,66,66,65,65,70,41,41,0],"gold":94,"neow_bonus":"THREE_SMALL_POTIONS","is_prod":false,"is_daily":false,"chose_seed":false,"campfire_upgraded":5,"win_rate":0,"timestamp":1549427171,"path_taken":["M","$","M","?","?","R","E","?","T","?","R","M","?","?","R","BOSS","M","$","?","M","$","R","M","?","T","?","M","E","M","?","R","BOSS","M","M","$","?","$","R","?","R","T","?","?","M"],"build_version":"2019-01-23","purchased_purges":3,"victory":false,"max_hp_per_floor":[80,80,80,80,81,81,82,82,82,82,82,83,83,77,77,78,78,79,79,79,80,80,80,81,81,81,81,82,83,84,84,84,85,85,86,87,87,87,87,87,88,88,88,89,85,85],"card_choices":[{"not_picked":["Leap","Redo"],"picked":"Auto Shields","floor":1},{"not_picked":["Go for the Eyes","Streamline"],"picked":"White Noise","floor":3},{"not_picked":["Gash","Recycle"],"picked":"Hologram","floor":5},{"not_picked":["Streamline","Hologram"],"picked":"Ball Lightning","floor":7},{"not_picked":["Reprogram","Fusion"],"picked":"Self Repair","floor":12},{"not_picked":["Meteor Strike","Thunder Strike"],"picked":"Electrodynamics","floor":16},{"not_picked":["Cold Snap","Compile Driver+1"],"picked":"Conserve Battery","floor":18},{"not_picked":["Conserve Battery+1","Cold Snap"],"picked":"Streamline+1","floor":21},{"not_picked":["Blizzard","Redo"],"picked":"Static Discharge","floor":24},{"not_picked":["Stack","Coolheaded","Rip and Tear+1"],"picked":"SKIP","floor":28},{"not_picked":["Aggregate","Lockon"],"picked":"Ball Lightning","floor":29},{"not_picked":["Glacier+1","Barrage"],"picked":"BootSequence+1","floor":30},{"not_picked":["Fission","All For One"],"picked":"Machine Learning","floor":33},{"not_picked":["Coolheaded+1","Undo+1"],"picked":"Consume","floor":35},{"not_picked":["Barrage+1","Rip and Tear+1"],"picked":"Sweeping Beam+1","floor":36},{"not_picked":["Genetic Algorithm+1","Auto Shields"],"picked":"Static Discharge+1","floor":41}],"player_experience":126007,"relics_obtained":[{"floor":7,"key":"Pen Nib"},{"floor":9,"key":"Boot"},{"floor":26,"key":"Kunai"},{"floor":29,"key":"Regal Pillow"},{"floor":43,"key":"Oddly Smooth Stone"},{"floor":44,"key":"Peace Pipe"}],"event_choices":[{"damage_healed":0,"gold_gain":0,"player_choice":"Trade","damage_taken":0,"relics_obtained":["FaceOfCleric"],"max_hp_gain":0,"max_hp_loss":0,"event_name":"FaceTrader","floor":4,"gold_loss":0},{"cards_removed":["Strike_B"],"damage_healed":0,"gold_gain":0,"player_choice":"Card Removal","damage_taken":0,"max_hp_gain":0,"max_hp_loss":0,"event_name":"The Cleric","floor":10,"gold_loss":50},{"damage_healed":0,"gold_gain":0,"player_choice":"Entered Light","damage_taken":17,"max_hp_gain":0,"max_hp_loss":0,"event_name":"Shining Light","floor":13,"gold_loss":0,"cards_upgraded":["Dualcast","FTL"]},{"damage_healed":0,"gold_gain":0,"player_choice":"Lose Max HP","damage_taken":0,"relics_obtained":["Golden Idol"],"max_hp_gain":0,"max_hp_loss":6,"event_name":"Golden Idol","floor":14,"gold_loss":0},{"damage_healed":0,"gold_gain":0,"player_choice":"Gave Idol","damage_taken":0,"relics_obtained":["Bloody Idol"],"max_hp_gain":0,"max_hp_loss":0,"event_name":"Forgotten Altar","floor":20,"relics_lost":["Golden Idol"],"gold_loss":0},{"damage_healed":0,"gold_gain":0,"player_choice":"Opened","damage_taken":0,"relics_obtained":["Bag of Preparation"],"max_hp_gain":0,"max_hp_loss":0,"event_name":"The Mausoleum","floor":25,"gold_loss":0},{"damage_healed":0,"gold_gain":0,"player_choice":"Read","damage_taken":0,"max_hp_gain":0,"max_hp_loss":0,"event_name":"The Library","floor":27,"gold_loss":0,"cards_obtained":["Defragment"]},{"damage_healed":0,"gold_gain":0,"player_choice":"Gave Potion","damage_taken":0,"relics_obtained":["Girya"],"max_hp_gain":0,"max_hp_loss":0,"event_name":"WeMeetAgain","floor":38,"gold_loss":0},{"damage_healed":0,"gold_gain":0,"player_choice":"Fight","damage_taken":0,"max_hp_gain":0,"max_hp_loss":0,"event_name":"Mysterious Sphere","floor":44,"gold_loss":0},{"damage_healed":0,"gold_gain":0,"player_choice":"Max HP","damage_taken":0,"max_hp_gain":0,"max_hp_loss":4,"event_name":"Winding Halls","floor":45,"gold_loss":0}],"is_beta":false,"boss_relics":[{"not_picked":["Snecko Eye","Empty Cage"],"picked":"Philosopher\u0027s Stone"},{"not_picked":["Calling Bell","Fusion Hammer"],"picked":"Inserter"}],"items_purged_floors":[8,19,31],"is_endless":false,"potions_floor_spawned":[3,5,7,18,28,30,35],"killed_by":"Spire Growth","ascension_level":0}