{"gold_per_floor":[114,131,9,29,48,48,65,65,65,65,84,117,127,56,56,160,160,175,3,16,34,34,34],"floor_reached":23,"playtime":14275,"items_purged":["Strike_B","Strike_B"],"score":195,"play_id":"728f0f62-a1d3-48d9-a7a7-54644990b7f4","local_time":"20190312224625","is_ascension_mode":false,"campfire_choices":[{"floor":6,"key":"DIG"},{"floor":8,"key":"DIG"},{"floor":10,"key":"DIG"},{"floor":15,"key":"REST"}],"neow_cost":"PERCENT_DAMAGE","seed_source_timestamp":329414874621000,"circlet_count":0,"master_deck":["Strike_B","Strike_B","Defend_B","Defend_B","Defend_B","Defend_B","Zap","Dualcast","Ball Lightning","Gash","Gash","Redo","Lockon","Beam Cell","Steam","Gash","FTL","Seek","FTL","Scrape","White Noise+1","Rebound","White Noise+1"],"relics":["Cracked Core","Shovel","Mango","Question Card","Ornamental Fan","Pen Nib","Orichalcum","Black Star"],"potions_floor_usage":[11,11,12,16],"damage_taken":[{"damage":1,"enemies":"Cultist","floor":1,"turns":4},{"damage":6,"enemies":"Jaw Worm","floor":2,"turns":2},{"damage":0,"enemies":"Small Slimes","floor":4,"turns":2},{"damage":1,"enemies":"3 Louse","floor":5,"turns":3},{"damage":6,"enemies":"Red Slaver","floor":7,"turns":3},{"damage":0,"enemies":"Gremlin Gang","floor":11,"turns":2},{"damage":27,"enemies":"Lagavulin","floor":12,"turns":4},{"damage":4,"enemies":"Looter","floor":13,"turns":2},{"damage":26,"enemies":"The Guardian","floor":16,"turns":9},{"damage":7,"enemies":"Shell Parasite","floor":18,"turns":5},{"damage":22,"enemies":"2 Thieves","floor":20,"turns":4},{"damage":41,"enemies":"Snecko","floor":21,"turns":6},{"damage":21,"enemies":"Slavers","floor":23,"turns":1}],"seed_played":"7143483780407974988","potions_obtained":[{"floor":2,"key":"AttackPotion"},{"floor":4,"key":"PowerPotion"},{"floor":7,"key":"Regen Potion"},{"floor":13,"key":"Strength Potion"}],"is_trial":false,"path_per_floor":["M","M","$","M","M","R","M","R","T","R","M","E","M","$","R","B",null,"M","$","M","M","?","E"],"character_chosen":"DEFECT","items_purchased":["Gash","FTL","Scrape"],"campfire_rested":1,"item_purchase_floors":[3,14,19],"current_hp_per_floor":[53,47,47,47,46,60,54,54,54,54,54,36,32,32,58,32,89,82,82,60,19,19,0],"gold":34,"neow_bonus":"ONE_RARE_RELIC","is_prod":false,"is_daily":false,"chose_seed":false,"campfire_upgraded":0,"win_rate":0.0,"timestamp":1552452385,"path_taken":["M","M","$","?","M","R","M","R","T","R","M","E","M","$","R","BOSS","M","$","M","M","?","E"],"build_version":"2019-01-23","purchased_purges":2,"victory":false,"max_hp_per_floor":[75,75,75,75,75,89,89,89,89,89,89,89,89,89,89,89,89,89,89,89,89,89,89],"card_choices":[{"not_picked":["Static Discharge","Loop"],"picked":"Ball Lightning","floor":1},{"not_picked":["Turbo","Heatsinks"],"picked":"Gash","floor":2},{"not_picked":["Stack","Barrage"],"picked":"Redo","floor":4},{"not_picked":["Glacier","Compile Driver","Sunder"],"picked":"SKIP","floor":5},{"not_picked":["Barrage","Beam Cell"],"picked":"Lockon","floor":7},{"not_picked":["Meteor Strike","Conserve Battery","Heatsinks"],"picked":"Beam Cell","floor":11},{"not_picked":["Streamline","Loop","Conserve Battery"],"picked":"Steam","floor":12},{"not_picked":["Turbo","Darkness","Steam"],"picked":"Gash","floor":13},{"not_picked":["Multi-Cast","Rainbow","Core Surge"],"picked":"Seek","floor":16},{"not_picked":["Doom and Gloom+1","Redo","Auto Shields"],"picked":"FTL","floor":18},{"not_picked":["Undo","Blizzard","Barrage"],"picked":"White Noise+1","floor":20},{"not_picked":["Loop+1","Genetic Algorithm","Undo"],"picked":"Rebound","floor":21}],"player_experience":314122,"relics_obtained":[{"floor":6,"key":"Mango"},{"floor":8,"key":"Question Card"},{"floor":9,"key":"Ornamental Fan"},{"floor":10,"key":"Pen Nib"},{"floor":12,"key":"Orichalcum"}],"event_choices":[{"damage_healed":0,"gold_gain":0,"player_choice":"Copied","damage_taken":0,"max_hp_gain":0,"max_hp_loss":0,"event_name":"Duplicator","floor":22,"gold_loss":0,"cards_obtained":["White Noise"]}],"is_beta":false,"boss_relics":[{"not_picked":["Cursed Key","Pandora\u0027s Box"],"picked":"Black Star"}],"items_purged_floors":[3,19],"is_endless":false,"potions_floor_spawned":[2,4,7,13],"killed_by":"Slavers","ascension_level":0}