{"gold_per_floor":[116,116,266,2,56,90,90,107,133,133,152,152,152,52,52,130,130,150,150,168,88,88,88,101,101,101,101,120,120],"floor_reached":29,"playtime":686,"items_purged":["Strike_G","Doubt"],"score":488,"play_id":"67fe5ecc-6d6a-4d2d-908a-4f010b16971a","local_time":"20190313103448","is_ascension_mode":true,"campfire_choices":[{"data":"Infinite Blades","floor":7,"key":"SMITH"},{"data":"Envenom","floor":10,"key":"SMITH"},{"data":"Blade Dance","floor":13,"key":"SMITH"},{"data":"Neutralize","floor":15,"key":"SMITH"},{"data":"Noxious Fumes","floor":23,"key":"SMITH"},{"data":"A Thousand Cuts","floor":27,"key":"SMITH"}],"neow_cost":"NONE","seed_source_timestamp":579646843717699,"circlet_count":0,"master_deck":["AscendersBane","Defend_G","Defend_G","Defend_G","Defend_G","Strike_G","Strike_G","Strike_G","Strike_G","Survivor","Neutralize+1","Infinite Blades+1","Blade Dance+1","Envenom+1","PiercingWail","A Thousand Cuts+1","Dagger Spray","Footwork+1","Noxious Fumes+1","Leg Sweep+1","Footwork","Footwork"],"relics":["Ring of the Snake","NeowsBlessing","Tiny Chest","Snake Skull","Oddly Smooth Stone","Blood Vial","Philosopher\u0027s Stone","Bronze Scales"],"potions_floor_usage":[16,20,24],"damage_taken":[{"damage":0,"enemies":"Small Slimes","floor":1,"turns":1},{"damage":0,"enemies":"3 Sentries","floor":6,"turns":2},{"damage":0,"enemies":"Jaw Worm","floor":8,"turns":1},{"damage":0,"enemies":"Cultist","floor":11,"turns":3},{"damage":9,"enemies":"Hexaghost","floor":16,"turns":8},{"damage":6,"enemies":"Chosen","floor":18,"turns":5},{"damage":15,"enemies":"3 Byrds","floor":20,"turns":2},{"damage":9,"enemies":"Snake Plant","floor":24,"turns":5},{"damage":15,"enemies":"Cultist and Chosen","floor":28,"turns":6},{"damage":28,"enemies":"Shelled Parasite and Fungi","floor":29,"turns":2}],"seed_played":"8404509886001903555","potions_obtained":[{"floor":8,"key":"GhostInAJar"},{"floor":16,"key":"SkillPotion"},{"floor":24,"key":"Ancient Potion"},{"floor":28,"key":"LiquidBronze"}],"is_trial":false,"path_per_floor":["M","?","?","$","T","E","R","M","T","R","M","?","R","$","R","B",null,"M","?","M","$","?","R","M","?","T","R","M","M"],"character_chosen":"THE_SILENT","items_purchased":["Infinite Blades","Blade Dance","PowerPotion","Noxious Fumes"],"campfire_rested":0,"item_purchase_floors":[4,4,4,21],"current_hp_per_floor":[59,52,52,52,52,52,52,52,52,52,52,47,47,47,47,40,60,56,56,43,43,43,43,36,36,36,36,23,0],"gold":120,"neow_bonus":"THREE_ENEMY_KILL","is_prod":false,"is_daily":false,"chose_seed":false,"campfire_upgraded":6,"win_rate":0,"timestamp":1552469688,"path_taken":["M","?","?","$","?","E","R","M","T","R","?","?","R","$","R","BOSS","M","?","M","?","?","R","M","?","T","R","M","M"],"build_version":"2019-01-23","purchased_purges":2,"victory":false,"max_hp_per_floor":[66,66,66,66,66,66,66,66,66,66,66,66,66,66,66,66,66,66,66,66,66,66,66,66,66,66,66,66,66],"card_choices":[{"not_picked":["Blade Dance","Distraction","Dodge and Roll"],"picked":"SKIP","floor":1},{"not_picked":["Dodge and Roll","Slice","Acrobatics"],"picked":"SKIP","floor":6},{"not_picked":["Acrobatics","Poisoned Stab"],"picked":"Envenom","floor":8},{"not_picked":["Dagger Throw","Poisoned Stab"],"picked":"PiercingWail","floor":11},{"not_picked":["Bullet Time","Night Terror"],"picked":"A Thousand Cuts","floor":16},{"not_picked":["All Out Attack","Deflect"],"picked":"Dagger Spray","floor":18},{"not_picked":["Eviscerate","PiercingWail"],"picked":"Footwork+1","floor":20},{"not_picked":["Cloak And Dagger","Poisoned Stab"],"picked":"Leg Sweep+1","floor":24},{"not_picked":["Calculated Gamble","Dagger Spray"],"picked":"Footwork","floor":28}],"player_experience":993265,"relics_obtained":[{"floor":5,"key":"Tiny Chest"},{"floor":6,"key":"Snake Skull"},{"floor":9,"key":"Oddly Smooth Stone"},{"floor":26,"key":"Bronze Scales"}],"event_choices":[{"cards_removed":["Defend_G"],"damage_healed":0,"gold_gain":0,"player_choice":"Card Removal","damage_taken":7,"max_hp_gain":0,"max_hp_loss":0,"event_name":"Golden Wing","floor":2,"gold_loss":0},{"damage_healed":0,"gold_gain":150,"player_choice":"AGREE","damage_taken":0,"max_hp_gain":0,"max_hp_loss":0,"event_name":"Liars Game","floor":3,"gold_loss":0,"cards_obtained":["Doubt"]},{"damage_healed":0,"gold_gain":0,"player_choice":"Success","damage_taken":5,"relics_obtained":["Blood Vial"],"max_hp_gain":0,"max_hp_loss":0,"event_name":"Scrap Ooze","floor":12,"gold_loss":0},{"damage_healed":0,"gold_gain":0,"player_choice":"Ignored","damage_taken":0,"max_hp_gain":0,"max_hp_loss":0,"event_name":"The Mausoleum","floor":19,"gold_loss":0},{"damage_healed":0,"gold_gain":0,"player_choice":"Ignored","damage_taken":0,"max_hp_gain":0,"max_hp_loss":0,"event_name":"Vampires","floor":22,"gold_loss":0},{"damage_healed":0,"gold_gain":0,"player_choice":"Read","damage_taken":0,"max_hp_gain":0,"max_hp_loss":0,"event_name":"The Library","floor":25,"gold_loss":0,"cards_obtained":["Footwork"]}],"is_beta":false,"boss_relics":[{"not_picked":["HoveringKite","Busted Crown"],"picked":"Philosopher\u0027s Stone"}],"items_purged_floors":[4,14],"is_endless":false,"potions_floor_spawned":[8,16,24,28],"killed_by":"Shelled Parasite and Fungi","ascension_level":20}