{"gold_per_floor":[115,80,94,105,115,115,149,167,249,249,249,280,74,97,97,199,199,212,227,238,29,29,29,63,63,63,63,76,89,89,103,103,202,202,219,148,165,165,176,209,209,227,227,227,240,240],"floor_reached":46,"playtime":4293,"items_purged":[],"score":532,"play_id":"709cf72c-f2d6-499a-ac59-2efbd706d98c","local_time":"20180917012543","is_ascension_mode":false,"campfire_choices":[{"floor":6,"key":"REST"},{"floor":10,"key":"REST"},{"data":"Chill","floor":15,"key":"SMITH"},{"floor":23,"key":"REST"},{"floor":25,"key":"REST"},{"floor":30,"key":"REST"},{"floor":32,"key":"REST"},{"floor":41,"key":"REST"},{"floor":44,"key":"REST"}],"neow_cost":"PERCENT_DAMAGE","seed_source_timestamp":271934304798987,"circlet_count":0,"master_deck":["Strike_B+1","Strike_B","Strike_B+1","Defend_B","Defend_B","Defend_B","Defend_B","Zap","Dualcast","Rainbow","Lockon","Hologram","Leap","BootSequence","Darkness+1","Self Repair","Chill+1","Multi-Cast","Doom and Gloom+1","Reinforced Body+1","Apotheosis","Steam","Conserve Battery","Chaos","Redo+1","Stack","Electrodynamics","Skim","Defragment","Conserve Battery+1","Hello World","Stack+1","Rainbow+1","Barrage+1","Consume+1"],"relics":["Cracked Core","Ornamental Fan","Gremlin Horn","Mango","Lee\u0027s Waffle","Odd Mushroom","Nuclear Battery","Strawberry","Gambling Chip","Lizard Tail","Toxic Egg 2","Whetstone"],"potions_floor_usage":[],"damage_taken":[{"damage":1,"enemies":"Jaw Worm","floor":1,"turns":3},{"damage":7,"enemies":"2 Louse","floor":3,"turns":2},{"damage":0,"enemies":"Small Slimes","floor":4,"turns":3},{"damage":21,"enemies":"Gremlin Gang","floor":5,"turns":6},{"damage":21,"enemies":"Gremlin Nob","floor":7,"turns":5},{"damage":6,"enemies":"Large Slime","floor":8,"turns":5},{"damage":26,"enemies":"3 Sentries","floor":12,"turns":7},{"damage":25,"enemies":"The Mushroom Lair","floor":14,"turns":5},{"damage":45,"enemies":"The Guardian","floor":16,"turns":10},{"damage":16,"enemies":"Spheric Guardian","floor":18,"turns":6},{"damage":48,"enemies":"3 Byrds","floor":19,"turns":6},{"damage":18,"enemies":"Sentry and Sphere","floor":20,"turns":5},{"damage":35,"enemies":"Slavers","floor":24,"turns":6},{"damage":18,"enemies":"Snake Plant","floor":28,"turns":5},{"damage":7,"enemies":"Centurion and Healer","floor":29,"turns":7},{"damage":5,"enemies":"3 Cultists","floor":31,"turns":6},{"damage":40,"enemies":"Champ","floor":33,"turns":12},{"damage":20,"enemies":"Orb Walker","floor":35,"turns":3},{"damage":22,"enemies":"3 Darklings","floor":37,"turns":4},{"damage":0,"enemies":"4 Shapes","floor":39,"turns":3},{"damage":124,"enemies":"Giant Head","floor":40,"turns":12},{"damage":4,"enemies":"Sphere and 2 Shapes","floor":42,"turns":5},{"damage":25,"enemies":"Reptomancer","floor":45,"turns":4},{"damage":0,"enemies":"4 Shapes","floor":46,"turns":1}],"seed_played":"-34467767764056061","potions_obtained":[{"floor":1,"key":"SneckoOil"},{"floor":4,"key":"EssenceOfSteel"},{"floor":7,"key":"SteroidPotion"},{"floor":14,"key":"PowerPotion"},{"floor":16,"key":"SkillPotion"}],"is_trial":false,"path_per_floor":["M","?","M","M","M","R","E","M","T","R","?","E","$","?","R","B",null,"M","M","M","$","?","R","E","R","T","?","M","M","R","M","R","B",null,"M","$","M","?","M","E","R","M","T","R","M"],"character_chosen":"DEFECT","items_purchased":["Lee\u0027s Waffle","Apotheosis","Defragment"],"campfire_rested":8,"item_purchase_floors":[13,21,36],"current_hp_per_floor":[53,71,64,64,43,65,44,38,38,60,45,40,96,78,78,40,96,80,39,21,21,26,54,26,56,56,56,38,41,71,73,103,73,103,83,83,61,61,61,10,40,43,43,73,48,48],"gold":240,"neow_bonus":"THREE_RARE_CARDS","is_prod":false,"is_daily":false,"chose_seed":false,"campfire_upgraded":1,"win_rate":0.0,"timestamp":1537165543,"path_taken":["M","?","M","M","?","R","E","M","T","R","?","E","$","?","R","BOSS","M","?","M","$","?","R","E","R","T","?","M","?","R","M","R","BOSS","M","$","M","?","M","E","R","M","T","R","M","M"],"build_version":"2018-09-06","purchased_purges":0,"victory":false,"max_hp_per_floor":[75,75,75,75,75,75,75,75,75,75,75,89,96,96,96,96,96,96,96,96,96,96,96,103,103,103,103,103,103,103,103,103,103,103,103,103,103,103,103,103,103,103,103,103,103,103],"card_choices":[{"not_picked":["Creative AI","Buffer"],"picked":"Rainbow","floor":0},{"not_picked":["Stack","FTL"],"picked":"Lockon","floor":1},{"not_picked":["Ball Lightning","Gash"],"picked":"Hologram","floor":3},{"not_picked":["Steam","FTL"],"picked":"Leap","floor":4},{"not_picked":["Cold Snap","Compile Driver"],"picked":"BootSequence","floor":5},{"not_picked":["Buffer","All For One"],"picked":"Darkness","floor":7},{"not_picked":["Tempest","Consume"],"picked":"Self Repair","floor":8},{"not_picked":["Coolheaded","Compile Driver"],"picked":"Chill","floor":12},{"not_picked":["Double Energy","Hologram"],"picked":"Sweeping Beam","floor":14},{"not_picked":["All For One","Amplify"],"picked":"Multi-Cast","floor":16},{"not_picked":["Conserve Battery","Double Energy"],"picked":"Doom and Gloom","floor":18},{"not_picked":["Steam+1","Conserve Battery"],"picked":"Beam Cell","floor":19},{"not_picked":["Hologram","Cold Snap+1"],"picked":"Reinforced Body+1","floor":20},{"not_picked":["Gash+1","Compile Driver"],"picked":"Steam","floor":24},{"not_picked":["BootSequence","White Noise"],"picked":"Chaos","floor":28},{"not_picked":["Go for the Eyes","Stack"],"picked":"Redo+1","floor":29},{"not_picked":["Gash+1","Ball Lightning+1"],"picked":"Stack","floor":31},{"not_picked":["Amplify","Machine Learning"],"picked":"Electrodynamics","floor":33},{"not_picked":["Go for the Eyes","Conserve Battery+1"],"picked":"Skim","floor":35},{"not_picked":["Streamline","Beam Cell+1"],"picked":"Conserve Battery+1","floor":37},{"not_picked":["FTL+1","Cold Snap"],"picked":"Stack+1","floor":39},{"not_picked":["Defragment","Compile Driver"],"picked":"Rainbow","floor":40},{"not_picked":["Ball Lightning","Compile Driver"],"picked":"Barrage+1","floor":42},{"not_picked":["Hello World","Stack+1"],"picked":"Consume+1","floor":45}],"player_experience":10371,"relics_obtained":[{"floor":7,"key":"Ornamental Fan"},{"floor":9,"key":"Gremlin Horn"},{"floor":12,"key":"Mango"},{"floor":14,"key":"Odd Mushroom"},{"floor":24,"key":"Strawberry"},{"floor":26,"key":"Gambling Chip"},{"floor":40,"key":"Toxic Egg 2"},{"floor":43,"key":"Whetstone"}],"event_choices":[{"event_name":"The Cleric","player_choice":"Healed","floor":2,"damage_taken":0},{"event_name":"Shining Light","player_choice":"Entered Light","floor":11,"damage_taken":0},{"event_name":"Mushrooms","player_choice":"Fought Mushrooms","floor":14,"damage_taken":0},{"event_name":"Bonfire Elementals","player_choice":"COMMON","floor":22,"damage_taken":0},{"event_name":"Transmorgrifier","player_choice":"Transform","floor":27,"damage_taken":0},{"event_name":"Transmorgrifier","player_choice":"Transform","floor":38,"damage_taken":0}],"is_beta":false,"boss_relics":[{"not_picked":["Cursed Key","Busted Crown"],"picked":"Nuclear Battery"},{"not_picked":["Velvet Choker","Tiny House"],"picked":"Lizard Tail"}],"items_purged_floors":[],"is_endless":false,"potions_floor_spawned":[1,4,7,14,16,18,20,29,31,33,37,45],"killed_by":"4 Shapes","ascension_level":0}