{"gold_per_floor":[114,64,15,15,30,70,70,90,115,115,190,44,77,77,77,202,265,278,318,67,67,91,91,91,116,116,152,152,165,165,165,165,165],"floor_reached":33,"playtime":857,"items_purged":["Strike_B","Strike_B"],"score":461,"play_id":"c8c729dd-fb60-4490-83b6-6f51c2110353","local_time":"20190305082422","is_ascension_mode":true,"campfire_choices":[{"data":"Tempest","floor":7.0,"key":"SMITH"},{"data":"Zap","floor":10.0,"key":"SMITH"},{"data":"Streamline","floor":15,"key":"SMITH"},{"data":"Storm","floor":23,"key":"SMITH"},{"floor":28,"key":"REST"},{"floor":30,"key":"REST"},{"floor":32,"key":"REST"}],"neow_cost":"NONE","seed_source_timestamp":199208935407409,"circlet_count":0,"master_deck":["Strike_B","Defend_B","Defend_B","Defend_B","Defend_B","Zap+1","Dualcast","Streamline+1","Ball Lightning","Beam Cell","Tempest+1","Ball Lightning+1","Storm+1","White Noise+1","Echo Form","Force Field","Auto Shields","Static Discharge","Auto Shields","Rebound","Loop+1","Machine Learning","Conserve Battery","FTL"],"special_seed":0,"relics":["Cracked Core","NeowsBlessing","Golden Idol","DataDisk","Omamori","Blood Vial","Tiny House","Red Mask","MutagenicStrength","Boot","Bottled Tornado"],"potions_floor_usage":[13,13,27,27,27,27,29,33],"damage_taken":[{"damage":0.0,"enemies":"Jaw Worm","floor":1.0,"turns":1.0},{"damage":0.0,"enemies":"Small Slimes","floor":5.0,"turns":1.0},{"damage":0.0,"enemies":"Gremlin Nob","floor":6.0,"turns":1.0},{"damage":0.0,"enemies":"2 Louse","floor":8.0,"turns":1.0},{"damage":5,"enemies":"3 Sentries","floor":13,"turns":4},{"damage":0,"enemies":"Slime Boss","floor":16,"turns":4},{"damage":14,"enemies":"Chosen","floor":18,"turns":4},{"damage":25,"enemies":"Masked Bandits","floor":19,"turns":3},{"damage":11,"enemies":"Spheric Guardian","floor":22,"turns":2},{"damage":15,"enemies":"Snecko","floor":25,"turns":4},{"damage":0,"enemies":"Gremlin Leader","floor":27,"turns":4},{"damage":36,"enemies":"3 Cultists","floor":29,"turns":5},{"damage":69,"enemies":"Collector","floor":33,"turns":8}],"seed_played":"8730968843001460078","potions_obtained":[{"floor":5.0,"key":"Regen Potion"},{"floor":6.0,"key":"Fire Potion"},{"floor":16,"key":"FearPotion"},{"floor":17,"key":"SteroidPotion"},{"floor":18,"key":"SpeedPotion"},{"floor":24,"key":"FocusPotion"},{"floor":24,"key":"EntropicBrew"},{"floor":27,"key":"Explosive Potion"},{"floor":29,"key":"Poison Potion"}],"is_trial":false,"path_per_floor":["M","?","$","?","M","E","R","M","T","R","?","$","E","?","R","B",null,"M","?","$","?","M","R","?","M","T","E","R","M","R","T","R","B"],"character_chosen":"DEFECT","items_purchased":["Ball Lightning","Storm","Static Discharge","Auto Shields","Rebound"],"campfire_rested":3,"item_purchase_floors":[3,12,20,20,20],"current_hp_per_floor":[75,75,75,57,57,57,57,57,57,57,46,46,53,53,53,55,75,63,40,40,40,31,31,31,18,18,20,44,10,34,34,58,0],"gold":165,"neow_bonus":"THREE_ENEMY_KILL","is_prod":false,"is_daily":false,"chose_seed":false,"campfire_upgraded":4,"win_rate":0,"timestamp":1551795862,"path_taken":["M","?","$","?","M","E","R","M","T","R","?","$","E","?","R","BOSS","M","?","$","?","M","R","?","M","T","E","R","?","R","?","R","BOSS"],"build_version":"2019-01-23","purchased_purges":2,"victory":false,"max_hp_per_floor":[75,75,75,75,75,75,75,75,75,75,75,75,75,75,75,75,80,80,80,80,80,80,80,80,80,80,80,80,80,80,80,80,80],"card_choices":[{"not_picked":["Hologram","Lockon"],"picked":"Streamline","floor":1.0},{"not_picked":["Gash","Scrape"],"picked":"Beam Cell","floor":5.0},{"not_picked":["Double Energy","All For One"],"picked":"Tempest","floor":6.0},{"not_picked":["Tempest","Sweeping Beam"],"picked":"Ball Lightning","floor":8.0},{"not_picked":["Doom and Gloom","Hello World"],"picked":"White Noise","floor":13},{"not_picked":["Biased Cognition","Rainbow"],"picked":"Echo Form","floor":16},{"not_picked":["Gash","Genetic Algorithm"],"picked":"Force Field","floor":17},{"not_picked":["Ball Lightning","Rebound"],"picked":"Auto Shields","floor":18},{"not_picked":["Go for the Eyes","Streamline"],"picked":"Loop+1","floor":22},{"not_picked":["Ball Lightning","Compile Driver"],"picked":"Machine Learning","floor":25},{"not_picked":["Ball Lightning+1","Gash"],"picked":"Conserve Battery","floor":27},{"not_picked":["Doom and Gloom","Turbo"],"picked":"FTL","floor":29}],"player_experience":312663,"relics_obtained":[{"floor":6.0,"key":"DataDisk"},{"floor":9.0,"key":"Omamori"},{"floor":13,"key":"Blood Vial"},{"floor":19,"key":"Red Mask"},{"floor":27,"key":"Boot"},{"floor":31,"key":"Bottled Tornado"}],"event_choices":[{"cards_removed":["Strike_B"],"damage_healed":0.0,"max_hp_gain":0.0,"max_hp_loss":0.0,"gold_gain":0.0,"event_name":"The Cleric","player_choice":"Card Removal","floor":2.0,"gold_loss":50.0,"damage_taken":0.0},{"damage_healed":0.0,"max_hp_gain":0.0,"max_hp_loss":0.0,"gold_gain":0.0,"event_name":"Golden Idol","player_choice":"Take Damage","floor":4.0,"gold_loss":0.0,"damage_taken":18.0,"relics_obtained":["Golden Idol"]},{"damage_healed":0.0,"max_hp_gain":0.0,"max_hp_loss":0.0,"gold_gain":75.0,"event_name":"World of Goop","player_choice":"Gather Gold","floor":11.0,"gold_loss":0.0,"damage_taken":11.0},{"damage_healed":0,"gold_gain":0,"player_choice":"Grow","damage_taken":0,"max_hp_gain":0,"max_hp_loss":0,"event_name":"Living Wall","floor":14,"gold_loss":0,"cards_upgraded":["White Noise"]},{"damage_healed":0,"gold_gain":0,"player_choice":"Fought Bandits","damage_taken":0,"max_hp_gain":0,"max_hp_loss":0,"event_name":"Masked Bandits","floor":19,"gold_loss":0},{"damage_healed":0,"gold_gain":0,"player_choice":"Inject Mutagens","damage_taken":0,"relics_obtained":["MutagenicStrength"],"max_hp_gain":0,"max_hp_loss":0,"event_name":"Drug Dealer","floor":21,"gold_loss":0},{"damage_healed":0,"gold_gain":0,"player_choice":"Got Potions","damage_taken":0,"max_hp_gain":0,"max_hp_loss":0,"event_name":"Lab","floor":24,"gold_loss":0}],"is_beta":false,"boss_relics":[{"not_picked":["Lizard Tail","Busted Crown"],"picked":"Tiny House"}],"items_purged_floors":[12,20],"is_endless":false,"potions_floor_spawned":[5,6,16,18,25,27,29],"killed_by":"Collector","ascension_level":5}