{"path_per_floor":["M","M","?","$","T","R","M","$","T","M","R","?","M","M","R","B",null,"M","M","?","?","M","R","M","?","T"],"character_chosen":"IRONCLAD","items_purchased":["Dropkick"],"gold_per_floor":[118,136,136,54,54,54,73,73,73,92,92,92,111,129,129,224,224,243,260,260,185,205,205,216,216,240,240],"floor_reached":27,"campfire_rested":1,"playtime":834,"current_hp_per_floor":[80,76,69,69,69,69,64,64,64,56,56,40,45,49,73,47,80,65,58,58,58,47,47,16,16,23,0],"items_purged":[],"gold":240,"score":205,"play_id":"5ad14183-6928-4274-8719-4abcfe59b0da","local_time":"20180330203513","is_prod":false,"is_daily":false,"is_ascension_mode":false,"campfire_upgraded":3,"timestamp":1522452913,"path_taken":["M","M","?","$","?","R","?","?","T","M","R","?","?","?","R","BOSS","M","?","?","?","M","R","M","?","T","?"],"build_version":"2018-03-29v2","purchased_purges":0,"victory":false,"master_deck":["Strike_R","Strike_R+1","Strike_R","Strike_R","Defend_R","Defend_R+1","Bash+1","Dropkick+1","Dropkick","Double Tap+1"],"max_hp_per_floor":[80,80,80,80,80,80,80,80,80,80,80,80,80,80,80,80,80,80,80,80,80,80,80,80,80,87,87],"relics":["Burning Blood","Torii","Ginger","Runic Cube","Strawberry"],"card_choices":[{"not_picked":["Sword Boomerang","Demon Form"],"picked":"Dropkick","floor":14},{"not_picked":["Immolate","Impervious"],"picked":"Double Tap","floor":16}],"player_experience":659198,"potions_floor_usage":[10,16,22,22],"damage_taken":[{"damage":6,"enemies":"Cultist","floor":1,"turns":3},{"damage":10,"enemies":"Small Slimes","floor":2,"turns":3},{"damage":11,"enemies":"Jaw Worm","floor":7,"turns":2},{"damage":14,"enemies":"Exordium Thugs","floor":10,"turns":3},{"damage":1,"enemies":"Looter","floor":13,"turns":2},{"damage":2,"enemies":"2 Fungi Beasts","floor":14,"turns":3},{"damage":32,"enemies":"The Guardian","floor":16,"turns":10},{"damage":21,"enemies":"2 Thieves","floor":18,"turns":3},{"damage":13,"enemies":"Shell Parasite","floor":19,"turns":5},{"damage":29,"enemies":"Centurion and Healer","floor":22,"turns":5},{"damage":37,"enemies":"Snecko","floor":24,"turns":5},{"damage":28,"enemies":"Sentry and Sphere","floor":27,"turns":4}],"event_choices":[{"event_name":"Golden Wing","player_choice":"Card Removal","floor":3,"damage_taken":0},{"event_name":"Shining Light","player_choice":"Entered Light","floor":12,"damage_taken":0},{"event_name":"Ghosts","player_choice":"Ignored","floor":20,"damage_taken":0},{"event_name":"Beggar","player_choice":"Gave Gold","floor":21,"damage_taken":0},{"event_name":"Drug Dealer","player_choice":"Ignored","floor":25,"damage_taken":0}],"boss_relics":[{"not_picked":["Cursed Key","Pandora\u0027s Box"],"picked":"Runic Cube"}],"potions_floor_spawned":[7,14,16,19,24],"seed_played":"-3779074759328711347","killed_by":"Sentry and Sphere","ascension_level":0,"is_trial":false}