{"gold_per_floor":[362,76,26,44,55,88,107,119,119,119,19,39,39],"floor_reached":13,"playtime":478,"items_purged":["Defend_R","Strike_R"],"score":131,"play_id":"02fa3b4b-94a6-4434-b60a-fa13a130e718","local_time":"20181223120955","is_ascension_mode":true,"campfire_choices":[],"neow_cost":"TEN_PERCENT_HP_LOSS","seed_source_timestamp":3535213376333,"circlet_count":0,"master_deck":["AscendersBane","Strike_R","Strike_R","Strike_R","Defend_R","Defend_R","Defend_R","Bash","Headbutt","Panache","Bloodletting","Flex","Reaper","Inflame"],"relics":["Burning Blood","Bottled Lightning","Singing Bowl"],"potions_floor_usage":[7,8,12],"damage_taken":[{"damage":12,"enemies":"Jaw Worm","floor":1,"turns":2},{"damage":3,"enemies":"Cultist","floor":4,"turns":2},{"damage":9,"enemies":"2 Louse","floor":5,"turns":3},{"damage":60,"enemies":"3 Sentries","floor":6,"turns":11},{"damage":22,"enemies":"Exordium Thugs","floor":7,"turns":5},{"damage":16,"enemies":"2 Fungi Beasts","floor":8,"turns":3},{"damage":10,"enemies":"Large Slime","floor":12,"turns":6},{"damage":3,"enemies":"Looter","floor":13,"turns":1}],"seed_played":"-880471467255041603","potions_obtained":[{"floor":6,"key":"Weak Potion"},{"floor":7,"key":"SneckoOil"},{"floor":8,"key":"SteroidPotion"},{"floor":12,"key":"Ancient Potion"}],"is_trial":false,"path_per_floor":["M","$","?","M","M","E","M","M","T","?","$","M","M"],"character_chosen":"IRONCLAD","items_purchased":["Panache","Bloodletting"],"campfire_rested":0,"item_purchase_floors":[2,2],"current_hp_per_floor":[66,66,66,69,66,12,8,7,7,7,7,14,11],"gold":39,"neow_bonus":"TWO_FIFTY_GOLD","is_prod":false,"is_daily":false,"chose_seed":false,"campfire_upgraded":0,"win_rate":0,"timestamp":1545574195,"path_taken":["M","$","?","M","M","E","M","M","T","?","$","?","M"],"build_version":"2018-12-20","purchased_purges":2,"victory":false,"max_hp_per_floor":[72,72,72,72,72,72,72,72,72,72,72,72,72],"card_choices":[{"not_picked":["Warcry","Bloodletting"],"picked":"Headbutt","floor":1},{"not_picked":["Hemokinesis","Clothesline","Headbutt"],"picked":"SKIP","floor":4},{"not_picked":["Anger","Sentinel"],"picked":"Flex","floor":5},{"not_picked":["Sword Boomerang","Heavy Blade"],"picked":"Reaper","floor":6},{"not_picked":["Clothesline","Body Slam","Pommel Strike"],"picked":"SKIP","floor":7},{"not_picked":["Anger","Flex"],"picked":"Shrug It Off","floor":8},{"not_picked":["Carnage","Twin Strike"],"picked":"Inflame","floor":12}],"player_experience":894948,"relics_obtained":[{"floor":6,"key":"Bottled Lightning"}],"event_choices":[{"cards_removed":["Strike_R"],"damage_healed":0,"gold_gain":0,"player_choice":"Card Removal","damage_taken":0,"max_hp_gain":0,"max_hp_loss":0,"event_name":"The Cleric","floor":3,"gold_loss":50},{"cards_removed":["Shrug It Off"],"damage_healed":0,"gold_gain":0,"player_choice":"Gave Card","damage_taken":0,"relics_obtained":["Singing Bowl"],"max_hp_gain":0,"max_hp_loss":0,"event_name":"WeMeetAgain","floor":10,"gold_loss":0}],"is_beta":true,"boss_relics":[],"items_purged_floors":[2,11],"is_endless":false,"potions_floor_spawned":[6,7,8,12],"killed_by":"Looter","ascension_level":10}