{"gold_per_floor":[18,32,52,72,72,98,156,75,75,95,128,148,178,190,190,287,287,307,50,60,78,88,116,116,135,135,135,154,179,179,210,210,315,315,333,350,361,381,381,416,433,448,448,104,139,139,158,168,168,168],"floor_reached":50,"playtime":3850,"items_purged":["Decay"],"score":712,"play_id":"7360f6ff-99cc-4d15-baf4-90331c627c53","local_time":"20190106220051","is_ascension_mode":false,"campfire_choices":[{"data":"Demon Form","floor":15,"key":"SMITH"},{"data":"Dual Wield","floor":32,"key":"SMITH"},{"data":"Flame Barrier","floor":46,"key":"SMITH"},{"data":"Pommel Strike","floor":49,"key":"SMITH"}],"neow_cost":"NO_GOLD","seed_source_timestamp":110959446192254,"circlet_count":0,"master_deck":["Strike_R","Strike_R","Strike_R","Strike_R","Strike_R","Defend_R","Defend_R","Defend_R","Defend_R","Bash+1","Demon Form+1","Bloodletting","Warcry","Flame Barrier+1","Thunderclap+1","Warcry","Anger","Dramatic Entrance","Rampage","Pommel Strike+1","Whirlwind","True Grit","Heavy Blade","Berserk","Rage","Bandage Up","Dual Wield+1","Thunderclap","Infernal Blade+1","Flex","Inflame+1","Shrug It Off","Shockwave","Pommel Strike+1","Brutality","Reaper","Armaments+1","Ghostly Armor+1","Enlightenment","Deep Breath","Swift Strike","Demon Form","Parasite","Flex","Warcry+1","Inflame","Shrug It Off","Warcry+1","Pommel Strike+1","Pommel Strike+1"],"relics":["Burning Blood","Bottled Tornado","Meat on the Bone","Kunai","Pear","Happy Flower","Coffee Dripper","Membership Card","Oddly Smooth Stone","MutagenicStrength","Mummified Hand","Question Card","Gremlin Horn","Regal Pillow","Cursed Key","Bronze Scales","Dodecahedron","Ice Cream","Molten Egg 2","Shuriken"],"potions_floor_usage":[7,11,21,27,41,47,50,50,50],"damage_taken":[{"damage":5,"enemies":"Cultist","floor":1,"turns":4},{"damage":7,"enemies":"Small Slimes","floor":2,"turns":5},{"damage":3,"enemies":"2 Louse","floor":3,"turns":3},{"damage":4,"enemies":"Exordium Wildlife","floor":4,"turns":5},{"damage":45,"enemies":"Lagavulin","floor":6,"turns":9},{"damage":18,"enemies":"3 Sentries","floor":7,"turns":7},{"damage":10,"enemies":"Looter","floor":10,"turns":3},{"damage":12,"enemies":"Gremlin Nob","floor":11,"turns":4},{"damage":24,"enemies":"Gremlin Gang","floor":12,"turns":4},{"damage":17,"enemies":"Lagavulin","floor":13,"turns":5},{"damage":12,"enemies":"2 Fungi Beasts","floor":14,"turns":3},{"damage":35,"enemies":"Hexaghost","floor":16,"turns":6},{"damage":18,"enemies":"Shell Parasite","floor":18,"turns":3},{"damage":26,"enemies":"2 Thieves","floor":20,"turns":3},{"damage":40,"enemies":"Snake Plant","floor":21,"turns":3},{"damage":30,"enemies":"Sentry and Sphere","floor":22,"turns":4},{"damage":18,"enemies":"Gremlin Leader","floor":23,"turns":6},{"damage":14,"enemies":"Centurion and Healer","floor":25,"turns":3},{"damage":26,"enemies":"Slavers","floor":27,"turns":2},{"damage":0,"enemies":"Snecko","floor":28,"turns":3},{"damage":22,"enemies":"Book of Stabbing","floor":29,"turns":4},{"damage":21,"enemies":"Slavers","floor":31,"turns":4},{"damage":34,"enemies":"Champ","floor":33,"turns":8},{"damage":13,"enemies":"Orb Walker","floor":35,"turns":3},{"damage":11,"enemies":"3 Darklings","floor":36,"turns":4},{"damage":20,"enemies":"Jaw Worm Horde","floor":37,"turns":3},{"damage":27,"enemies":"Sphere and 2 Shapes","floor":38,"turns":1},{"damage":39,"enemies":"Giant Head","floor":40,"turns":6},{"damage":1,"enemies":"Writhing Mass","floor":41,"turns":4},{"damage":29,"enemies":"Spire Growth","floor":42,"turns":4},{"damage":30,"enemies":"Reptomancer","floor":45,"turns":3},{"damage":12,"enemies":"Transient","floor":47,"turns":5},{"damage":43,"enemies":"Maw","floor":48,"turns":5},{"damage":108,"enemies":"Awakened One","floor":50,"turns":5}],"seed_played":"-7551478972572612019","potions_obtained":[{"floor":3,"key":"Fire Potion"},{"floor":6,"key":"Poison Potion"},{"floor":10,"key":"Swift Potion"},{"floor":12,"key":"Ancient Potion"},{"floor":14,"key":"SmokeBomb"},{"floor":16,"key":"FearPotion"},{"floor":22,"key":"EssenceOfSteel"},{"floor":36,"key":"Poison Potion"},{"floor":37,"key":"Fire Potion"},{"floor":42,"key":"Block Potion"},{"floor":47,"key":"SpeedPotion"},{"floor":48,"key":"Strength Potion"}],"is_trial":false,"path_per_floor":["M","M","M","M","?","E","?","$","T","M","E","M","E","M","R","B",null,"M","$","M","M","M","E","?","M","T","E","M","E","?","E","R","B",null,"M","M","M","M","?","E","M","M","T","$","E","R","M","M","R","B"],"character_chosen":"IRONCLAD","items_purchased":["Dramatic Entrance","Membership Card","Bandage Up","Dual Wield","Ice Cream","Inflame","Molten Egg 2","Shrug It Off"],"campfire_rested":0,"item_purchase_floors":[8,19,19,19,44,44,44,44],"current_hp_per_floor":[80,79,80,80,64,25,25,25,25,33,49,43,44,50,50,33,90,78,78,58,40,32,36,36,40,40,32,50,50,50,47,47,35,90,90,85,90,69,59,54,67,59,59,59,69,69,67,59,59,0],"gold":168,"neow_bonus":"THREE_RARE_CARDS","is_prod":false,"is_daily":false,"chose_seed":false,"campfire_upgraded":4,"win_rate":0.0,"timestamp":1546830051,"path_taken":["M","M","M","?","?","E","?","$","T","M","E","M","E","M","R","BOSS","M","$","M","M","M","E","?","M","T","E","M","E","?","E","R","BOSS","M","M","?","M","?","E","M","M","T","$","E","R","M","M","R","BOSS"],"build_version":"2019-01-03v4","purchased_purges":1,"victory":false,"max_hp_per_floor":[80,80,80,80,80,80,80,80,80,80,90,90,90,90,90,90,90,90,90,90,90,90,90,90,90,90,90,90,90,90,90,90,90,90,90,90,90,90,90,90,90,90,90,90,90,90,90,90,90,90],"card_choices":[{"not_picked":["Impervious","Reaper"],"picked":"Demon Form","floor":0},{"not_picked":["Flex","Body Slam"],"picked":"Bloodletting","floor":1},{"not_picked":["Infernal Blade","Body Slam"],"picked":"Warcry","floor":2},{"not_picked":["Iron Wave","Twin Strike"],"picked":"Flame Barrier","floor":3},{"not_picked":["Flex","Body Slam"],"picked":"Thunderclap","floor":4},{"not_picked":["Searing Blow","Sword Boomerang"],"picked":"Warcry","floor":6},{"not_picked":["Perfected Strike","Cleave"],"picked":"Anger","floor":7},{"not_picked":["Disarm","Anger"],"picked":"Rampage","floor":10},{"not_picked":["Juggernaut","Barricade"],"picked":"Pommel Strike","floor":11},{"not_picked":["Searing Blow","Perfected Strike"],"picked":"Whirlwind","floor":12},{"not_picked":["Fire Breathing","Body Slam"],"picked":"True Grit","floor":13},{"not_picked":["Corruption","Spot Weakness"],"picked":"Heavy Blade","floor":14},{"not_picked":["Fiend Fire","Bludgeon"],"picked":"Berserk","floor":16},{"not_picked":["Bloodletting","Anger"],"picked":"Rage","floor":18},{"not_picked":["Sword Boomerang","Clash"],"picked":"Thunderclap","floor":20},{"not_picked":["Blood for Blood","Perfected Strike"],"picked":"Infernal Blade+1","floor":21},{"not_picked":["Corruption","Twin Strike"],"picked":"Flex","floor":22},{"not_picked":["True Grit","Body Slam+1"],"picked":"Inflame+1","floor":23},{"not_picked":["Rampage","Battle Trance"],"picked":"Shrug It Off","floor":25},{"not_picked":["Barricade","Clothesline"],"picked":"Shockwave","floor":28},{"not_picked":["Ghostly Armor","Body Slam"],"picked":"Pommel Strike+1","floor":29},{"not_picked":["Intimidate","Burning Pact","Thunderclap"],"picked":"Brutality","floor":31},{"not_picked":["Feed","Brutality","Offering"],"picked":"Reaper","floor":33},{"not_picked":["Searing Blow","Sever Soul","Headbutt","Combust+1"],"picked":"SKIP","floor":35},{"not_picked":["Perfected Strike","Cleave","Second Wind"],"picked":"Armaments+1","floor":36},{"not_picked":["Cleave+1","Sword Boomerang","Dropkick"],"picked":"Ghostly Armor+1","floor":37},{"not_picked":["Corruption","Sever Soul","True Grit+1","Body Slam+1"],"picked":"SKIP","floor":38},{"not_picked":["Blind","Forethought","HandOfGreed"],"picked":"Enlightenment","floor":39},{"not_picked":["Discovery","Panacea","Mind Blast"],"picked":"Deep Breath","floor":39},{"not_picked":["Panacea","Jack Of All Trades","Good Instincts"],"picked":"Swift Strike","floor":39},{"not_picked":["Clothesline+1","Double Tap","Searing Blow+1"],"picked":"Demon Form","floor":40},{"not_picked":["Metallicize","Infernal Blade","Blood for Blood+1"],"picked":"Flex","floor":41},{"not_picked":["Perfected Strike","Cleave","Thunderclap+1"],"picked":"Warcry+1","floor":42},{"not_picked":["Body Slam+1","Sword Boomerang+1","Disarm+1"],"picked":"Warcry+1","floor":45},{"not_picked":["Iron Wave+1","Hemokinesis+1","Ghostly Armor+1"],"picked":"Pommel Strike+1","floor":47},{"not_picked":["Body Slam+1","Spot Weakness","Inflame+1"],"picked":"Pommel Strike+1","floor":48}],"player_experience":8037,"relics_obtained":[{"floor":6,"key":"Bottled Tornado"},{"floor":9,"key":"Kunai"},{"floor":11,"key":"Pear"},{"floor":13,"key":"Happy Flower"},{"floor":23,"key":"Oddly Smooth Stone"},{"floor":26,"key":"Mummified Hand"},{"floor":29,"key":"Question Card"},{"floor":31,"key":"Regal Pillow"},{"floor":40,"key":"Bronze Scales"},{"floor":43,"key":"Dodecahedron"},{"floor":45,"key":"Shuriken"}],"event_choices":[{"damage_healed":0,"gold_gain":0,"player_choice":"Entered Light","damage_taken":16,"max_hp_gain":0,"max_hp_loss":0,"event_name":"Shining Light","floor":5,"gold_loss":0,"cards_upgraded":["Thunderclap","Bash"]},{"damage_healed":0,"gold_gain":0,"player_choice":"Searched \u00273\u0027 times","damage_taken":0,"relics_obtained":["Meat on the Bone"],"max_hp_gain":0,"max_hp_loss":0,"event_name":"Dead Adventurer","floor":7,"gold_loss":0},{"damage_healed":0,"gold_gain":0,"player_choice":"Inject Mutagens","damage_taken":0,"relics_obtained":["MutagenicStrength"],"max_hp_gain":0,"max_hp_loss":0,"event_name":"Drug Dealer","floor":24,"gold_loss":0},{"damage_healed":0,"gold_gain":0,"player_choice":"Gave Potion","damage_taken":0,"relics_obtained":["Gremlin Horn"],"max_hp_gain":0,"max_hp_loss":0,"event_name":"WeMeetAgain","floor":30,"gold_loss":0},{"damage_healed":0,"gold_gain":0,"player_choice":"Memory 3","damage_taken":10,"max_hp_gain":0,"max_hp_loss":0,"event_name":"SensoryStone","floor":39,"gold_loss":0}],"is_beta":false,"boss_relics":[{"not_picked":["Busted Crown","Velvet Choker"],"picked":"Coffee Dripper"},{"not_picked":["Lizard Tail","Fusion Hammer"],"picked":"Cursed Key"}],"items_purged_floors":[44],"is_endless":false,"potions_floor_spawned":[3,6,10,12,14,16,18,22,25,27,36,37,42,47,48],"killed_by":"Awakened One","ascension_level":0}