{"path_per_floor":["M","?","?","$","M","R","M","$","T","M","M","?","?","M","R","B",null,"M","?","M","?","$","E"],"character_chosen":"THE_SILENT","items_purchased":["Caltrops","Accuracy"],"gold_per_floor":[110,110,110,73,91,91,106,31,79,94,107,107,107,121,121,220,220,209,209,219,219,42,67],"floor_reached":24,"campfire_rested":1,"playtime":1132,"current_hp_per_floor":[70,63,49,49,49,49,48,48,48,46,46,46,39,36,70,18,70,60,60,60,60,60,8],"items_purged":["Strike_G","Defend_G"],"gold":67,"score":206,"play_id":"7963275c-b18a-4a05-a483-6fe0401c9ea1","is_prod":false,"is_daily":false,"is_ascension_mode":false,"campfire_upgraded":1,"path_taken":["M","?","?","?","M","R","M","$","T","?","M","?","?","?","R","BOSS","M","?","M","?","$","E","M"],"build_version":"2018-02-15-PROD1","purchased_purges":2,"victory":false,"master_deck":["Defend_G","Defend_G","Defend_G","Defend_G","Strike_G","Strike_G+1","Strike_G+1","Survivor","Neutralize","Deflect","Caltrops+1","Prepared","Sucker Punch","Escape Plan","Heel Hook","Cloak And Dagger","Die Die Die","Underhanded Strike+1","Neutralize","Flechettes","Accuracy","Underhanded Strike"],"max_hp_per_floor":[70,70,70,70,70,70,70,70,70,70,70,70,70,70,70,70,70,72,72,72,72,72,72],"relics":["Ring of the Snake","Regal Pillow","Singing Bowl","Omamori","Ninja Scroll","Lizard Tail","Lantern","Juzu Bracelet"],"card_choices":[{"not_picked":["Bane","Poisoned Stab"],"picked":"Deflect"},{"not_picked":["Underhanded Strike","Crippling Poison"],"picked":"Prepared"},{"not_picked":["Deflect","Burst"],"picked":"Sucker Punch"},{"not_picked":["Terror","Poisoned Stab"],"picked":"Escape Plan"},{"not_picked":["Deflect","Blade Dance"],"picked":"Heel Hook"},{"not_picked":["Calculated Gamble","PiercingWail"],"picked":"Cloak And Dagger"},{"not_picked":["Venomology","Night Terror"],"picked":"Die Die Die"},{"not_picked":["Dagger Spray","Dagger Throw"],"picked":"Underhanded Strike"},{"not_picked":["Dagger Throw","Die Die Die"],"picked":"Underhanded Strike"}],"player_experience":124788,"potions_floor_usage":[16,24],"damage_taken":[{"damage":0,"enemies":"Small Slimes","floor":1,"turns":4},{"damage":0,"enemies":"2 Louse","floor":5,"turns":2},{"damage":1,"enemies":"Jaw Worm","floor":7,"turns":4},{"damage":2,"enemies":"Looter","floor":10,"turns":4},{"damage":0,"enemies":"Blue Slaver","floor":11,"turns":4},{"damage":3,"enemies":"3 Louse","floor":14,"turns":3},{"damage":52,"enemies":"Slime Boss","floor":16,"turns":12},{"damage":12,"enemies":"2 Thieves","floor":18,"turns":4},{"damage":0,"enemies":"3 Byrds","floor":20,"turns":6},{"damage":52,"enemies":"Slavers","floor":23,"turns":6},{"damage":0,"enemies":"Snake Plant","floor":24,"turns":2}],"event_choices":[{"event_name":"Golden Wing","player_choice":"Card Removal","floor":2,"damage_taken":0},{"event_name":"Shining Light","player_choice":"Entered Light","floor":3,"damage_taken":0},{"event_name":"Wheel of Change","player_choice":"Relic","floor":12,"damage_taken":0},{"event_name":"Scrap Ooze","player_choice":"success","floor":13,"damage_taken":7},{"event_name":"The Mausoleum","player_choice":"Yes","floor":19,"damage_taken":0},{"event_name":"Match and Keep!","player_choice":"2 cards matched","floor":21,"damage_taken":0}],"boss_relics":[{"not_picked":["Astrolabe","Snecko Eye"],"picked":"Lizard Tail"}],"potions_floor_spawned":[7,10,23],"seed_played":"-8877121439647870692","killed_by":"Snake Plant","ascension_level":0,"is_trial":false}