{"gold_per_floor":[114,289,289,239,31,66,80,80,151,64,78,78,91,124,124,229,229,246,246,263,277,304,304,304],"floor_reached":24,"playtime":727,"items_purged":[],"score":252,"play_id":"dc8e1fed-731c-40af-b373-543472779dd4","local_time":"20190308124621","is_ascension_mode":true,"campfire_choices":[{"floor":8,"key":"RECALL"},{"data":"Corruption","floor":12,"key":"SMITH"},{"data":"Feel No Pain","floor":15,"key":"SMITH"},{"floor":23,"key":"REST"}],"neow_cost":"NONE","seed_source_timestamp":1013149178029273,"circlet_count":0,"master_deck":["Strike_R","Strike_R","Strike_R","Strike_R","Strike_R","Defend_R","Defend_R","Defend_R","Bash","Ghostly Armor","Disarm","Seeing Red","Corruption+1","True Grit+1","Feel No Pain+1","Bludgeon","Sentinel+1","Dark Embrace","Writhe","Injury","True Grit+1","Rage+1"],"relics":["Burning Blood","NeowsBlessing","Brimstone","Mercury Hourglass","Toxic Egg 2","Singing Bowl","Calling Bell","Pen Nib","Pantograph","Shovel"],"potions_floor_usage":[24,24],"damage_taken":[{"damage":0,"enemies":"Cultist","floor":1,"turns":1},{"damage":0,"enemies":"Lagavulin","floor":6,"turns":1},{"damage":0,"enemies":"Jaw Worm","floor":7,"turns":1},{"damage":0,"enemies":"Small Slimes","floor":11,"turns":3},{"damage":2,"enemies":"Blue Slaver","floor":13,"turns":3},{"damage":16,"enemies":"Gremlin Nob","floor":14,"turns":3},{"damage":44,"enemies":"The Guardian","floor":16,"turns":6},{"damage":21,"enemies":"Chosen","floor":18,"turns":5},{"damage":27,"enemies":"2 Thieves","floor":20,"turns":3},{"damage":31,"enemies":"Snecko","floor":21,"turns":4},{"damage":64,"enemies":"Slavers","floor":24,"turns":4}],"seed_played":"2841009967678453817","potions_obtained":[{"floor":6,"key":"LiquidBronze"},{"floor":7,"key":"SteroidPotion"},{"floor":13,"key":"Energy Potion"},{"floor":14,"key":"EssenceOfSteel"},{"floor":20,"key":"Fire Potion"}],"is_trial":false,"path_per_floor":["M","?","?","?","$","E","M","R","T","$","M","R","M","E","R","B",null,"M","?","M","M","T","R","E"],"character_chosen":"IRONCLAD","items_purchased":["Brimstone","Corruption","True Grit+1"],"campfire_rested":1,"item_purchase_floors":[5,10,10],"current_hp_per_floor":[80,80,73,73,73,79,80,80,80,80,80,80,80,70,70,32,80,65,65,46,21,21,45,0],"gold":304,"neow_bonus":"THREE_ENEMY_KILL","is_prod":false,"is_daily":false,"chose_seed":false,"campfire_upgraded":2,"win_rate":0,"timestamp":1552067181,"path_taken":["M","?","?","?","$","E","M","R","T","?","M","R","M","E","R","BOSS","M","?","M","M","?","R","E"],"build_version":"2019-01-23","purchased_purges":0,"victory":false,"max_hp_per_floor":[80,80,80,80,80,80,80,80,80,80,80,80,80,80,80,80,80,80,80,82,82,82,82,82],"card_choices":[{"not_picked":["Thunderclap","Sword Boomerang"],"picked":"Ghostly Armor","floor":1},{"not_picked":["Flex","True Grit"],"picked":"Disarm","floor":6},{"not_picked":["Carnage","Thunderclap"],"picked":"Seeing Red","floor":7},{"not_picked":["Power Through+1","Twin Strike"],"picked":"Feel No Pain","floor":11},{"not_picked":["Perfected Strike","Clothesline"],"picked":"Bludgeon","floor":13},{"not_picked":["Twin Strike","Flex+1"],"picked":"Sentinel+1","floor":14},{"not_picked":["Limit Break+1","Berserk"],"picked":"Dark Embrace","floor":16},{"not_picked":["Uppercut","Clothesline+1"],"picked":"True Grit+1","floor":18},{"not_picked":["Body Slam","Rampage","Dropkick"],"picked":"Singing Bowl","floor":20},{"not_picked":["Sword Boomerang+1","Twin Strike+1"],"picked":"Rage+1","floor":21}],"player_experience":158702,"relics_obtained":[{"floor":6,"key":"Mercury Hourglass"},{"floor":9,"key":"Toxic Egg 2"},{"floor":14,"key":"Singing Bowl"},{"floor":17,"key":"Pen Nib"},{"floor":17,"key":"Pantograph"},{"floor":17,"key":"Shovel"}],"event_choices":[{"damage_healed":0,"gold_gain":175,"player_choice":"AGREE","damage_taken":0,"max_hp_gain":0,"max_hp_loss":0,"event_name":"Liars Game","floor":2,"gold_loss":0,"cards_obtained":["Doubt"]},{"cards_removed":["Doubt"],"damage_healed":0,"gold_gain":0,"player_choice":"Card Removal","damage_taken":7,"max_hp_gain":0,"max_hp_loss":0,"event_name":"Golden Wing","floor":3,"gold_loss":0},{"cards_removed":["Defend_R"],"damage_healed":0,"gold_gain":0,"player_choice":"Card Removal","damage_taken":0,"max_hp_gain":0,"max_hp_loss":0,"event_name":"The Cleric","floor":4,"gold_loss":50},{"cards_removed":["Normality"],"damage_healed":0,"gold_gain":0,"player_choice":"Elegance","damage_taken":0,"max_hp_gain":0,"max_hp_loss":0,"event_name":"Back to Basics","floor":19,"gold_loss":0}],"is_beta":false,"boss_relics":[{"not_picked":["White Beast Statue","Empty Cage"],"picked":"Calling Bell"}],"items_purged_floors":[],"is_endless":false,"potions_floor_spawned":[6,7,13,14,20],"killed_by":"Slavers","ascension_level":2}