{"gold_per_floor":[114,114,114,128,29,29,104,135,135,160,180,180,195,228,228,359,359,374,574,597,613,613],"floor_reached":22,"playtime":2504,"items_purged":["Defend_R"],"score":284,"play_id":"e5363c10-2e40-40fc-b9f8-435d419c382d","local_time":"20181109133949","is_ascension_mode":true,"campfire_choices":[{"data":"Armaments","floor":6,"key":"SMITH"},{"data":"Juggernaut","floor":12,"key":"SMITH"},{"floor":15,"key":"REST"}],"neow_cost":"NONE","seed_source_timestamp":18227702597213,"circlet_count":0,"master_deck":["Bash","Madness","Heavy Blade","Shrug It Off","Armaments+1","Juggernaut+1","Shrug It Off","Thunderclap","Body Slam","Shrug It Off","Bloodletting","Inflame","Anger","Iron Wave","Cleave"],"relics":["Burning Blood","Golden Idol","Lantern","StoneCalendar","Singing Bowl","Pandora\u0027s Box"],"potions_floor_usage":[8,14,14,22],"damage_taken":[{"damage":17,"enemies":"2 Louse","floor":1,"turns":3},{"damage":5,"enemies":"Small Slimes","floor":4,"turns":3},{"damage":7,"enemies":"Gremlin Nob","floor":8,"turns":3},{"damage":0,"enemies":"Jaw Worm","floor":10,"turns":3},{"damage":8,"enemies":"Blue Slaver","floor":11,"turns":3},{"damage":0,"enemies":"2 Fungi Beasts","floor":13,"turns":4},{"damage":7,"enemies":"3 Sentries","floor":14,"turns":5},{"damage":55,"enemies":"The Guardian","floor":16,"turns":12},{"damage":25,"enemies":"2 Thieves","floor":18,"turns":4},{"damage":4,"enemies":"Shell Parasite","floor":20,"turns":4},{"damage":31,"enemies":"Sentry and Sphere","floor":21,"turns":5},{"damage":37,"enemies":"Snake Plant","floor":22,"turns":3}],"seed_played":"-280308844704217301","potions_obtained":[{"floor":4,"key":"Explosive Potion"},{"floor":10,"key":"AttackPotion"},{"floor":11,"key":"PowerPotion"},{"floor":21,"key":"FearPotion"}],"is_trial":false,"path_per_floor":["M","?","?","M","$","R","?","E","T","M","M","R","M","E","R","B",null,"M","?","M","M","M"],"character_chosen":"IRONCLAD","items_purchased":["Armaments"],"campfire_rested":1,"item_purchase_floors":[5],"current_hp_per_floor":[61,61,41,42,42,42,31,30,30,36,34,34,40,41,65,18,68,51,51,55,32,0],"gold":613,"neow_bonus":"RANDOM_COLORLESS","is_prod":false,"is_daily":false,"chose_seed":false,"campfire_upgraded":2,"win_rate":0,"timestamp":1541777989,"path_taken":["M","?","?","M","$","R","?","E","T","M","?","R","M","E","R","BOSS","M","?","M","?","M"],"build_version":"2018-11-08","purchased_purges":1,"victory":false,"max_hp_per_floor":[80,80,80,80,80,80,80,80,80,80,80,80,80,82,82,84,84,86,86,88,90,90],"card_choices":[{"not_picked":["Ghostly Armor","Shockwave"],"picked":"Heavy Blade","floor":1},{"not_picked":["Pommel Strike","Anger"],"picked":"Shrug It Off","floor":4},{"not_picked":["Warcry","Sentinel","Reckless Charge"],"picked":"SKIP","floor":8},{"not_picked":["Clash","Sword Boomerang"],"picked":"Juggernaut","floor":10},{"not_picked":["Headbutt","Havoc"],"picked":"Shrug It Off","floor":11},{"not_picked":["Power Through","Warcry"],"picked":"Thunderclap","floor":13},{"not_picked":["Armaments","Carnage","Flex"],"picked":"Singing Bowl","floor":14},{"not_picked":["Reaper","Demon Form","Brutality"],"picked":"Singing Bowl","floor":16},{"not_picked":["Wild Strike","Clash","Shrug It Off"],"picked":"Singing Bowl","floor":18},{"not_picked":["Iron Wave","True Grit","Sever Soul"],"picked":"Singing Bowl","floor":20},{"not_picked":["Rupture+1","Fiend Fire","Body Slam"],"picked":"Singing Bowl","floor":21}],"player_experience":872102,"relics_obtained":[{"floor":8,"key":"Lantern"},{"floor":9,"key":"StoneCalendar"},{"floor":14,"key":"Singing Bowl"}],"event_choices":[{"cards_removed":["Defend_R"],"damage_healed":0,"gold_gain":0,"player_choice":"Forget","damage_taken":0,"max_hp_gain":0,"max_hp_loss":0,"event_name":"Living Wall","floor":2,"gold_loss":0},{"damage_healed":0,"gold_gain":0,"player_choice":"Take Damage","damage_taken":20,"relics_obtained":["Golden Idol"],"max_hp_gain":0,"max_hp_loss":0,"event_name":"Golden Idol","floor":3,"gold_loss":0},{"damage_healed":0,"gold_gain":75,"player_choice":"Gather Gold","damage_taken":11,"max_hp_gain":0,"max_hp_loss":0,"event_name":"World of Goop","floor":7,"gold_loss":0},{"damage_healed":0,"gold_gain":200,"player_choice":"Gold","damage_taken":0,"max_hp_gain":0,"max_hp_loss":0,"event_name":"Wheel of Change","floor":19,"gold_loss":0}],"is_beta":true,"boss_relics":[{"not_picked":["Eternal Feather","White Beast Statue"],"picked":"Pandora\u0027s Box"}],"items_purged_floors":[5],"is_endless":false,"potions_floor_spawned":[4,10,11,21],"killed_by":"Snake Plant","ascension_level":9}