{"path_per_floor":["M","M","M","$","M","E","R","?","T","?","$","R","M","?","R","B",null,"M","?","M","M","?","R","?"],"character_chosen":"THE_SILENT","items_purchased":["Acrobatics"],"gold_per_floor":[110,124,140,65,83,109,109,59,59,234,84,84,100,158,158,232,232,252,252,271,289,289,289,289,289],"floor_reached":25,"campfire_rested":3,"playtime":1380,"current_hp_per_floor":[61,58,58,58,48,28,28,28,28,28,28,49,49,29,50,23,58,47,23,23,22,22,43,43,0],"items_purged":["Defend_G","Doubt"],"gold":289,"score":332,"play_id":"e60ee481-e4aa-4558-9bf3-e2041a641f8a","local_time":"20180418115433","is_prod":false,"is_daily":false,"chose_seed":false,"is_ascension_mode":true,"campfire_upgraded":1,"timestamp":1524063273,"path_taken":["M","M","M","?","M","E","R","?","T","?","$","R","?","?","R","BOSS","M","?","M","M","?","R","?","E"],"build_version":"2018-04-12","seed_source_timestamp":10842444227368,"purchased_purges":3,"victory":false,"master_deck":["Defend_G","Defend_G","Defend_G","Defend_G","Strike_G","Strike_G","Strike_G","Strike_G","Survivor","Neutralize","AscendersBane","Flying Knee","Deadly Poison+1","Backstab","Acrobatics","Adrenaline","Dagger Throw","Deadly Poison","Blur","Backflip","Dodge and Roll","Flash of Steel","Madness","Decay"],"max_hp_per_floor":[70,70,70,70,70,70,70,70,70,70,70,70,70,70,70,70,70,70,70,70,70,70,70,70,70],"relics":["Ring of the Snake","Orichalcum","Tough Bandages","Ginger","Torii","Orrery"],"card_choices":[{"not_picked":["Acrobatics","Blur"],"picked":"Flying Knee","floor":1},{"not_picked":["Dagger Throw","Quick Slash"],"picked":"Deadly Poison","floor":5},{"not_picked":["Masterful Stab","Phantasmal Killer"],"picked":"Backstab","floor":6},{"not_picked":["Night Terror","Doppelganger"],"picked":"Adrenaline","floor":16},{"not_picked":["Underhanded Strike","Skewer"],"picked":"Dagger Throw","floor":17},{"not_picked":["Outmaneuver","Crippling Poison"],"picked":"Deadly Poison","floor":17},{"not_picked":["Expertise","Sucker Punch"],"picked":"Blur","floor":17},{"not_picked":["Sucker Punch","Acrobatics"],"picked":"Backflip","floor":17},{"not_picked":["PiercingWail","Slice"],"picked":"Dodge and Roll","floor":17}],"player_experience":715799,"potions_floor_usage":[5,16,16,20,21],"damage_taken":[{"damage":2,"enemies":"Cultist","floor":1,"turns":4},{"damage":3,"enemies":"Small Slimes","floor":2,"turns":4},{"damage":0,"enemies":"2 Louse","floor":3,"turns":4},{"damage":10,"enemies":"Large Slime","floor":5,"turns":11},{"damage":20,"enemies":"3 Sentries","floor":6,"turns":12},{"damage":0,"enemies":"2 Fungi Beasts","floor":13,"turns":3},{"damage":20,"enemies":"Gremlin Nob","floor":14,"turns":5},{"damage":27,"enemies":"Hexaghost","floor":16,"turns":12},{"damage":11,"enemies":"Chosen","floor":18,"turns":5},{"damage":0,"enemies":"3 Byrds","floor":20,"turns":6},{"damage":1,"enemies":"Snake Plant","floor":21,"turns":4},{"damage":43,"enemies":"Book of Stabbing","floor":25,"turns":7}],"event_choices":[{"event_name":"The Cleric","player_choice":"Card Removal","floor":8,"damage_taken":0},{"event_name":"Liars Game","player_choice":"agreed","floor":10,"damage_taken":0},{"event_name":"Dead Adventurer","player_choice":"Searched \u00271\u0027 times","floor":14,"damage_taken":0},{"event_name":"Knowing Skull","player_choice":"CARD CARD ","floor":19,"damage_taken":0},{"event_name":"Knowing Skull","player_choice":"CARD CARD ","floor":19,"damage_taken":0},{"event_name":"Transmorgrifier","player_choice":"Transform","floor":22,"damage_taken":0},{"event_name":"Forgotten Altar","player_choice":"Smashed Altar","floor":24,"damage_taken":0}],"boss_relics":[{"not_picked":["Pandora\u0027s Box","White Beast Statue"],"picked":"Orrery"}],"potions_floor_spawned":[3,13,14,16,18],"seed_played":"-1100660544100425370","killed_by":"Book of Stabbing","ascension_level":13,"is_trial":false}