{"gold_per_floor":[109,284,294,310,235,270,270,281,281,344,344,361,361,390,390,489,489,508,508,53,72,87,87,117,117,142,142,161,161,193,193,193,297,297,312,332,10,29,29,29,29,29,29,0,0,0,25,125,125,125],"floor_reached":51,"playtime":3029,"items_purged":["Doubt"],"score":846,"play_id":"ed693af5-312e-4b98-87d0-b67c9f5eb62d","local_time":"20190312153527","is_ascension_mode":false,"campfire_choices":[{"data":"Metallicize","floor":7,"key":"SMITH"},{"data":"Reckless Charge","floor":11,"key":"SMITH"},{"data":"Flame Barrier","floor":13,"key":"SMITH"},{"data":"Shockwave","floor":15,"key":"SMITH"},{"data":"Strike_R","floor":23,"key":"PURGE"},{"data":"Defend_R","floor":25,"key":"PURGE"},{"data":"Strike_R","floor":27,"key":"PURGE"},{"data":"Strike_R","floor":32,"key":"PURGE"},{"data":"Reckless Charge+1","floor":40,"key":"PURGE"},{"data":"Intimidate","floor":42,"key":"PURGE"},{"data":"Immolate","floor":45,"key":"PURGE"},{"data":"Enlightenment","floor":49,"key":"PURGE"}],"neow_cost":"NONE","seed_source_timestamp":7033630565629,"circlet_count":0,"master_deck":["Defend_R","Defend_R","Defend_R","Bash","Pummel","Metallicize+1","Shockwave+1","Headbutt","Flame Barrier+1","Demon Form","Dark Embrace","Barricade","Feel No Pain","Disarm","Shrug It Off","Dual Wield","Flame Barrier+1","Armaments+1","Disarm+1","Ghostly","Ghostly","Ghostly","Ghostly","Ghostly","Sword Boomerang+1","Flame Barrier","Metallicize"],"relics":["Burning Blood","Anchor","Blood Vial","Sundial","Ornamental Fan","Peace Pipe","Fusion Hammer","Paper Frog","PreservedInsect","Boot","Self Forming Clay","Coffee Dripper","Strange Spoon","Bag of Marbles","Red Mask"],"potions_floor_usage":[6,16,24,24,24,39,50,50],"damage_taken":[{"damage":0,"enemies":"Small Slimes","floor":1,"turns":4},{"damage":0,"enemies":"Jaw Worm","floor":3,"turns":4},{"damage":0,"enemies":"2 Louse","floor":4,"turns":4},{"damage":13,"enemies":"Gremlin Nob","floor":6,"turns":4},{"damage":5,"enemies":"Large Slime","floor":8,"turns":6},{"damage":11,"enemies":"3 Sentries","floor":10,"turns":8},{"damage":0,"enemies":"Looter","floor":12,"turns":3},{"damage":18,"enemies":"3 Sentries","floor":14,"turns":16},{"damage":9,"enemies":"Hexaghost","floor":16,"turns":11},{"damage":0,"enemies":"Chosen","floor":18,"turns":8},{"damage":19,"enemies":"Spheric Guardian","floor":21,"turns":5},{"damage":13,"enemies":"Snecko","floor":22,"turns":5},{"damage":22,"enemies":"Slavers","floor":24,"turns":7},{"damage":18,"enemies":"3 Cultists","floor":28,"turns":9},{"damage":8,"enemies":"Book of Stabbing","floor":30,"turns":6},{"damage":0,"enemies":"Champ","floor":33,"turns":17},{"damage":6,"enemies":"Orb Walker","floor":35,"turns":6},{"damage":0,"enemies":"3 Darklings","floor":36,"turns":6},{"damage":0,"enemies":"Jaw Worm Horde","floor":38,"turns":6},{"damage":0,"enemies":"Transient","floor":39,"turns":4},{"damage":0,"enemies":"Giant Head","floor":47,"turns":10},{"damage":0,"enemies":"Time Eater","floor":50,"turns":15}],"seed_played":"-3930111674950404282","potions_obtained":[{"floor":4,"key":"Fire Potion"},{"floor":6,"key":"SpeedPotion"},{"floor":12,"key":"Strength Potion"},{"floor":14,"key":"PowerPotion"},{"floor":18,"key":"Poison Potion"},{"floor":22,"key":"Swift Potion"},{"floor":33,"key":"SmokeBomb"},{"floor":35,"key":"GamblersBrew"},{"floor":47,"key":"Dexterity Potion"}],"is_trial":false,"path_per_floor":["M","?","M","M","$","E","R","M","T","?","R","M","R","E","R","B",null,"M","?","$","M","M","R","E","R","T","R","M","?","E","?","R","B",null,"M","M","$","M","M","R","?","R","T","?","R","?","E","?","R","B",null],"character_chosen":"IRONCLAD","items_purchased":["Paper Frog","Feel No Pain","Disarm","Shrug It Off","Strange Spoon","Dexterity Potion","Flame Barrier"],"campfire_rested":0,"item_purchase_floors":[20,20,20,20,37,37,37],"current_hp_per_floor":[80,80,80,80,80,73,73,76,76,73,73,80,80,68,68,67,80,80,80,80,67,62,62,48,48,48,48,38,64,64,40,40,40,40,40,40,40,40,40,40,40,40,40,40,40,40,40,40,40,40],"gold":125,"neow_bonus":"RANDOM_COMMON_RELIC","is_prod":false,"is_daily":false,"chose_seed":false,"campfire_upgraded":4,"win_rate":0,"timestamp":1552419327,"path_taken":["M","?","M","M","$","E","R","M","T","?","R","M","R","E","R","BOSS","M","?","$","M","M","R","E","R","T","R","M","?","E","?","R","BOSS","M","M","$","M","M","R","?","R","T","?","R","?","E","?","R","BOSS"],"build_version":"2019-01-23","purchased_purges":1,"victory":true,"max_hp_per_floor":[80,80,80,80,80,80,80,80,80,80,80,80,80,80,80,80,80,80,80,80,80,80,80,80,80,80,80,80,80,80,40,40,40,40,40,40,40,40,40,40,40,40,40,40,40,40,40,40,40,40],"card_choices":[{"not_picked":["Cleave","Sword Boomerang"],"picked":"Pummel","floor":1},{"not_picked":["Warcry","Rampage"],"picked":"Metallicize","floor":3},{"not_picked":["Havoc","Shrug It Off"],"picked":"Reckless Charge","floor":4},{"not_picked":["Impervious","Clothesline"],"picked":"Shockwave","floor":6},{"not_picked":["Sword Boomerang","Combust"],"picked":"Headbutt","floor":8},{"not_picked":["Clash","Rage"],"picked":"Flame Barrier","floor":12},{"not_picked":["Pummel","Berserk"],"picked":"Intimidate","floor":14},{"not_picked":["Exhume","Limit Break"],"picked":"Demon Form","floor":16},{"not_picked":["Intimidate","Fire Breathing","Wild Strike+1"],"picked":"SKIP","floor":18},{"not_picked":["Dropkick","Intimidate","True Grit"],"picked":"SKIP","floor":21},{"not_picked":["Infernal Blade","Burning Pact"],"picked":"Dual Wield","floor":22},{"not_picked":["Power Through+1","Burning Pact+1"],"picked":"Flame Barrier+1","floor":24},{"not_picked":["Clothesline","Anger"],"picked":"Armaments+1","floor":28},{"not_picked":["Thunderclap","Ghostly Armor"],"picked":"Disarm+1","floor":30},{"not_picked":["Fiend Fire","Brutality"],"picked":"Immolate","floor":33},{"not_picked":["Spot Weakness+1","Havoc+1","Twin Strike+1"],"picked":"SKIP","floor":35},{"not_picked":["Clothesline","Havoc+1"],"picked":"Sword Boomerang+1","floor":36},{"not_picked":["Wild Strike","Clash","Flex+1"],"picked":"SKIP","floor":38},{"not_picked":["Jack Of All Trades","Dramatic Entrance"],"picked":"Enlightenment","floor":46},{"not_picked":["Rage+1","Hemokinesis+1"],"picked":"Metallicize","floor":47}],"player_experience":575987,"relics_obtained":[{"floor":6,"key":"Blood Vial"},{"floor":9,"key":"Sundial"},{"floor":14,"key":"Peace Pipe"},{"floor":24,"key":"PreservedInsect"},{"floor":26,"key":"Boot"},{"floor":30,"key":"Self Forming Clay"},{"floor":43,"key":"Bag of Marbles"}],"event_choices":[{"damage_healed":0,"gold_gain":175,"player_choice":"AGREE","damage_taken":0,"max_hp_gain":0,"max_hp_loss":0,"event_name":"Liars Game","floor":2,"gold_loss":0,"cards_obtained":["Doubt"]},{"damage_healed":0,"gold_gain":30,"player_choice":"Searched \u00273\u0027 times","damage_taken":0,"relics_obtained":["Ornamental Fan"],"max_hp_gain":0,"max_hp_loss":0,"event_name":"Dead Adventurer","floor":10,"gold_loss":0},{"damage_healed":0,"gold_gain":0,"cards_transformed":["Strike_R","Strike_R"],"player_choice":"Became Test Subject","damage_taken":0,"max_hp_gain":0,"max_hp_loss":0,"event_name":"Drug Dealer","floor":19,"gold_loss":0,"cards_obtained":["Dark Embrace","Barricade"]},{"damage_healed":26,"gold_gain":0,"player_choice":"Heal","damage_taken":0,"max_hp_gain":0,"max_hp_loss":0,"event_name":"The Library","floor":29,"gold_loss":0},{"damage_healed":0,"gold_gain":0,"player_choice":"Became a Ghost","damage_taken":0,"max_hp_gain":0,"max_hp_loss":40,"event_name":"Ghosts","floor":31,"gold_loss":0,"cards_obtained":["Ghostly","Ghostly","Ghostly","Ghostly","Ghostly"]},{"damage_healed":0,"gold_gain":0,"player_choice":"Ignored","damage_taken":0,"max_hp_gain":0,"max_hp_loss":0,"event_name":"Mysterious Sphere","floor":41,"gold_loss":0},{"damage_healed":0,"gold_gain":0,"player_choice":"Paid","damage_taken":0,"relics_obtained":["Red Mask"],"max_hp_gain":0,"max_hp_loss":0,"event_name":"Tomb of Lord Red Mask","floor":44,"gold_loss":29},{"damage_healed":0,"gold_gain":0,"player_choice":"Memory 1","damage_taken":0,"max_hp_gain":0,"max_hp_loss":0,"event_name":"SensoryStone","floor":46,"gold_loss":0},{"damage_healed":0,"gold_gain":100,"player_choice":"Pray","damage_taken":0,"max_hp_gain":0,"max_hp_loss":0,"event_name":"Golden Shrine","floor":48,"gold_loss":0}],"is_beta":false,"boss_relics":[{"not_picked":["Orrery","Calling Bell"],"picked":"Fusion Hammer"},{"not_picked":["Philosopher\u0027s Stone","Tiny House"],"picked":"Coffee Dripper"}],"items_purged_floors":[5],"is_endless":false,"potions_floor_spawned":[4,6,12,14,18,22,33,35,38,39,47],"ascension_level":0}