{"gold_per_floor":[114,124,134,147,1,1,1,15,39,65,65,96,111,128,128,224,224,237,252,71,83,97,123,123,184,184,209,209,209,224,149,149,246,246,260,260,135,151,151,167,187,37,89,89],"floor_reached":44,"playtime":3566,"items_purged":["Strike_B","Decay","Strike_B","Strike_B"],"score":525,"play_id":"a8b15325-e999-444e-984e-335d3f2a0268","local_time":"20180921190225","is_ascension_mode":true,"campfire_choices":[{"data":"Rainbow","floor":6,"key":"SMITH"},{"data":"Coolheaded","floor":11,"key":"SMITH"},{"data":"Fission","floor":15,"key":"SMITH"},{"floor":24,"key":"REST"},{"data":"Defragment","floor":29,"key":"SMITH"},{"floor":32,"key":"REST"}],"neow_cost":"NONE","seed_source_timestamp":721088157778072,"circlet_count":0,"master_deck":["Defend_B","Defend_B","Defend_B","Defend_B","Zap+1","Dualcast","Self Repair","Conserve Battery","Melter","Leap","Rainbow+1","Coolheaded+1","Fission+1","Capacitor","Redo","Buffer","Coolheaded+1","Cold Snap+1","Defragment+1","Beam Cell+1","Static Discharge+1","Undo+1","Barrage+1","Coolheaded+1","Thunder Strike+1","Lockon+1","BootSequence","Echo Form","Barrage+1","Madness","Madness","Consume+1","Conserve Battery+1","Streamline+1","Fusion+1","Conserve Battery+1","Chill+1"],"relics":["Cracked Core","Juzu Bracelet","Dream Catcher","Omamori","Calling Bell","Mango","Blue Candle","Ancient Tea Set","Oddly Smooth Stone","Tiny Chest","Prayer Wheel","Anchor","Eternal Feather","Whetstone"],"potions_floor_usage":[16,18,23,23,40,41,41,41,41,44],"damage_taken":[{"damage":5,"enemies":"Small Slimes","floor":1,"turns":3},{"damage":6,"enemies":"Jaw Worm","floor":2,"turns":3},{"damage":0,"enemies":"Cultist","floor":3,"turns":3},{"damage":5,"enemies":"Large Slime","floor":4,"turns":5},{"damage":8,"enemies":"2 Fungi Beasts","floor":8,"turns":3},{"damage":15,"enemies":"3 Sentries","floor":12,"turns":8},{"damage":2,"enemies":"Blue Slaver","floor":13,"turns":4},{"damage":11,"enemies":"Lots of Slimes","floor":14,"turns":5},{"damage":40,"enemies":"Hexaghost","floor":16,"turns":10},{"damage":21,"enemies":"Chosen","floor":18,"turns":5},{"damage":27,"enemies":"3 Byrds","floor":19,"turns":6},{"damage":18,"enemies":"Shelled Parasite and Fungi","floor":21,"turns":5},{"damage":21,"enemies":"3 Cultists","floor":22,"turns":6},{"damage":10,"enemies":"Book of Stabbing","floor":23,"turns":6},{"damage":32,"enemies":"Slavers","floor":25,"turns":4},{"damage":20,"enemies":"Snake Plant","floor":30,"turns":3},{"damage":43,"enemies":"Automaton","floor":33,"turns":13},{"damage":13,"enemies":"Orb Walker","floor":35,"turns":5},{"damage":7,"enemies":"3 Shapes","floor":38,"turns":9},{"damage":18,"enemies":"3 Darklings","floor":40,"turns":4},{"damage":47,"enemies":"Spire Growth","floor":41,"turns":6},{"damage":22,"enemies":"Giant Head","floor":44,"turns":8}],"seed_played":"6362716146367016887","potions_obtained":[{"floor":2,"key":"Dexterity Potion"},{"floor":4,"key":"Block Potion"},{"floor":16,"key":"AttackPotion"},{"floor":18,"key":"Weak Potion"},{"floor":23,"key":"Fire Potion"},{"floor":25,"key":"FearPotion"},{"floor":33,"key":"Poison Potion"},{"floor":38,"key":"EntropicBrew"},{"floor":40,"key":"LiquidBronze"}],"is_trial":false,"path_per_floor":["M","M","M","M","$","R","?","M","T","T","R","E","M","M","R","B",null,"M","M","$","M","M","E","R","E","T","T","?","R","M","?","R","B",null,"M","?","$","M","?","M","M","$","T"],"character_chosen":"DEFECT","items_purchased":["Rainbow","Defragment"],"campfire_rested":2,"item_purchase_floors":[5,20],"current_hp_per_floor":[70,71,75,75,75,75,80,79,79,79,79,71,76,72,72,39,94,80,60,60,42,28,25,53,28,28,28,59,59,46,46,74,38,94,88,76,76,83,83,65,18,18,18,0],"gold":89,"neow_bonus":"UPGRADE_CARD","is_prod":false,"is_daily":false,"chose_seed":false,"campfire_upgraded":4,"win_rate":0,"timestamp":1537581745,"path_taken":["M","M","M","M","$","R","?","M","T","?","R","E","M","M","R","BOSS","M","M","$","M","M","E","R","E","T","?","?","R","M","?","R","BOSS","M","?","$","M","?","M","M","$","T","E"],"build_version":"2018-09-20","purchased_purges":4,"victory":false,"max_hp_per_floor":[75,75,75,75,75,75,80,80,80,80,80,80,80,80,80,80,94,94,94,94,94,94,94,94,94,94,94,94,94,94,94,94,94,94,94,94,94,94,94,94,94,94,94,94],"card_choices":[{"not_picked":["Coolheaded","Compile Driver"],"picked":"Self Repair","floor":1},{"not_picked":["Steam Power","Barrage"],"picked":"Conserve Battery","floor":2},{"not_picked":["Barrage","Streamline"],"picked":"Melter","floor":3},{"not_picked":["Redo","Steam"],"picked":"Leap","floor":4},{"not_picked":["Compile Driver","Redo"],"picked":"Coolheaded","floor":8},{"not_picked":["Stack","Coolheaded"],"picked":"Fission","floor":12},{"not_picked":["Barrage","Chaos"],"picked":"Capacitor","floor":13},{"not_picked":["Aggregate","Stack"],"picked":"Redo","floor":14},{"not_picked":["Reboot","Creative AI"],"picked":"Buffer","floor":16},{"not_picked":["Steam","Gash"],"picked":"Coolheaded+1","floor":18},{"not_picked":["Sweeping Beam","Stack"],"picked":"Cold Snap+1","floor":19},{"not_picked":["Self Repair+1","Fusion"],"picked":"Beam Cell+1","floor":21},{"not_picked":["Compile Driver","Recycle"],"picked":"Static Discharge+1","floor":22},{"not_picked":["Doom and Gloom+1","Ball Lightning"],"picked":"Undo+1","floor":23},{"not_picked":["Recycle","White Noise"],"picked":"Barrage+1","floor":24},{"not_picked":["Darkness","Aggregate+1"],"picked":"Coolheaded+1","floor":25},{"not_picked":["FTL","Sweeping Beam"],"picked":"Thunder Strike","floor":30},{"not_picked":["Hologram","Streamline"],"picked":"Lockon","floor":30},{"not_picked":["Barrage+1","Cold Snap"],"picked":"BootSequence","floor":32},{"not_picked":["Buffer","Amplify"],"picked":"Echo Form","floor":33},{"not_picked":["FTL","Gash"],"picked":"Barrage+1","floor":35},{"not_picked":["Steam","Aggregate"],"picked":"Barrage+1","floor":35},{"not_picked":["Gash","Static Discharge"],"picked":"Consume+1","floor":38},{"not_picked":["Cold Snap+1","Leap"],"picked":"Conserve Battery+1","floor":38},{"not_picked":["FTL","Rebound+1"],"picked":"Streamline+1","floor":40},{"not_picked":["Ball Lightning","Hyperbeam"],"picked":"Fusion+1","floor":40},{"not_picked":["Reinforced Body","Ball Lightning+1"],"picked":"Conserve Battery+1","floor":41},{"not_picked":["Skim+1","Cold Snap+1"],"picked":"Chill+1","floor":41}],"player_experience":128198,"relics_obtained":[{"floor":9,"key":"Juzu Bracelet"},{"floor":10,"key":"Dream Catcher"},{"floor":12,"key":"Omamori"},{"floor":17,"key":"Mango"},{"floor":17,"key":"Blue Candle"},{"floor":17,"key":"Ancient Tea Set"},{"floor":23,"key":"Oddly Smooth Stone"},{"floor":25,"key":"Tiny Chest"},{"floor":26,"key":"Prayer Wheel"},{"floor":27,"key":"Anchor"},{"floor":43,"key":"Whetstone"}],"event_choices":[{"event_name":"Big Fish","player_choice":"Donut","floor":7,"damage_taken":0},{"event_name":"The Library","player_choice":"Heal","floor":28,"damage_taken":0},{"event_name":"Beggar","player_choice":"Gave Gold","floor":31,"damage_taken":0},{"event_name":"Winding Halls","player_choice":"Embrace Madness","floor":36,"damage_taken":0},{"event_name":"Falling","player_choice":"Removed Attack","floor":39,"damage_taken":0}],"is_beta":false,"boss_relics":[{"not_picked":["FrozenCore","Runic Pyramid"],"picked":"Calling Bell"},{"not_picked":["Tiny House","Runic Dome"],"picked":"Eternal Feather"}],"items_purged_floors":[5,20,37,42],"is_endless":false,"potions_floor_spawned":[2,4,16,18,23,25,33,38,40],"killed_by":"Giant Head","ascension_level":1}