{"gold_per_floor":[112,123,123,143,156,156,182,182,182,196,196,196,213,13,13,88,88,106,122,2,13,13,13,41,41,94,20,20,52,52,81,81,81],"floor_reached":33,"playtime":1252,"items_purged":["Strike_B"],"score":515,"play_id":"2369caa7-c6df-4ada-8fe0-f8c528c6892a","local_time":"20190303194329","is_ascension_mode":true,"campfire_choices":[{"data":"Hyperbeam","floor":6,"key":"SMITH"},{"floor":8,"key":"REST"},{"data":"Hologram","floor":12,"key":"SMITH"},{"floor":15,"key":"REST"},{"floor":23,"key":"REST"},{"floor":25,"key":"REST"},{"floor":28,"key":"REST"},{"floor":30,"key":"REST"},{"floor":32,"key":"REST"}],"neow_cost":"NONE","seed_source_timestamp":148747282814559,"circlet_count":0,"master_deck":["AscendersBane","Strike_B","Strike_B","Defend_B","Defend_B","Defend_B","Defend_B","Zap","Dualcast","Hyperbeam+1","Steam","Hologram","Turbo","Hologram+1","Steam","Hologram","Buffer","Go for the Eyes","Steam","Gash","Gash","Leap","Beam Cell","Gash","Fusion","Scrape+1","FTL+1","Conserve Battery+1","BootSequence"],"relics":["Cracked Core","Bird Faced Urn","Pantograph","ClockworkSouvenir","Orrery","Molten Egg 2","Regal Pillow","Ornamental Fan","Lantern"],"potions_floor_usage":[7,16,16,24,31],"damage_taken":[{"damage":0,"enemies":"Small Slimes","floor":1,"turns":3},{"damage":12,"enemies":"Jaw Worm","floor":2,"turns":2},{"damage":0,"enemies":"Cultist","floor":4,"turns":3},{"damage":5,"enemies":"Exordium Wildlife","floor":5,"turns":5},{"damage":30,"enemies":"Lagavulin","floor":7,"turns":5},{"damage":0,"enemies":"3 Louse","floor":10,"turns":1},{"damage":0,"enemies":"Blue Slaver","floor":13,"turns":2},{"damage":24,"enemies":"The Guardian","floor":16,"turns":11},{"damage":29,"enemies":"Spheric Guardian","floor":18,"turns":6},{"damage":0,"enemies":"Chosen","floor":19,"turns":6},{"damage":15,"enemies":"Centurion and Healer","floor":21,"turns":9},{"damage":46,"enemies":"Slavers","floor":24,"turns":7},{"damage":28,"enemies":"Gremlin Leader","floor":29,"turns":6},{"damage":69,"enemies":"Book of Stabbing","floor":31,"turns":7},{"damage":91,"enemies":"Automaton","floor":33,"turns":12}],"seed_played":"5491128880549688210","potions_obtained":[{"floor":2,"key":"FocusPotion"},{"floor":4,"key":"Swift Potion"},{"floor":10,"key":"EssenceOfSteel"},{"floor":19,"key":"Weak Potion"},{"floor":29,"key":"Poison Potion"}],"is_trial":false,"path_per_floor":["M","M","?","M","M","R","E","R","T","M","?","R","M","$","R","B",null,"M","M","$","M","?","R","E","R","T","$","R","E","R","E","R","B"],"character_chosen":"DEFECT","items_purchased":["ClockworkSouvenir","Gash","FTL+1"],"campfire_rested":7,"item_purchase_floors":[14,20,27],"current_hp_per_floor":[64,52,45,45,40,40,10,31,31,31,31,31,31,31,52,47,65,38,40,40,27,27,48,4,25,25,25,61,35,71,2,38,0],"gold":81,"neow_bonus":"ONE_RANDOM_RARE_CARD","is_prod":false,"is_daily":false,"chose_seed":false,"campfire_upgraded":2,"win_rate":0,"timestamp":1551638609,"path_taken":["M","M","?","M","M","R","E","R","T","M","?","R","M","?","R","BOSS","M","M","$","M","?","R","E","R","T","$","R","E","R","E","R","BOSS"],"build_version":"2019-01-23","purchased_purges":1,"victory":false,"max_hp_per_floor":[71,71,71,71,71,71,71,71,71,71,71,71,71,71,71,71,71,71,71,71,71,71,71,71,71,71,71,71,71,71,71,71,71],"card_choices":[{"not_picked":["Coolheaded","Redo"],"picked":"Steam","floor":1},{"not_picked":["Stack","Redo"],"picked":"Hologram","floor":2},{"not_picked":["Coolheaded","Ball Lightning","Doom and Gloom"],"picked":"SKIP","floor":4},{"not_picked":["Stack","Scrape"],"picked":"Turbo","floor":5},{"not_picked":["Compile Driver","Auto Shields"],"picked":"Hologram","floor":7},{"not_picked":["Melter","Beam Cell"],"picked":"Steam","floor":10},{"not_picked":["Defragment","Turbo"],"picked":"Hologram","floor":13},{"not_picked":["Rainbow","Hyperbeam"],"picked":"Buffer","floor":16},{"not_picked":["Steam","Blizzard"],"picked":"Go for the Eyes","floor":17},{"not_picked":["White Noise","Stack"],"picked":"Steam","floor":17},{"not_picked":["Steam Power","Stack"],"picked":"Gash","floor":17},{"not_picked":["Steam Power","Auto Shields"],"picked":"Gash","floor":17},{"not_picked":["Hello World","Cold Snap"],"picked":"Leap","floor":17},{"not_picked":["Rebound","Force Field"],"picked":"Beam Cell","floor":18},{"not_picked":["Multi-Cast","Streamline","Turbo"],"picked":"SKIP","floor":19},{"not_picked":["Capacitor+1","Fusion","Turbo"],"picked":"SKIP","floor":21},{"not_picked":["Capacitor+1","Turbo"],"picked":"Fusion","floor":21},{"not_picked":["Genetic Algorithm","Darkness"],"picked":"Scrape","floor":24},{"not_picked":["Cold Snap+1","Compile Driver+1"],"picked":"Conserve Battery+1","floor":29},{"not_picked":["Barrage+1","Force Field"],"picked":"BootSequence","floor":31}],"player_experience":803097,"relics_obtained":[{"floor":7,"key":"Bird Faced Urn"},{"floor":9,"key":"Pantograph"},{"floor":24,"key":"Molten Egg 2"},{"floor":26,"key":"Regal Pillow"},{"floor":29,"key":"Ornamental Fan"},{"floor":31,"key":"Lantern"}],"event_choices":[{"cards_removed":["Strike_B"],"damage_healed":0,"gold_gain":0,"player_choice":"Card Removal","damage_taken":7,"max_hp_gain":0,"max_hp_loss":0,"event_name":"Golden Wing","floor":3,"gold_loss":0},{"damage_healed":0,"gold_gain":0,"player_choice":"Ignored","damage_taken":0,"max_hp_gain":0,"max_hp_loss":0,"event_name":"Liars Game","floor":11,"gold_loss":0}],"is_beta":false,"boss_relics":[{"not_picked":["White Beast Statue","Tiny House"],"picked":"Orrery"}],"items_purged_floors":[20],"is_endless":false,"potions_floor_spawned":[2,4,10,19,29],"killed_by":"Automaton","ascension_level":14}