{"gold_per_floor":[115,127,127,127,52,52,87,98,170,170,205,234,234,250,250,352,352,370,370,96,96,115,115,146,146],"floor_reached":25,"playtime":850,"items_purged":["Strike_B","Chaos"],"score":277,"play_id":"386e7cdd-59b0-4aa4-8612-39afc68acffa","local_time":"20180721205607","is_ascension_mode":true,"campfire_choices":[{"data":"Zap","floor":6,"key":"SMITH"},{"data":"Genetic Algorithm","floor":10,"key":"SMITH"},{"floor":15,"key":"REST"},{"data":"Hologram","floor":23,"key":"SMITH"}],"neow_cost":"NONE","seed_source_timestamp":41574104707373,"circlet_count":0,"master_deck":["Zap+1","Dualcast","Gash+1","Melter","White Noise","Genetic Algorithm+1","Rebound","Gash","All For One","Barrage","Darkness","Sweeping Beam","Rip and Tear","Ball Lightning","Hologram+1","Finesse","Defragment"],"relics":["Cracked Core","NeowsBlessing","Anchor","Matryoshka","Art of War","Odd Mushroom","Pandora\u0027s Box","Cables","Potion Belt"],"potions_floor_usage":[11,12,12,14],"damage_taken":[{"damage":0,"enemies":"Small Slimes","floor":1,"turns":1},{"damage":0,"enemies":"Cultist","floor":2,"turns":1},{"damage":0,"enemies":"3 Sentries","floor":7,"turns":2},{"damage":0,"enemies":"Jaw Worm","floor":8,"turns":2},{"damage":38,"enemies":"Gremlin Nob","floor":11,"turns":4},{"damage":20,"floor":12,"turns":4},{"damage":8,"enemies":"3 Louse","floor":14,"turns":3},{"damage":13,"enemies":"The Guardian","floor":16,"turns":7},{"damage":2,"enemies":"3 Byrds","floor":18,"turns":4},{"damage":31,"enemies":"2 Thieves","floor":22,"turns":3},{"damage":36,"enemies":"Slavers","floor":24,"turns":5},{"damage":10,"enemies":"Snecko","floor":25,"turns":3}],"seed_played":"2448095027215496491","potions_obtained":[{"floor":1,"key":"FearPotion"},{"floor":8,"key":"Swift Potion"},{"floor":11,"key":"PowerPotion"},{"floor":12,"key":"PowerPotion"}],"is_trial":false,"path_per_floor":["M","M","?","?","$","R","E","M","T","R","E","?","?","M","R","B",null,"M","?","$","?","M","R","E"],"character_chosen":"DEFECT","items_purchased":["Finesse","Defragment"],"campfire_rested":1,"item_purchase_floors":[20,20],"current_hp_per_floor":[75,75,75,75,75,75,75,75,75,75,37,17,17,9,31,18,75,73,73,73,73,42,42,6,0],"gold":146,"neow_bonus":"THREE_ENEMY_KILL","is_prod":false,"is_daily":false,"chose_seed":false,"campfire_upgraded":3,"win_rate":0,"timestamp":1532217367,"path_taken":["M","M","?","?","$","R","E","?","T","R","E","?","?","?","R","BOSS","M","?","$","?","M","R","E","?"],"build_version":"2018-07-19","purchased_purges":2,"victory":false,"max_hp_per_floor":[75,75,75,75,75,75,75,75,75,75,75,75,75,75,75,75,75,75,75,75,75,75,75,75,75],"card_choices":[{"not_picked":["Undo","Go for the Eyes"],"picked":"Gash","floor":1},{"not_picked":["Coolheaded","Streamline"],"picked":"Melter","floor":2},{"not_picked":["Chill","Streamline"],"picked":"White Noise","floor":7},{"not_picked":["Sunder","Beam Cell"],"picked":"Genetic Algorithm","floor":8},{"not_picked":["Streamline","Turbo"],"picked":"Rebound","floor":11},{"not_picked":["Rebound","White Noise"],"picked":"Gash","floor":12},{"not_picked":["Darkness","Leap"],"picked":"All For One","floor":14},{"not_picked":["Ball Lightning","Consume"],"picked":"Hologram","floor":18},{"not_picked":["Rebound","Ball Lightning+1","Barrage+1"],"picked":"SKIP","floor":22},{"not_picked":["Steam","Steam Power","Turbo"],"picked":"SKIP","floor":24}],"player_experience":829553,"relics_obtained":[{"floor":7,"key":"Anchor"},{"floor":9,"key":"Matryoshka"},{"floor":11,"key":"Art of War"},{"floor":12,"key":"Odd Mushroom"},{"floor":24,"key":"Potion Belt"}],"event_choices":[{"event_name":"Accursed Blacksmith","player_choice":"Forge","floor":3,"damage_taken":0},{"event_name":"Bonfire Elementals","player_choice":"BASIC","floor":4,"damage_taken":0},{"event_name":"Mushrooms","player_choice":"Fought Mushrooms","floor":12,"damage_taken":0},{"event_name":"Golden Idol","player_choice":"Ignored","floor":13,"damage_taken":0},{"event_name":"Vampires","player_choice":"Ignored","floor":19,"damage_taken":0},{"event_name":"The Mausoleum","player_choice":"Yes","floor":21,"damage_taken":0}],"is_beta":true,"boss_relics":[{"not_picked":["Philosopher\u0027s Stone","Nuclear Battery"],"picked":"Pandora\u0027s Box"}],"items_purged_floors":[5,20],"is_endless":false,"potions_floor_spawned":[1,8,11,12],"killed_by":"Snecko","ascension_level":2}