{"gold_per_floor":[211,8,22,38,38,38,38,79,104,104,104,118,118,132,132,132],"floor_reached":16,"playtime":710,"items_purged":[],"score":100,"play_id":"a695f171-b87e-474c-95ae-93035eeff8f6","local_time":"20181222150008","is_ascension_mode":false,"campfire_choices":[{"data":"Strike_R","floor":6,"key":"SMITH"},{"data":"Barricade","floor":11,"key":"SMITH"},{"data":"Bloodletting","floor":13,"key":"SMITH"},{"floor":15,"key":"REST"}],"neow_cost":"NONE","seed_source_timestamp":1450264416791,"circlet_count":0,"master_deck":["Strike_R","Strike_R","Strike_R","Strike_R","Strike_R+1","Defend_R","Defend_R","Defend_R","Defend_R","Bash","Warcry","Pommel Strike","Body Slam","Barricade+1","Bloodletting+1"],"relics":["Burning Blood","Medical Kit","Potion Belt","Golden Idol","Shuriken","Strawberry"],"potions_floor_usage":[8,16],"damage_taken":[{"damage":4,"enemies":"2 Louse","floor":1,"turns":3},{"damage":1,"enemies":"Jaw Worm","floor":3,"turns":3},{"damage":1,"enemies":"Cultist","floor":4,"turns":3},{"damage":34,"enemies":"Gremlin Nob","floor":8,"turns":4},{"damage":20,"enemies":"3 Louse","floor":12,"turns":5},{"damage":10,"enemies":"Blue Slaver","floor":14,"turns":3},{"damage":61,"enemies":"Hexaghost","floor":16,"turns":9}],"seed_played":"5171550525274693280","potions_obtained":[{"floor":1,"key":"Explosive Potion"},{"floor":12,"key":"EssenceOfSteel"}],"is_trial":false,"path_per_floor":["M","$","M","M","?","R","?","E","T","?","R","M","R","M","R","B"],"character_chosen":"IRONCLAD","items_purchased":["Medical Kit"],"campfire_rested":1,"item_purchase_floors":[2],"current_hp_per_floor":[80,80,80,80,80,80,74,46,53,53,53,39,39,35,59,0],"gold":132,"neow_bonus":"HUNDRED_GOLD","is_prod":false,"is_daily":false,"chose_seed":false,"campfire_upgraded":3,"win_rate":0.0,"timestamp":1545512408,"path_taken":["M","$","M","M","?","R","?","E","T","?","R","M","R","M","R","BOSS"],"build_version":"2018-12-20","purchased_purges":0,"victory":false,"max_hp_per_floor":[80,80,80,80,80,80,74,74,81,81,81,81,81,81,81,81],"card_choices":[{"not_picked":["Corruption","Havoc"],"picked":"Warcry","floor":1},{"not_picked":["Intimidate","Wild Strike"],"picked":"Pommel Strike","floor":3},{"not_picked":["Battle Trance","Sever Soul"],"picked":"Body Slam","floor":4},{"not_picked":["Rampage","Sentinel"],"picked":"Barricade","floor":8},{"not_picked":["Armaments","Cleave"],"picked":"Bloodletting","floor":12},{"not_picked":["Clash","Evolve","Bloodletting"],"picked":"SKIP","floor":14}],"player_experience":78970,"relics_obtained":[{"floor":8,"key":"Shuriken"},{"floor":9,"key":"Strawberry"}],"event_choices":[{"damage_healed":0,"gold_gain":0,"player_choice":"Box","damage_taken":0,"relics_obtained":["Potion Belt"],"max_hp_gain":0,"max_hp_loss":0,"event_name":"Big Fish","floor":5,"gold_loss":0,"cards_obtained":["Regret"]},{"damage_healed":0,"gold_gain":0,"player_choice":"Lose Max HP","damage_taken":0,"relics_obtained":["Golden Idol"],"max_hp_gain":0,"max_hp_loss":6,"event_name":"Golden Idol","floor":7,"gold_loss":0},{"cards_removed":["Regret"],"damage_healed":0,"gold_gain":0,"player_choice":"Removed Curses","damage_taken":0,"max_hp_gain":0,"max_hp_loss":0,"event_name":"Fountain of Cleansing","floor":10,"gold_loss":0}],"is_beta":false,"boss_relics":[],"items_purged_floors":[],"is_endless":false,"potions_floor_spawned":[1,12],"killed_by":"Hexaghost","ascension_level":0}