{"gold_per_floor":[110,185,203,27,27,27,27,27,27,66,87,87,87,125,125,125],"floor_reached":16,"playtime":374,"items_purged":[],"score":115,"play_id":"3a698e9c-cbdb-4ed5-8083-54a42aa50ff5","local_time":"20190227122502","is_ascension_mode":true,"campfire_choices":[{"data":"Hologram","floor":6,"key":"SMITH"},{"data":"Zap","floor":8,"key":"SMITH"},{"floor":13,"key":"REST"},{"floor":15,"key":"REST"}],"neow_cost":"NONE","seed_source_timestamp":59334565178070,"circlet_count":0,"master_deck":["Strike_B","Strike_B+1","Strike_B","Strike_B","Defend_B","Defend_B","Defend_B","Defend_B+1","Zap+1","Dualcast","Ball Lightning+1","Hologram+1","Gash+1","Steam","BootSequence","Pain","Scrape","Gash"],"relics":["Cracked Core","Vajra","Golden Idol","WarpedTongs","Bottled Flame","Whetstone","Odd Mushroom"],"potions_floor_usage":[10],"damage_taken":[{"damage":2,"enemies":"Jaw Worm","floor":1,"turns":3},{"damage":0,"enemies":"2 Louse","floor":3,"turns":2},{"damage":28,"enemies":"Lagavulin","floor":10,"turns":6},{"damage":0,"enemies":"Small Slimes","floor":11,"turns":2},{"damage":9,"enemies":"The Mushroom Lair","floor":14,"turns":4},{"damage":36,"enemies":"Hexaghost","floor":16,"turns":7}],"seed_played":"8878949398182528955","potions_obtained":[{"floor":1,"key":"Weak Potion"},{"floor":14,"key":"Poison Potion"}],"is_trial":false,"path_per_floor":["M","?","M","$","?","R","?","R","T","E","M","?","R","?","R","B"],"character_chosen":"DEFECT","items_purchased":["Gash","Steam","BootSequence"],"campfire_rested":2,"item_purchase_floors":[4,4,4],"current_hp_per_floor":[73,62,62,62,44,44,44,44,44,16,16,1,23,14,36,0],"gold":125,"neow_bonus":"RANDOM_COMMON_RELIC","is_prod":false,"is_daily":false,"chose_seed":false,"campfire_upgraded":2,"win_rate":0,"timestamp":1551291902,"path_taken":["M","?","M","$","?","R","?","R","T","E","?","?","R","?","R","BOSS"],"build_version":"2019-01-23","purchased_purges":0,"victory":false,"max_hp_per_floor":[75,75,75,75,75,75,75,75,75,75,75,75,75,75,75,75],"card_choices":[{"not_picked":["Darkness","Cold Snap"],"picked":"Ball Lightning","floor":1},{"not_picked":["Sweeping Beam","Redo"],"picked":"Hologram","floor":3},{"not_picked":["FTL","Compile Driver"],"picked":"Scrape","floor":10},{"not_picked":["Ball Lightning","Force Field","Hologram"],"picked":"SKIP","floor":11},{"not_picked":["Leap","Streamline"],"picked":"Gash","floor":14}],"player_experience":260969,"relics_obtained":[{"floor":9,"key":"Bottled Flame"},{"floor":10,"key":"Whetstone"},{"floor":14,"key":"Odd Mushroom"}],"event_choices":[{"damage_healed":0,"gold_gain":75,"player_choice":"Gather Gold","damage_taken":11,"max_hp_gain":0,"max_hp_loss":0,"event_name":"World of Goop","floor":2,"gold_loss":0},{"damage_healed":0,"gold_gain":0,"player_choice":"Take Damage","damage_taken":18,"relics_obtained":["Golden Idol"],"max_hp_gain":0,"max_hp_loss":0,"event_name":"Golden Idol","floor":5,"gold_loss":0},{"damage_healed":0,"gold_gain":0,"player_choice":"Rummage","damage_taken":0,"relics_obtained":["WarpedTongs"],"max_hp_gain":0,"max_hp_loss":0,"event_name":"Accursed Blacksmith","floor":7,"gold_loss":0,"cards_obtained":["Pain"]},{"damage_healed":0,"gold_gain":0,"player_choice":"Entered Light","damage_taken":15,"max_hp_gain":0,"max_hp_loss":0,"event_name":"Shining Light","floor":12,"gold_loss":0,"cards_upgraded":["Ball Lightning","Defend_B"]},{"damage_healed":0,"gold_gain":0,"player_choice":"Fought Mushrooms","damage_taken":0,"max_hp_gain":0,"max_hp_loss":0,"event_name":"Mushrooms","floor":14,"gold_loss":0}],"is_beta":false,"boss_relics":[],"items_purged_floors":[],"is_endless":false,"potions_floor_spawned":[1,14],"killed_by":"Hexaghost","ascension_level":4}