{"gold_per_floor":[115,131,143,0,0,0,33,47,47,61,95,110,130,140,140,237,237,249,249,249,275,287,287,317,49,49,49,148,148,183,183,183,287,287,307,307,29,129,129,129,184,184,184,184,36,56,56,89,89,89],"floor_reached":50,"playtime":2034,"items_purged":["Strike_G","Strike_G"],"score":668,"play_id":"d091729b-7e7b-4a3c-8c6e-eb728b955eda","local_time":"20190304134214","is_ascension_mode":true,"campfire_choices":[{"data":"Bouncing Flask","floor":6.0,"key":"SMITH"},{"floor":15,"key":"REST"},{"floor":23,"key":"REST"},{"floor":27,"key":"REST"},{"floor":29,"key":"REST"},{"floor":32,"key":"REST"},{"floor":40,"key":"REST"},{"floor":42,"key":"REST"},{"floor":44,"key":"REST"},{"floor":47,"key":"REST"},{"floor":49,"key":"REST"}],"neow_cost":"NONE","seed_source_timestamp":180399514175392,"circlet_count":0,"master_deck":["Defend_G","Defend_G","Defend_G","Defend_G","Defend_G","Strike_G","Strike_G","Strike_G","Survivor","Neutralize","Poisoned Stab","Bouncing Flask+1","Deflect","Backstab","Deflect+1","Dodge and Roll+1","Leg Sweep+1","Cloak And Dagger+1","Blade Dance+1","Tools of the Trade","Deadly Poison+1","Choke","Cloak And Dagger+1","Flying Knee+1","PiercingWail+1","Choke+1","Crippling Poison+1","Tactician+1","Bullet Time+1","Deadly Poison+1","Predator","Eviscerate+1","Acrobatics+1","Blade Dance+1","Acrobatics+1","Corpse Explosion+1","Escape Plan+1","Calculated Gamble+1"],"special_seed":0,"relics":["Lizard Tail","Toxic Egg 2","Snake Skull","Anchor","Fusion Hammer","Vajra","Red Mask","Ninja Scroll","Dream Catcher","Peace Pipe","Omamori","Sundial","HoveringKite","Centennial Puzzle","Calipers","Ice Cream","Mummified Hand","Happy Flower"],"potions_floor_usage":[16,24,24,33,48,50,50,50],"damage_taken":[{"damage":5.0,"enemies":"Cultist","floor":1.0,"turns":5.0},{"damage":0.0,"enemies":"Jaw Worm","floor":2.0,"turns":4.0},{"damage":0.0,"enemies":"2 Louse","floor":3.0,"turns":3.0},{"damage":17.0,"enemies":"Lagavulin","floor":7.0,"turns":5.0},{"damage":0.0,"enemies":"2 Fungi Beasts","floor":8.0,"turns":3.0},{"damage":13,"enemies":"Large Slime","floor":10,"turns":5},{"damage":22,"enemies":"Gremlin Nob","floor":11,"turns":5},{"damage":0,"enemies":"Exordium Thugs","floor":12,"turns":4},{"damage":0,"enemies":"Blue Slaver","floor":13,"turns":3},{"damage":0,"enemies":"Looter","floor":14,"turns":2},{"damage":11,"enemies":"The Guardian","floor":16,"turns":11},{"damage":0,"enemies":"3 Byrds","floor":18,"turns":8},{"damage":15,"enemies":"Masked Bandits","floor":21,"turns":5},{"damage":0,"enemies":"Shell Parasite","floor":22,"turns":3},{"damage":24,"enemies":"Slavers","floor":24,"turns":7},{"damage":13,"enemies":"Book of Stabbing","floor":30,"turns":6},{"damage":76,"enemies":"Champ","floor":33,"turns":10},{"damage":10,"enemies":"3 Shapes","floor":35,"turns":3},{"damage":3,"enemies":"Mind Bloom Boss Battle","floor":38,"turns":6},{"damage":14,"enemies":"2 Orb Walkers","floor":41,"turns":3},{"damage":19,"enemies":"3 Darklings","floor":46,"turns":3},{"damage":30,"enemies":"Giant Head","floor":48,"turns":6},{"damage":58,"enemies":"Time Eater","floor":50,"turns":4}],"seed_played":"-723975672262230406","potions_obtained":[{"floor":1.0,"key":"GamblersBrew"},{"floor":7.0,"key":"Energy Potion"},{"floor":14,"key":"AttackPotion"},{"floor":18,"key":"Ancient Potion"},{"floor":24,"key":"SkillPotion"},{"floor":30,"key":"FearPotion"},{"floor":35,"key":"Poison Potion"},{"floor":48,"key":"Ancient Potion"}],"is_trial":false,"path_per_floor":["M","M","M","$","T","R","E","M","T","M","E","M","M","M","R","B",null,"M","?","?","?","M","R","E","$","T","R","?","R","E","T","R","B",null,"M","?","$","?","$","R","?","R","T","R","$","M","R","E","R","B"],"character_chosen":"THE_SILENT","items_purchased":["Backstab","Dream Catcher","PiercingWail+1","Predator","Centennial Puzzle","Explosive Potion","Corpse Explosion+1"],"campfire_rested":10,"item_purchase_floors":[4,25,25,37,37,37,45],"current_hp_per_floor":[65,65,65,65,65,65,48,48,48,35,13,13,13,13,34,23,58,58,58,58,43,43,64,40,40,40,61,61,70,57,57,70,35,61,51,51,51,48,48,66,52,66,66,66,66,47,66,36,55,0],"gold":89,"neow_bonus":"BOSS_RELIC","is_prod":false,"is_daily":false,"chose_seed":false,"campfire_upgraded":1,"win_rate":0,"timestamp":1551728534,"path_taken":["M","?","M","$","?","R","E","M","T","M","E","?","M","M","R","BOSS","M","?","?","?","M","R","E","$","T","R","?","R","E","?","R","BOSS","M","?","$","?","$","R","?","R","T","R","?","?","R","E","R","BOSS"],"build_version":"2019-01-23","purchased_purges":2,"victory":false,"max_hp_per_floor":[70,70,70,70,70,70,70,70,70,70,70,70,70,70,70,70,70,70,70,70,70,70,70,70,70,70,70,70,70,70,70,70,70,70,70,66,66,66,66,66,66,66,66,66,66,66,66,66,66,66],"card_choices":[{"not_picked":["Accuracy","Bane"],"picked":"Poisoned Stab","floor":1.0},{"not_picked":["Reflex","Blade Dance"],"picked":"Bouncing Flask","floor":2.0},{"not_picked":["Sucker Punch","Outmaneuver"],"picked":"Deflect","floor":3.0},{"not_picked":["Poisoned Stab","PiercingWail+1"],"picked":"Deflect+1","floor":7.0},{"not_picked":["Setup+1","Flechettes"],"picked":"Dodge and Roll+1","floor":8.0},{"not_picked":["Prepared+1","Dodge and Roll+1"],"picked":"Leg Sweep+1","floor":10},{"not_picked":["Grand Finale","Backflip+1"],"picked":"Cloak And Dagger+1","floor":11},{"not_picked":["Dodge and Roll+1","Acrobatics+1","Poisoned Stab"],"picked":"SKIP","floor":12},{"not_picked":["Prepared+1","Accuracy","Flying Knee"],"picked":"SKIP","floor":13},{"not_picked":["Underhanded Strike","Well Laid Plans"],"picked":"Blade Dance+1","floor":14},{"not_picked":["Venomology+1","Unload"],"picked":"Tools of the Trade","floor":16},{"not_picked":["Dodge and Roll+1","Bane"],"picked":"Deadly Poison+1","floor":18},{"not_picked":["Outmaneuver+1","Blade Dance+1"],"picked":"Choke","floor":21},{"not_picked":["Skewer","Poisoned Stab"],"picked":"Cloak And Dagger+1","floor":22},{"not_picked":["Heel Hook","Calculated Gamble+1"],"picked":"Flying Knee+1","floor":24},{"not_picked":["Dagger Throw","Dodge and Roll+1"],"picked":"Choke+1","floor":27},{"not_picked":["Poisoned Stab","Distraction+1"],"picked":"Crippling Poison+1","floor":29},{"not_picked":["PiercingWail+1","Phantasmal Killer+1"],"picked":"Tactician+1","floor":30},{"not_picked":["Grand Finale","Malaise+1"],"picked":"Bullet Time+1","floor":33},{"not_picked":["Heel Hook","Bane"],"picked":"Deadly Poison+1","floor":35},{"not_picked":["Choke","Poisoned Stab"],"picked":"Eviscerate+1","floor":38},{"not_picked":["Slice","Blade Dance+1"],"picked":"Acrobatics+1","floor":40},{"not_picked":["Concentrate+1","Cloak And Dagger+1"],"picked":"Blade Dance+1","floor":41},{"not_picked":["PiercingWail+1","Predator+1"],"picked":"Acrobatics+1","floor":44},{"not_picked":["Outmaneuver+1","Unload","Dagger Spray+1"],"picked":"SKIP","floor":46},{"not_picked":["Dagger Throw+1","Dodge and Roll+1"],"picked":"Escape Plan+1","floor":48},{"not_picked":["Poisoned Stab+1","Dagger Throw"],"picked":"Calculated Gamble+1","floor":49}],"player_experience":299712,"relics_obtained":[{"floor":5.0,"key":"Toxic Egg 2"},{"floor":7.0,"key":"Snake Skull"},{"floor":11,"key":"Anchor"},{"floor":21,"key":"Red Mask"},{"floor":24,"key":"Ninja Scroll"},{"floor":26,"key":"Peace Pipe"},{"floor":30,"key":"Omamori"},{"floor":31,"key":"Sundial"},{"floor":38,"key":"Calipers"},{"floor":41,"key":"Ice Cream"},{"floor":43,"key":"Mummified Hand"},{"floor":48,"key":"Happy Flower"}],"event_choices":[{"damage_healed":0,"gold_gain":0,"player_choice":"Ignored","damage_taken":0,"max_hp_gain":0,"max_hp_loss":0,"event_name":"Vampires","floor":19,"gold_loss":0},{"damage_healed":0,"gold_gain":0,"player_choice":"Opened","damage_taken":0,"relics_obtained":["Vajra"],"max_hp_gain":0,"max_hp_loss":0,"event_name":"The Mausoleum","floor":20,"gold_loss":0},{"damage_healed":0,"gold_gain":0,"player_choice":"Fought Bandits","damage_taken":0,"max_hp_gain":0,"max_hp_loss":0,"event_name":"Masked Bandits","floor":21,"gold_loss":0},{"damage_healed":0,"gold_gain":99,"player_choice":"Stole From Cult","damage_taken":0,"max_hp_gain":0,"max_hp_loss":0,"event_name":"Nest","floor":28,"gold_loss":0},{"damage_healed":0,"gold_gain":0,"player_choice":"Max HP","damage_taken":0,"max_hp_gain":0,"max_hp_loss":4,"event_name":"Winding Halls","floor":36,"gold_loss":0},{"damage_healed":0,"gold_gain":0,"player_choice":"Fight","damage_taken":0,"max_hp_gain":0,"max_hp_loss":0,"event_name":"MindBloom","floor":38,"gold_loss":0},{"damage_healed":0,"gold_gain":0,"player_choice":"Fight","damage_taken":0,"max_hp_gain":0,"max_hp_loss":0,"event_name":"Mysterious Sphere","floor":41,"gold_loss":0}],"is_beta":false,"boss_relics":[{"not_picked":["Empty Cage","White Beast Statue"],"picked":"Fusion Hammer"},{"not_picked":["Calling Bell","Busted Crown"],"picked":"HoveringKite"}],"items_purged_floors":[4,25],"is_endless":false,"potions_floor_spawned":[1,7,14,18,24,30,35,48],"killed_by":"Time Eater","ascension_level":5}