{"path_per_floor":["M","$","M","$","?","R","M","T","T","?","R","M","M","M","R","B",null,"M","$","?","$","?","R","M","M","T","R","M","?","M","M","R"],"character_chosen":"DEFECT","items_purchased":["Panache","Chaos"],"gold_per_floor":[359,8,20,20,20,20,31,58,58,88,88,104,118,134,134,233,233,250,150,150,25,25,25,41,61,112,112,128,128,138,152,152,152],"floor_reached":33,"campfire_rested":1,"playtime":1236,"current_hp_per_floor":[67,67,58,58,51,51,51,51,51,51,51,51,50,48,48,30,68,62,62,62,62,62,62,53,43,43,43,36,36,31,22,41,0],"items_purged":["Strike_B","Regret","Parasite"],"gold":152,"score":251,"play_id":"3effc338-a0fd-41ad-8f85-e1a6d1aa4eaa","local_time":"20180427080426","is_prod":false,"is_daily":false,"chose_seed":false,"is_ascension_mode":true,"campfire_upgraded":4,"timestamp":1524827066,"path_taken":["M","$","M","$","?","R","M","?","T","?","R","M","M","M","R","BOSS","M","$","?","$","?","R","M","M","T","R","M","?","M","M","R","BOSS"],"build_version":"2018-04-26v2","seed_source_timestamp":9233976835107,"purchased_purges":4,"victory":false,"master_deck":["Strike_B","Strike_B","Defend_B","Defend_B","Defend_B","Defend_B","Zap+1","Dualcast+1","Coolheaded","Panache","Chaos+1","Coolheaded","Capacitor","Allocate+1","Rainbow","Seek","Beam Cell","Defragment","Static Discharge+1","Impulse","Streamline+1"],"max_hp_per_floor":[68,68,68,68,68,68,68,68,68,68,68,68,68,68,68,68,68,68,68,68,65,65,65,65,65,65,65,65,65,65,65,65,65],"relics":["Cracked Core","Bag of Preparation","Anchor","Calling Bell","Shovel","Question Card","Dream Catcher","Vajra","Lantern","Oddly Smooth Stone"],"card_choices":[{"not_picked":["Skim","Sweeping Beam"],"picked":"Coolheaded","floor":1},{"not_picked":["Storm","Skim"],"picked":"Coolheaded","floor":3},{"not_picked":["Sweeping Beam","Coolheaded"],"picked":"Capacitor","floor":7},{"not_picked":["Buffer","Rebound"],"picked":"Allocate","floor":12},{"not_picked":["Self Repair","Recycle"],"picked":"Rainbow","floor":14},{"not_picked":["Machine Learning","Fission"],"picked":"Seek","floor":16},{"not_picked":["Barrage","Hello World","Stack"],"picked":"Beam Cell","floor":18},{"not_picked":["Static Discharge","Self Repair","Cold Snap"],"picked":"Defragment","floor":24},{"not_picked":["Stack","Hologram","Coolheaded"],"picked":"Static Discharge","floor":28},{"not_picked":["Hello World","Chaos","Coolheaded"],"picked":"Impulse","floor":31},{"not_picked":["Static Discharge","Axe Kick","Stack"],"picked":"Streamline","floor":32}],"player_experience":768918,"potions_floor_usage":[18,28,30,31],"damage_taken":[{"damage":1,"enemies":"Cultist","floor":1,"turns":4},{"damage":9,"enemies":"2 Louse","floor":3,"turns":3},{"damage":0,"enemies":"Small Slimes","floor":7,"turns":3},{"damage":0,"enemies":"Exordium Wildlife","floor":12,"turns":3},{"damage":1,"enemies":"3 Louse","floor":13,"turns":5},{"damage":2,"enemies":"Blue Slaver","floor":14,"turns":4},{"damage":18,"enemies":"Hexaghost","floor":16,"turns":8},{"damage":6,"enemies":"Chosen","floor":18,"turns":4},{"damage":9,"enemies":"3 Byrds","floor":24,"turns":4},{"damage":10,"enemies":"Snecko","floor":25,"turns":5},{"damage":7,"enemies":"Snake Plant","floor":28,"turns":3},{"damage":5,"enemies":"Sentry and Sphere","floor":30,"turns":6},{"damage":9,"enemies":"Cultist and Chosen","floor":31,"turns":5},{"damage":55,"enemies":"Collector","floor":33,"turns":6}],"event_choices":[{"event_name":"Golden Wing","player_choice":"Card Removal","floor":5,"damage_taken":0},{"event_name":"Dead Adventurer","player_choice":"Searched \u00271\u0027 times","floor":10,"damage_taken":0},{"event_name":"The Woman in Blue","player_choice":"Bought 0 Potions","floor":20,"damage_taken":0},{"event_name":"Back to Basics","player_choice":"Elegance","floor":22,"damage_taken":0},{"event_name":"The Mausoleum","player_choice":"Yes","floor":29,"damage_taken":0}],"boss_relics":[{"not_picked":["Runic Dome","Ectoplasm"],"picked":"Calling Bell"}],"potions_floor_spawned":[3,13,16,24,30,31],"seed_played":"233615316034644925","killed_by":"Collector","ascension_level":1,"is_trial":false}