{"gold_per_floor":[116,116,66,77,77,77,97,128,128,128,157,3,33,43,43,43],"floor_reached":16,"playtime":564,"items_purged":["Strike_B"],"score":130,"play_id":"5233bcb5-3f05-48d4-be0f-92861a27c652","local_time":"20180702170739","is_ascension_mode":true,"campfire_choices":[{"data":"Zap","floor":6,"key":"SMITH"},{"floor":10,"key":"REST"},{"floor":15,"key":"REST"}],"neow_cost":"TEN_PERCENT_HP_LOSS","seed_source_timestamp":22949910567348,"circlet_count":0,"master_deck":["Strike_B","Defend_B","Defend_B","Defend_B","Zap+1","Dualcast","All For One","Sweeping Beam","FTL","Gash","Capacitor","Chaos","Self Repair","Hologram"],"relics":["Cracked Core","Bottled Lightning","Vajra","Prayer Wheel","Bronze Scales"],"potions_floor_usage":[11,13,14,16],"damage_taken":[{"damage":2,"enemies":"2 Louse","floor":1,"turns":2},{"damage":7,"enemies":"Jaw Worm","floor":4,"turns":3},{"damage":8,"enemies":"Small Slimes","floor":7,"turns":2},{"damage":14,"enemies":"Gremlin Nob","floor":8,"turns":3},{"damage":18,"enemies":"Lagavulin","floor":11,"turns":3},{"damage":22,"enemies":"3 Sentries","floor":13,"turns":5},{"damage":0,"enemies":"Exordium Wildlife","floor":14,"turns":2},{"damage":40,"enemies":"The Guardian","floor":16,"turns":7}],"seed_played":"3713210772852484968","potions_obtained":[{"floor":4,"key":"Block Potion"},{"floor":7,"key":"Energy Potion"},{"floor":8,"key":"PowerPotion"},{"floor":14,"key":"SteroidPotion"}],"is_trial":false,"path_per_floor":["M","?","?","M","?","R","M","E","T","R","E","$","E","M","R"],"character_chosen":"DEFECT","items_purchased":["Self Repair"],"campfire_rested":2,"item_purchase_floors":[12],"current_hp_per_floor":[66,66,66,59,52,52,44,30,30,50,32,32,17,17,37,0],"gold":43,"neow_bonus":"THREE_RARE_CARDS","is_prod":false,"is_daily":false,"chose_seed":false,"campfire_upgraded":1,"win_rate":0,"timestamp":1530562059,"path_taken":["M","?","?","M","?","R","M","E","T","R","E","$","E","M","R","BOSS"],"build_version":"2018-06-29","purchased_purges":1,"victory":false,"max_hp_per_floor":[68,68,68,68,68,68,68,68,68,68,68,68,68,68,68,68],"card_choices":[{"not_picked":["Core Surge","Electrodynamics"],"picked":"All For One","floor":0},{"not_picked":["Rebound","Heatsinks"],"picked":"Sweeping Beam","floor":1},{"not_picked":["Gash","Reinforced Body"],"picked":"FTL","floor":4},{"not_picked":["Capacitor","Reinforced Body"],"picked":"Gash","floor":7},{"not_picked":["Streamline","Machine Learning"],"picked":"Capacitor","floor":8},{"not_picked":["Streamline","Reprogram"],"picked":"Chaos","floor":11},{"not_picked":["Coolheaded","Static Discharge","Steam"],"picked":"SKIP","floor":13},{"not_picked":["Streamline","Compile Driver"],"picked":"Hologram","floor":14},{"not_picked":["Barrage","Skim","Blizzard"],"picked":"SKIP","floor":14}],"player_experience":811413,"relics_obtained":[{"floor":8,"key":"Bottled Lightning"},{"floor":9,"key":"Vajra"},{"floor":11,"key":"Prayer Wheel"},{"floor":13,"key":"Bronze Scales"}],"event_choices":[{"event_name":"Living Wall","player_choice":"Forget","floor":2,"damage_taken":0},{"event_name":"The Cleric","player_choice":"Card Removal","floor":3,"damage_taken":0},{"event_name":"Golden Wing","player_choice":"Card Removal","floor":5,"damage_taken":0}],"boss_relics":[],"items_purged_floors":[12],"is_endless":false,"potions_floor_spawned":[4,7,8,14],"killed_by":"The Guardian","ascension_level":2}