{"gold_per_floor":[111,130,130,140,140,140,169,183,183,194,194,194,46,64,64,166,166,182,182,0,0,0,0,30,30,30,40,40,55,71,71,71,71],"floor_reached":33,"playtime":1054,"items_purged":["Defend_B","Strike_B"],"score":370,"play_id":"abbefe60-9728-4abf-8507-fbafd9ec040e","local_time":"20190116191542","is_ascension_mode":true,"campfire_choices":[{"data":"Rip and Tear","floor":6,"key":"SMITH"},{"floor":15,"key":"REST"},{"data":"Double Energy","floor":23,"key":"SMITH"},{"floor":25,"key":"REST"},{"floor":32,"key":"REST"}],"neow_cost":"NONE","seed_source_timestamp":17176221912719,"circlet_count":0,"master_deck":["Strike_B+1","Strike_B","Defend_B","Defend_B","Defend_B","Zap+1","Dualcast","Hologram","Rip and Tear+1","Compile Driver","Cold Snap","Sweeping Beam+1","Coolheaded","Double Energy+1","Electrodynamics","Buffer","Coolheaded+1","Static Discharge","Defragment+1","Ghostly","Ghostly","Ghostly","Ghostly","Ghostly"],"relics":["Cracked Core","NeowsBlessing","Mummified Hand","Thread and Needle","Matryoshka","Sozu","Nilry\u0027s Codex","Peace Pipe","Blue Candle","Frozen Egg 2","Happy Flower"],"potions_floor_usage":[7],"damage_taken":[{"damage":0,"enemies":"Jaw Worm","floor":1,"turns":1},{"damage":0,"enemies":"Small Slimes","floor":2,"turns":1},{"damage":0,"enemies":"Cultist","floor":4,"turns":1},{"damage":27,"enemies":"3 Sentries","floor":7,"turns":6},{"damage":0,"enemies":"Exordium Thugs","floor":8,"turns":3},{"damage":8,"enemies":"Exordium Wildlife","floor":10,"turns":3},{"damage":7,"enemies":"Looter","floor":14,"turns":2},{"damage":6,"enemies":"Slime Boss","floor":16,"turns":6},{"damage":0,"enemies":"3 Byrds","floor":18,"turns":2},{"damage":31,"enemies":"Gremlin Leader","floor":24,"turns":4},{"damage":0,"enemies":"Shell Parasite","floor":27,"turns":5},{"damage":8,"enemies":"Snake Plant","floor":29,"turns":3},{"damage":6,"enemies":"Sentry and Sphere","floor":30,"turns":4},{"damage":39,"enemies":"Automaton","floor":33,"turns":6}],"seed_played":"-3697692939635347191","potions_obtained":[{"floor":1,"key":"SpeedPotion"},{"floor":16,"key":"FearPotion"}],"is_trial":false,"path_per_floor":["M","M","?","M","?","R","E","M","T","M","T","?","$","M","R","B",null,"M","?","$","?","$","R","E","R","T","M","?","M","M","?","R","B"],"character_chosen":"DEFECT","items_purchased":["Double Energy","Static Discharge"],"campfire_rested":3,"item_purchase_floors":[13,20],"current_hp_per_floor":[68,68,61,61,46,46,19,19,19,11,11,11,11,4,26,20,61,61,45,45,45,45,45,14,36,36,36,22,14,8,8,20,0],"gold":71,"neow_bonus":"THREE_ENEMY_KILL","is_prod":false,"is_daily":false,"chose_seed":false,"campfire_upgraded":2,"win_rate":0,"timestamp":1547673342,"path_taken":["M","M","?","M","?","R","E","M","T","M","?","?","$","?","R","BOSS","M","?","$","?","$","R","E","R","T","M","?","M","M","?","R","BOSS"],"build_version":"2019-01-14v2","purchased_purges":2,"victory":false,"max_hp_per_floor":[75,75,75,75,75,75,75,75,75,75,75,75,75,75,75,75,75,75,75,75,75,75,75,75,75,75,75,80,80,80,40,40,40],"card_choices":[{"not_picked":["Steam","Turbo"],"picked":"Hologram","floor":1},{"not_picked":["Hologram","Darkness"],"picked":"Rip and Tear","floor":2},{"not_picked":["Leap","Steam"],"picked":"Compile Driver","floor":4},{"not_picked":["Ball Lightning","Compile Driver"],"picked":"Cold Snap","floor":7},{"not_picked":["Melter","Hologram"],"picked":"Sweeping Beam","floor":8},{"not_picked":["Beam Cell","Steam"],"picked":"Coolheaded","floor":10},{"not_picked":["Auto Shields","Blizzard"],"picked":"Electrodynamics","floor":14},{"not_picked":["Biased Cognition","Seek"],"picked":"Buffer","floor":16},{"not_picked":["Sunder","Streamline"],"picked":"Coolheaded+1","floor":18},{"not_picked":["Glacier","Steam","Barrage"],"picked":"SKIP","floor":24},{"not_picked":["Core Surge","Streamline","Go for the Eyes"],"picked":"SKIP","floor":27},{"not_picked":["Sweeping Beam","Ball Lightning","Leap+1"],"picked":"SKIP","floor":29},{"not_picked":["Stack","Reinforced Body+1"],"picked":"Defragment+1","floor":30}],"player_experience":910863,"relics_obtained":[{"floor":7,"key":"Mummified Hand"},{"floor":9,"key":"Thread and Needle"},{"floor":11,"key":"Matryoshka"},{"floor":19,"key":"Nilry\u0027s Codex"},{"floor":24,"key":"Blue Candle"},{"floor":26,"key":"Frozen Egg 2"},{"floor":26,"key":"Happy Flower"}],"event_choices":[{"cards_removed":["Strike_B"],"damage_healed":0,"gold_gain":0,"player_choice":"Card Removal","damage_taken":7,"max_hp_gain":0,"max_hp_loss":0,"event_name":"Golden Wing","floor":3,"gold_loss":0},{"damage_healed":0,"gold_gain":0,"player_choice":"Entered Light","damage_taken":15,"max_hp_gain":0,"max_hp_loss":0,"event_name":"Shining Light","floor":5,"gold_loss":0,"cards_upgraded":["Strike_B","Zap"]},{"damage_healed":0,"gold_gain":0,"player_choice":"Upgraded","damage_taken":0,"max_hp_gain":0,"max_hp_loss":0,"event_name":"Upgrade Shrine","floor":12,"gold_loss":0,"cards_upgraded":["Sweeping Beam"]},{"damage_healed":0,"gold_gain":0,"player_choice":"Obtained Book","damage_taken":16,"max_hp_gain":0,"max_hp_loss":0,"event_name":"Cursed Tome","floor":19,"gold_loss":0},{"damage_healed":0,"gold_gain":0,"player_choice":"Opened","damage_taken":0,"relics_obtained":["Peace Pipe"],"max_hp_gain":0,"max_hp_loss":0,"event_name":"The Mausoleum","floor":21,"gold_loss":0},{"damage_healed":0,"gold_gain":0,"player_choice":"Shed Blood","damage_taken":19,"max_hp_gain":5,"max_hp_loss":0,"event_name":"Forgotten Altar","floor":28,"gold_loss":0},{"damage_healed":0,"gold_gain":0,"player_choice":"Became a Ghost","damage_taken":0,"max_hp_gain":0,"max_hp_loss":40,"event_name":"Ghosts","floor":31,"gold_loss":0,"cards_obtained":["Ghostly","Ghostly","Ghostly","Ghostly","Ghostly"]}],"is_beta":true,"boss_relics":[{"not_picked":["Runic Pyramid","Black Star"],"picked":"Sozu"}],"items_purged_floors":[13,20],"is_endless":false,"potions_floor_spawned":[1,16,18,24,30],"killed_by":"Automaton","ascension_level":6}