{"gold_per_floor":[115,190,190,208,223,253,253,21,67,77,92,92,107,282,282,387,387,403,419,419,419,267,267,267,294,317,317,336,351,82,82],"floor_reached":31,"playtime":2176,"items_purged":["Strike_B","Strike_B","Doubt"],"score":268,"play_id":"196b3e5d-9010-4ebb-be68-0450dc4e3c12","local_time":"20180919222415","is_ascension_mode":true,"campfire_choices":[{"floor":7,"key":"REST"},{"floor":12,"key":"REST"},{"data":"Chaos","floor":15,"key":"SMITH"},{"data":"Sunder","floor":23,"key":"SMITH"},{"floor":27,"key":"REST"}],"neow_cost":"","seed_source_timestamp":465513176314396,"circlet_count":0,"master_deck":["Strike_B","Defend_B","Defend_B","Defend_B","Defend_B","Zap","Dualcast","Chaos","Hologram","FTL","Chill","Go for the Eyes","Chaos+1","Gash","Cold Snap","Machine Learning","FTL+1","Blizzard+1","Sunder+1","Leap","Cold Snap","Rebound","Barrage"],"relics":["Cracked Core","Centennial Puzzle","Bag of Preparation","Inserter","Nloth\u0027s Gift","Bag of Marbles","Orichalcum","PreservedInsect"],"potions_floor_usage":[6,16,16,25],"damage_taken":[{"damage":10,"enemies":"Jaw Worm","floor":1,"turns":4},{"damage":5,"enemies":"Cultist","floor":4,"turns":4},{"damage":5,"enemies":"Small Slimes","floor":5,"turns":3},{"damage":8,"enemies":"Lagavulin","floor":6,"turns":7},{"damage":1,"enemies":"2 Fungi Beasts","floor":10,"turns":4},{"damage":6,"enemies":"Exordium Wildlife","floor":11,"turns":5},{"damage":0,"enemies":"3 Louse","floor":13,"turns":3},{"damage":28,"enemies":"The Guardian","floor":16,"turns":14},{"damage":13,"enemies":"Spheric Guardian","floor":18,"turns":4},{"damage":1,"enemies":"Chosen","floor":19,"turns":4},{"damage":51,"enemies":"Gremlin Leader","floor":25,"turns":8},{"damage":16,"enemies":"Centurion and Healer","floor":28,"turns":4},{"damage":0,"enemies":"3 Cultists","floor":29,"turns":3},{"damage":22,"enemies":"Sentry and Sphere","floor":31,"turns":3}],"seed_played":"-2803294921239293028","potions_obtained":[{"floor":1,"key":"SpeedPotion"},{"floor":4,"key":"PowerPotion"},{"floor":11,"key":"Swift Potion"},{"floor":13,"key":"SteroidPotion"},{"floor":18,"key":"SpeedPotion"}],"is_trial":false,"path_per_floor":["M","?","?","M","M","E","R","$","T","M","M","R","M","?","R","B",null,"M","M","?","?","$","R","?","E","T","R","M","M","$"],"character_chosen":"DEFECT","items_purchased":["Art of War","Leap","PreservedInsect"],"campfire_rested":3,"item_purchase_floors":[8,22,30],"current_hp_per_floor":[65,58,58,53,48,40,62,62,62,61,55,75,75,75,75,47,75,62,61,61,61,61,61,61,10,10,32,16,16,16,0],"gold":82,"neow_bonus":"","is_prod":false,"is_daily":false,"chose_seed":false,"campfire_upgraded":2,"win_rate":0,"timestamp":1537421055,"path_taken":["M","?","?","?","M","E","R","?","T","M","M","R","M","?","R","BOSS","M","M","?","?","$","R","?","E","T","R","M","M","$","M"],"build_version":"2018-09-06","purchased_purges":3,"victory":false,"max_hp_per_floor":[75,75,75,75,75,75,75,75,75,75,75,75,75,75,75,75,75,75,75,75,75,75,75,75,75,75,75,75,75,75,75],"card_choices":[{"not_picked":["Skim","Leap"],"picked":"Chaos","floor":1},{"not_picked":["Skim","Redo"],"picked":"FTL","floor":4},{"not_picked":["White Noise","Streamline"],"picked":"Chill","floor":5},{"not_picked":["Sweeping Beam","Cold Snap"],"picked":"Go for the Eyes","floor":6},{"not_picked":["Compile Driver","Sweeping Beam"],"picked":"Chaos","floor":10},{"not_picked":["Force Field","Barrage"],"picked":"Gash","floor":11},{"not_picked":["Blizzard","Hologram"],"picked":"Cold Snap","floor":13},{"not_picked":["Meteor Strike","All For One"],"picked":"Machine Learning","floor":16},{"not_picked":["Cold Snap","Rebound"],"picked":"FTL+1","floor":18},{"not_picked":["Compile Driver","Rebound"],"picked":"Blizzard+1","floor":19},{"not_picked":["Meteor Strike","Multi-Cast"],"picked":"Cold Snap","floor":25},{"not_picked":["Stack","Tempest"],"picked":"Rebound","floor":28},{"not_picked":["Steam","Meteor Strike"],"picked":"Barrage","floor":29}],"player_experience":121926,"relics_obtained":[{"floor":6,"key":"Centennial Puzzle"},{"floor":9,"key":"Bag of Preparation"},{"floor":25,"key":"Bag of Marbles"},{"floor":26,"key":"Orichalcum"}],"event_choices":[{"event_name":"FaceTrader","player_choice":"Touch","floor":2,"damage_taken":0},{"event_name":"Transmorgrifier","player_choice":"Transform","floor":3,"damage_taken":0},{"event_name":"Liars Game","player_choice":"agreed","floor":14,"damage_taken":0},{"event_name":"The Library","player_choice":"Read","floor":20,"damage_taken":0},{"event_name":"The Woman in Blue","player_choice":"Bought 0 Potions","floor":21,"damage_taken":0},{"event_name":"N\u0027loth","player_choice":"Traded a Art of War","floor":24,"damage_taken":0}],"is_beta":false,"boss_relics":[{"not_picked":["FrozenCore","Empty Cage"],"picked":"Inserter"}],"items_purged_floors":[8,22,30],"is_endless":false,"potions_floor_spawned":[1,4,11,13,18],"killed_by":"Sentry and Sphere","ascension_level":1}