{"gold_per_floor":[115,130,130,38,113,147,147,178,178,192,192,192,192,217,217,340,340,355,47,47,61,81,81,81,81,81,104,129,129],"floor_reached":29,"playtime":828,"items_purged":[],"score":280,"play_id":"58cb9284-0577-4cad-a9dd-dab654e47b98","local_time":"20190227132557","is_ascension_mode":true,"campfire_choices":[{"floor":7,"key":"REST"},{"data":"Perfected Strike","floor":11,"key":"SMITH"},{"data":"Defend_R","floor":13,"key":"SMITH"},{"data":"Twin Strike","floor":15,"key":"SMITH"},{"data":"Offering","floor":23,"key":"SMITH"},{"floor":24,"key":"REST"},{"data":"Sword Boomerang","floor":25,"key":"SMITH"}],"neow_cost":"PERCENT_DAMAGE","seed_source_timestamp":62535365695503,"circlet_count":0,"master_deck":["Strike_R","Strike_R","Strike_R","Strike_R","Defend_R","Defend_R","Defend_R","Defend_R+1","Bash","Clash","Twin Strike+1","Flash of Steel","Sword Boomerang+1","Pummel","Perfected Strike+1","Anger","Offering+1","Rage+1","Pummel+1","Anger"],"relics":["Black Blood","WingedGreaves","Darkstone Periapt","Juzu Bracelet","Pantograph","Golden Idol","TheAbacus"],"potions_floor_usage":[8,21,28,29],"damage_taken":[{"damage":4,"enemies":"Small Slimes","floor":1,"turns":4},{"damage":1,"enemies":"Cultist","floor":2,"turns":3},{"damage":30,"enemies":"Lagavulin","floor":6,"turns":5},{"damage":29,"enemies":"Gremlin Nob","floor":8,"turns":4},{"damage":7,"enemies":"Jaw Worm","floor":10,"turns":2},{"damage":0,"enemies":"Large Slime","floor":14,"turns":3},{"damage":8,"enemies":"Slime Boss","floor":16,"turns":7},{"damage":16,"enemies":"2 Thieves","floor":18,"turns":4},{"damage":21,"enemies":"Shell Parasite","floor":21,"turns":3},{"damage":34,"enemies":"Cultist and Chosen","floor":22,"turns":6},{"damage":10,"enemies":"Centurion and Healer","floor":27,"turns":5},{"damage":16,"enemies":"Snecko","floor":28,"turns":4},{"damage":57,"enemies":"Slavers","floor":29,"turns":4}],"seed_played":"-9053399363078696072","potions_obtained":[{"floor":1,"key":"EssenceOfSteel"},{"floor":6,"key":"Poison Potion"},{"floor":8,"key":"Energy Potion"},{"floor":22,"key":"FearPotion"},{"floor":28,"key":"Weak Potion"}],"is_trial":false,"path_per_floor":["M","M","?","$","?","E","R","E","T","M","R","?","R","M","R","B",null,"M","$","?","M","M","R","R","R","T","M","M","E"],"character_chosen":"IRONCLAD","items_purchased":["Flash of Steel","Fruit Juice","TheAbacus"],"campfire_rested":2,"item_purchase_floors":[4,19,19],"current_hp_per_floor":[58,63,63,63,52,28,52,29,29,28,28,28,28,34,34,57,74,68,68,68,62,38,38,61,61,61,61,55,0],"gold":129,"neow_bonus":"ONE_RARE_RELIC","is_prod":false,"is_daily":false,"chose_seed":false,"campfire_upgraded":5,"win_rate":0,"timestamp":1551295557,"path_taken":["M","M","?","?","?","E","R","E","T","M","R","?","R","M","R","BOSS","M","$","?","M","M","R","R","R","T","M","M","E"],"build_version":"2019-01-23","purchased_purges":0,"victory":false,"max_hp_per_floor":[80,80,80,80,80,80,80,80,80,80,80,74,74,74,74,74,74,74,74,74,79,79,79,79,79,79,79,79,79],"card_choices":[{"not_picked":["Sever Soul","Flex"],"picked":"Clash","floor":1},{"not_picked":["Disarm","Havoc"],"picked":"Twin Strike","floor":2},{"not_picked":["Clash","Evolve"],"picked":"Sword Boomerang","floor":6},{"not_picked":["Corruption","Shockwave"],"picked":"Pummel","floor":8},{"not_picked":["Twin Strike","Flex"],"picked":"Perfected Strike","floor":10},{"not_picked":["Body Slam","Headbutt"],"picked":"Anger","floor":14},{"not_picked":["Barricade","Fiend Fire"],"picked":"Offering","floor":16},{"not_picked":["Flame Barrier","Disarm","Heavy Blade"],"picked":"SKIP","floor":18},{"not_picked":["Combust","Iron Wave"],"picked":"Rage+1","floor":21},{"not_picked":["Thunderclap","Disarm","Body Slam+1"],"picked":"SKIP","floor":22},{"not_picked":["Body Slam","Flame Barrier"],"picked":"Pummel+1","floor":27},{"not_picked":["Intimidate","Hemokinesis"],"picked":"Anger","floor":28}],"player_experience":263930,"relics_obtained":[{"floor":6,"key":"Darkstone Periapt"},{"floor":8,"key":"Juzu Bracelet"},{"floor":9,"key":"Pantograph"}],"event_choices":[{"cards_removed":["Strike_R"],"damage_healed":0,"gold_gain":0,"player_choice":"Purged","damage_taken":0,"max_hp_gain":0,"max_hp_loss":0,"event_name":"Purifier","floor":3,"gold_loss":0},{"damage_healed":0,"gold_gain":75,"player_choice":"Gather Gold","damage_taken":11,"max_hp_gain":0,"max_hp_loss":0,"event_name":"World of Goop","floor":5,"gold_loss":0},{"damage_healed":0,"gold_gain":0,"player_choice":"Lose Max HP","damage_taken":0,"relics_obtained":["Golden Idol"],"max_hp_gain":0,"max_hp_loss":6,"event_name":"Golden Idol","floor":12,"gold_loss":0},{"damage_healed":0,"gold_gain":0,"player_choice":"Ignored","damage_taken":0,"max_hp_gain":0,"max_hp_loss":0,"event_name":"Ghosts","floor":20,"gold_loss":0}],"is_beta":false,"boss_relics":[{"not_picked":["Velvet Choker","Tiny House"],"picked":"Black Blood"}],"items_purged_floors":[],"is_endless":false,"potions_floor_spawned":[1,6,8,22,28],"killed_by":"Slavers","ascension_level":4}