{"path_per_floor":["M","?","?","M","M","R","M","M","T","M","R","M","$","M","R","B",null,"M","?","M","T","?","R","E","R","T","T","M","M","M","?","R"],"character_chosen":"THE_SILENT","items_purchased":[],"gold_per_floor":[99,99,99,99,99,99,84,84,84,84,84,84,9,9,9,9,9,9,9,9,9,9,9,9,9,9,9,9,9,9,9,9],"floor_reached":33,"campfire_rested":2,"playtime":1969,"current_hp_per_floor":[61,49,49,49,49,49,38,29,29,29,50,50,50,50,50,41,61,60,60,60,60,60,60,42,42,42,42,34,31,30,30,50],"items_purged":["Parasite"],"gold":9,"score":418,"play_id":"ef470efa-bad1-43bf-9d7f-646622684a48","local_time":"20180308173118","is_prod":false,"is_daily":false,"is_ascension_mode":true,"campfire_upgraded":4,"timestamp":1520541078,"path_taken":["M","?","?","?","M","R","M","M","T","M","R","?","$","M","R","BOSS","M","?","?","?","?","R","E","R","T","?","?","M","M","?","R","BOSS"],"build_version":"2018-03-01-PROD1","purchased_purges":1,"victory":false,"master_deck":["Defend_G+1","Defend_G+1","Defend_G+1","Defend_G+1","Strike_G+1","Strike_G+1","Strike_G+1","Survivor","Neutralize+1","Skewer+1","Tools of the Trade","Cloak And Dagger","Outmaneuver+1","Flying Knee","PiercingWail","Glass Knife+1","Flying Knee+1","Malaise+1","Burst+1","Dagger Throw","Deflect"],"max_hp_per_floor":[70,70,70,70,70,70,70,70,70,70,70,70,67,67,67,67,67,67,67,67,67,67,67,67,67,67,67,67,67,67,67,67],"relics":["Ectoplasm","Tiny Chest","Thread and Needle","Astrolabe","Unceasing Top","Bag of Marbles","Anchor","Oddly Smooth Stone"],"card_choices":[{"not_picked":["Underhanded Strike","Leg Sweep"],"picked":"Skewer"},{"not_picked":["Cloak And Dagger","Skewer"],"picked":"Tools of the Trade"},{"not_picked":["Quick Slash","Setup"],"picked":"Cloak And Dagger"},{"not_picked":["Catalyst","Backflip"],"picked":"Outmaneuver"},{"not_picked":["Venomology","Acrobatics"],"picked":"Flying Knee"},{"not_picked":["Prepared","Dodge and Roll"],"picked":"PiercingWail"},{"not_picked":["Deadly Poison","Underhanded Strike"],"picked":"Burst"},{"not_picked":["Dagger Spray","PiercingWail"],"picked":"Dagger Throw"},{"not_picked":["Blade Dance","Sucker Punch"],"picked":"Deflect"}],"player_experience":544508,"potions_floor_usage":[7,10,10,16,24,30],"damage_taken":[{"damage":2,"enemies":"Cultist","floor":1,"turns":5},{"damage":0,"enemies":"Small Slimes","floor":4,"turns":3},{"damage":0,"enemies":"2 Louse","floor":5,"turns":3},{"damage":11,"enemies":"Looter","floor":7,"turns":2},{"damage":9,"enemies":"Red Slaver","floor":8,"turns":3},{"damage":0,"enemies":"3 Louse","floor":10,"turns":2},{"damage":0,"enemies":"Gremlin Gang","floor":12,"turns":6},{"damage":0,"enemies":"Red Slaver","floor":14,"turns":4},{"damage":9,"enemies":"The Guardian","floor":16,"turns":14},{"damage":1,"enemies":"Shell Parasite","floor":18,"turns":4},{"damage":0,"enemies":"Spheric Guardian","floor":20,"turns":3},{"damage":18,"enemies":"Slavers","floor":24,"turns":9},{"damage":8,"enemies":"Slaver and Parasite","floor":28,"turns":5},{"damage":3,"enemies":"3 Cultists","floor":29,"turns":7},{"damage":1,"enemies":"Snake Plant","floor":30,"turns":5},{"damage":53,"enemies":"Automaton","floor":33,"turns":12}],"event_choices":[{"event_name":"Scrap Ooze","player_choice":"success","floor":2,"damage_taken":12},{"event_name":"Golden Shrine","player_choice":"Skipped","floor":3,"damage_taken":0},{"event_name":"Addict","player_choice":"Ignored","floor":19,"damage_taken":0},{"event_name":"Drug Dealer","player_choice":"Ignored","floor":22,"damage_taken":0},{"event_name":"Back to Basics","player_choice":"Simplicity","floor":31,"damage_taken":0}],"boss_relics":[{"not_picked":["Runic Dome","Orrery"],"picked":"Astrolabe"}],"potions_floor_spawned":[5,7,8,14,16,28],"seed_played":"-8289492507307706039","killed_by":"Automaton","ascension_level":12,"is_trial":false}