{"gold_per_floor":[141,40,40,40,55,88,108,10,10,10,31,69,69,88,88,218,218,236,161,18,37,60,60],"floor_reached":23,"playtime":789,"items_purged":[],"score":231,"play_id":"71ebe4fe-728d-4ed5-a2a6-3c16af1fab27","local_time":"20190225232716","is_ascension_mode":true,"campfire_choices":[{"data":"White Noise","floor":15,"key":"SMITH"}],"neow_cost":"NONE","seed_source_timestamp":21683879387118,"circlet_count":0,"master_deck":["Strike_B","Strike_B+1","Defend_B","Defend_B","Defend_B","Defend_B+1","Zap","Dualcast","Self Repair","Barrage","Beam Cell","Sweeping Beam","White Noise+1","FTL","Finesse","Ball Lightning","Streamline","Steam","Creative AI","Leap","Cold Snap","Leap"],"relics":["Cracked Core","Tiny Chest","Matryoshka","Omamori","Darkstone Periapt","Golden Idol","Letter Opener","Velvet Choker","Bag of Preparation"],"potions_floor_usage":[6,12],"damage_taken":[{"damage":2,"enemies":"Jaw Worm","floor":1,"turns":3},{"damage":1,"enemies":"Small Slimes","floor":5,"turns":3},{"damage":37,"enemies":"3 Sentries","floor":6,"turns":7},{"damage":0,"enemies":"2 Louse","floor":7,"turns":3},{"damage":12,"enemies":"Looter","floor":11,"turns":3},{"damage":15,"enemies":"Lagavulin","floor":12,"turns":5},{"damage":5,"enemies":"2 Fungi Beasts","floor":14,"turns":3},{"damage":45,"enemies":"Hexaghost","floor":16,"turns":8},{"damage":32,"enemies":"Shell Parasite","floor":18,"turns":5},{"damage":16,"enemies":"Spheric Guardian","floor":21,"turns":4},{"damage":17,"enemies":"Centurion and Healer","floor":22,"turns":6},{"damage":31,"enemies":"Book of Stabbing","floor":23,"turns":5}],"seed_played":"5523324131362449398","potions_obtained":[{"floor":1,"key":"AttackPotion"},{"floor":6,"key":"FocusPotion"},{"floor":11,"key":"Swift Potion"},{"floor":14,"key":"Energy Potion"},{"floor":21,"key":"SkillPotion"}],"is_trial":false,"path_per_floor":["M","$","?","?","M","E","M","$","T","?","M","E","?","M","R","B",null,"M","?","$","M","M","E"],"character_chosen":"DEFECT","items_purchased":["Barrage","Beam Cell","Finesse","Bag of Preparation"],"campfire_rested":0,"item_purchase_floors":[2,2,8,20],"current_hp_per_floor":[73,73,73,58,64,34,41,41,41,41,36,28,53,55,55,17,75,50,50,50,41,31,0],"gold":60,"neow_bonus":"RANDOM_COMMON_RELIC","is_prod":false,"is_daily":false,"chose_seed":false,"campfire_upgraded":1,"win_rate":0,"timestamp":1551158836,"path_taken":["M","$","?","?","M","E","M","$","T","?","?","E","?","M","R","BOSS","M","?","$","M","M","E"],"build_version":"2019-01-23","purchased_purges":0,"victory":false,"max_hp_per_floor":[75,75,75,75,75,75,75,75,75,75,75,75,75,75,75,75,75,75,75,75,75,75,75],"card_choices":[{"not_picked":["Scrape","Doom and Gloom"],"picked":"Self Repair","floor":1},{"not_picked":["Compile Driver","Blizzard"],"picked":"Sweeping Beam","floor":5},{"not_picked":["Scrape","Redo"],"picked":"White Noise","floor":6},{"not_picked":["Barrage","Stack"],"picked":"FTL","floor":7},{"not_picked":["Sweeping Beam","Gash"],"picked":"Ball Lightning","floor":11},{"not_picked":["Doom and Gloom","All For One"],"picked":"Streamline","floor":12},{"not_picked":["Sweeping Beam","Streamline"],"picked":"Steam","floor":14},{"not_picked":["Rainbow","Core Surge"],"picked":"Creative AI","floor":16},{"not_picked":["Blizzard","Undo"],"picked":"Leap","floor":18},{"not_picked":["Redo","Turbo+1"],"picked":"Cold Snap","floor":21},{"not_picked":["Redo","Coolheaded"],"picked":"Leap","floor":22}],"player_experience":246615,"relics_obtained":[{"floor":6,"key":"Matryoshka"},{"floor":9,"key":"Omamori"},{"floor":9,"key":"Darkstone Periapt"},{"floor":12,"key":"Letter Opener"}],"event_choices":[{"cards_removed":["Strike_B"],"damage_healed":0,"gold_gain":0,"player_choice":"Forget","damage_taken":0,"max_hp_gain":0,"max_hp_loss":0,"event_name":"Living Wall","floor":3,"gold_loss":0},{"damage_healed":0,"gold_gain":0,"player_choice":"Entered Light","damage_taken":15,"max_hp_gain":0,"max_hp_loss":0,"event_name":"Shining Light","floor":4,"gold_loss":0,"cards_upgraded":["Strike_B","Defend_B"]},{"damage_healed":0,"gold_gain":0,"player_choice":"Take Wound","damage_taken":0,"relics_obtained":["Golden Idol"],"max_hp_gain":0,"max_hp_loss":0,"event_name":"Golden Idol","floor":10,"gold_loss":0,"cards_obtained":["Injury"]},{"damage_healed":25,"gold_gain":0,"player_choice":"Banana","damage_taken":0,"max_hp_gain":0,"max_hp_loss":0,"event_name":"Big Fish","floor":13,"gold_loss":0},{"cards_removed":["Strike_B"],"damage_healed":0,"gold_gain":0,"player_choice":"Gave Gold","damage_taken":0,"max_hp_gain":0,"max_hp_loss":0,"event_name":"Beggar","floor":19,"gold_loss":75}],"is_beta":false,"boss_relics":[{"not_picked":["Coffee Dripper","FrozenCore"],"picked":"Velvet Choker"}],"items_purged_floors":[],"is_endless":false,"potions_floor_spawned":[1,6,11,14,21],"killed_by":"Book of Stabbing","ascension_level":3}