{"path_per_floor":["M","?","T","$","?","R","E","R","T","M","M","M","?","M","R","B",null,"M","M","?","M","M","R","M","M","T","?","M","R","M","M","R"],"character_chosen":"THE_SILENT","items_purchased":[],"gold_per_floor":[113,63,88,13,88,88,115,115,115,135,151,168,268,283,283,386,386,402,417,417,434,451,451,466,480,505,505,523,523,537,547,547],"floor_reached":33,"campfire_rested":4,"playtime":2096,"current_hp_per_floor":[61,61,61,61,50,50,36,57,57,54,54,54,54,54,54,17,57,47,35,35,31,13,49,36,30,30,30,21,57,53,47,70],"items_purged":["Strike_G"],"gold":547,"score":329,"play_id":"0dc28975-1529-4a70-a0de-395c3d750be9","is_prod":false,"is_daily":false,"is_ascension_mode":true,"campfire_upgraded":2,"path_taken":["M","?","?","$","?","R","E","R","T","M","M","?","?","M","R","BOSS","M","M","?","M","?","R","M","M","T","?","M","R","?","M","R","BOSS"],"build_version":"2018-02-22-PROD1","purchased_purges":1,"victory":false,"master_deck":["Defend_G","Defend_G","Defend_G","Defend_G","Defend_G","Strike_G+1","Strike_G+1","Survivor","Neutralize+1","Backstab","Footwork","Dagger Spray+1","Predator","Bullet Time+1","Leg Sweep+1","Blade Dance+1","Cloak And Dagger","Masterful Stab+1","PiercingWail"],"max_hp_per_floor":[70,70,70,70,70,70,70,70,70,70,70,70,70,70,70,70,70,70,70,70,70,70,70,70,70,70,70,70,70,70,70,70],"relics":["Ring of the Snake","Orichalcum","Prayer Wheel","Regal Pillow","Sozu","Whetstone"],"card_choices":[{"not_picked":["Leg Sweep","Escape Plan"],"picked":"Backstab"},{"not_picked":["Poisoned Stab","Deflect"],"picked":"Footwork"},{"not_picked":["Blade Dance","PiercingWail"],"picked":"Dagger Spray"},{"not_picked":["Sucker Punch","Malaise"],"picked":"Predator"},{"not_picked":["Glass Knife","Envenom"],"picked":"Bullet Time"},{"not_picked":["Concentrate","Dodge and Roll"],"picked":"Leg Sweep"},{"not_picked":["Choke","Dagger Spray"],"picked":"Blade Dance"},{"not_picked":["Deadly Poison","Poisoned Stab"],"picked":"Cloak And Dagger"},{"not_picked":["Deflect","Dodge and Roll"],"picked":"Masterful Stab"},{"not_picked":["Reflex","Underhanded Strike"],"picked":"PiercingWail"}],"player_experience":238074,"potions_floor_usage":[7,16],"damage_taken":[{"damage":2,"enemies":"Small Slimes","floor":1,"turns":3},{"damage":14,"enemies":"3 Sentries","floor":7,"turns":17},{"damage":3,"enemies":"Jaw Worm","floor":10,"turns":5},{"damage":0,"enemies":"2 Louse","floor":11,"turns":3},{"damage":0,"enemies":"Blue Slaver","floor":12,"turns":4},{"damage":0,"enemies":"3 Louse","floor":14,"turns":2},{"damage":37,"enemies":"Slime Boss","floor":16,"turns":16},{"damage":10,"enemies":"Spheric Guardian","floor":18,"turns":4},{"damage":12,"enemies":"Chosen","floor":19,"turns":6},{"damage":4,"enemies":"Centurion and Healer","floor":21,"turns":9},{"damage":18,"enemies":"Sentry and Sphere","floor":22,"turns":10},{"damage":13,"enemies":"Snecko","floor":24,"turns":7},{"damage":6,"enemies":"3 Cultists","floor":25,"turns":5},{"damage":9,"enemies":"Snake Plant","floor":28,"turns":5},{"damage":4,"enemies":"Centurion and Healer","floor":30,"turns":6},{"damage":6,"enemies":"3 Cultists","floor":31,"turns":6},{"damage":65,"enemies":"Automaton","floor":33,"turns":14}],"event_choices":[{"event_name":"The Cleric","player_choice":"Card Removal","floor":2,"damage_taken":0},{"event_name":"World of Goop","player_choice":"Gather Gold","floor":5,"damage_taken":0},{"event_name":"Wheel of Change","player_choice":"Gold","floor":13,"damage_taken":0},{"event_name":"Wheel of Change","player_choice":"Card Removal","floor":20,"damage_taken":0},{"event_name":"Accursed Blacksmith","player_choice":"Forge","floor":27,"damage_taken":0}],"boss_relics":[{"not_picked":["Ectoplasm","Runic Pyramid"],"picked":"Sozu"}],"potions_floor_spawned":[1,7,18,25,28,30],"seed_played":"2584083148489481110","killed_by":"Automaton","ascension_level":6,"is_trial":false}