{"path_per_floor":["M","?","?","M","$","R","M","M","T","M","M","R","?","?","R","B",null,"M","?"],"character_chosen":"THE_SILENT","items_purchased":["Deadly Poison"],"gold_per_floor":[119,119,119,135,33,33,53,66,66,82,102,102,102,202,202,295,295,308,308,308],"floor_reached":20,"campfire_rested":2,"playtime":781,"current_hp_per_floor":[56,39,39,39,39,60,59,45,45,39,38,38,38,38,59,10,55,22,22,0],"items_purged":["Defend_G"],"gold":308,"score":271,"play_id":"42904f90-beaa-432b-b167-753cb01eb239","local_time":"20180403214919","is_prod":false,"is_daily":false,"is_ascension_mode":true,"campfire_upgraded":1,"timestamp":1522802959,"path_taken":["M","?","?","M","$","R","M","M","T","M","M","R","?","?","R","BOSS","M","?","M"],"build_version":"2018-03-29v2","purchased_purges":1,"victory":false,"master_deck":["Survivor","Neutralize","AscendersBane","Escape Plan+1","Deadly Poison","Caltrops","Dagger Spray","Flying Knee","Backflip","Envenom","Masterful Stab","Noxious Fumes","Cloak And Dagger","Masterful Stab","Flechettes","Blur","Deadly Poison","Setup"],"max_hp_per_floor":[70,70,70,70,70,70,70,70,70,70,70,70,70,70,70,70,70,70,70,70],"relics":["The Specimen","Golden Idol","Torii","Pen Nib","Pandora\u0027s Box"],"card_choices":[{"not_picked":["Outmaneuver","Reflex"],"picked":"Escape Plan","floor":4},{"not_picked":["Acrobatics","Dagger Throw"],"picked":"Caltrops","floor":7},{"not_picked":["Predator","Accuracy"],"picked":"Dagger Spray","floor":8},{"not_picked":["Bane","PiercingWail"],"picked":"Flying Knee","floor":10},{"not_picked":["Setup","Predator"],"picked":"Backflip","floor":11},{"not_picked":["Wraith Form","A Thousand Cuts"],"picked":"Envenom","floor":16}],"player_experience":676639,"potions_floor_usage":[11,16,20],"damage_taken":[{"damage":7,"enemies":"Small Slimes","floor":1,"turns":6},{"damage":0,"enemies":"2 Louse","floor":4,"turns":3},{"damage":1,"enemies":"Jaw Worm","floor":7,"turns":4},{"damage":14,"enemies":"3 Louse","floor":8,"turns":5},{"damage":6,"enemies":"Looter","floor":10,"turns":4},{"damage":10,"enemies":"Lots of Slimes","floor":11,"turns":3},{"damage":49,"enemies":"The Guardian","floor":16,"turns":10},{"damage":33,"enemies":"Chosen","floor":18,"turns":5},{"damage":26,"enemies":"Shell Parasite","floor":20,"turns":5}],"event_choices":[{"event_name":"Golden Idol","player_choice":"Take Damage","floor":2,"damage_taken":0},{"event_name":"Living Wall","player_choice":"Forget","floor":3,"damage_taken":0},{"event_name":"Wheel of Change","player_choice":"Relic","floor":13,"damage_taken":0},{"event_name":"Golden Shrine","player_choice":"Pray","floor":14,"damage_taken":0},{"event_name":"Drug Dealer","player_choice":"Ignored","floor":19,"damage_taken":0}],"boss_relics":[{"not_picked":["Black Star","Snecko Eye"],"picked":"Pandora\u0027s Box"}],"potions_floor_spawned":[7,10,18],"seed_played":"7723255279389499597","killed_by":"Shell Parasite","ascension_level":13,"is_trial":false}