{"gold_per_floor":[117,117,42,53,68,68,68,68,68,68,84,84,110,122,122,218,218,233,246,246,72,85,115,115,145,168,168,197,38,38,38,38,135,135,147,166,16,35,35,67,67,67,93,140,205,249,261,285,297,309],"floor_reached":51,"playtime":4317,"items_purged":["Strike_R","Strike_R","Defend_R","Strike_R"],"score":853,"play_id":"f5594c72-f770-44d0-bcc0-7b4cb857dedf","local_time":"20180929115306","is_ascension_mode":true,"campfire_choices":[{"data":"Bash","floor":6,"key":"SMITH"},{"data":"Hemokinesis","floor":12,"key":"SMITH"},{"data":"Armaments","floor":15,"key":"SMITH"},{"data":"Combust","floor":24,"key":"SMITH"},{"data":"Iron Wave","floor":27,"key":"SMITH"},{"data":"Metallicize","floor":30,"key":"SMITH"},{"data":"Inflame","floor":32,"key":"SMITH"},{"data":"Barricade","floor":41,"key":"SMITH"},{"data":"Heavy Blade","floor":47,"key":"SMITH"},{"data":"Bludgeon","floor":49,"key":"SMITH"}],"neow_cost":"PERCENT_DAMAGE","seed_source_timestamp":1385821040266508,"circlet_count":0,"master_deck":["Strike_R","Bash+1","Sentinel","Iron Wave+1","Metallicize+1","Hemokinesis+1","Sentinel","Armaments+1","Bludgeon+1","True Grit+1","Reaper+1","Combust+1","Shrug It Off","Cleave+1","Spot Weakness+1","Inflame+1","Inflame+1","Metallicize+1","Barricade+1","Burning Pact+1","Cleave+1","Offering","Madness","Madness","Decay","Iron Wave+1","Heavy Blade+1","Sentinel+1","Spot Weakness+1"],"relics":["Burning Blood","FossilizedHelix","Lantern","Sozu","Regal Pillow","Happy Flower","Oddly Smooth Stone","Sundial","Cursed Key","Dead Branch","Gremlin Horn","MawBank","Meat on the Bone","WingedGreaves","Whetstone"],"potions_floor_usage":[13,13,16],"damage_taken":[{"damage":1,"enemies":"Jaw Worm","floor":1,"turns":5},{"damage":4,"enemies":"Small Slimes","floor":4,"turns":5},{"damage":1,"enemies":"Cultist","floor":5,"turns":3},{"damage":14,"enemies":"Exordium Thugs","floor":11,"turns":5},{"damage":14,"enemies":"Lagavulin","floor":13,"turns":6},{"damage":4,"enemies":"Exordium Wildlife","floor":14,"turns":6},{"damage":48,"enemies":"Hexaghost","floor":16,"turns":11},{"damage":19,"enemies":"Spheric Guardian","floor":18,"turns":5},{"damage":0,"enemies":"3 Byrds","floor":19,"turns":6},{"damage":4,"enemies":"Snecko","floor":22,"turns":3},{"damage":31,"enemies":"Gremlin Leader","floor":23,"turns":6},{"damage":14,"enemies":"Book of Stabbing","floor":25,"turns":5},{"damage":35,"enemies":"Slavers","floor":28,"turns":6},{"damage":40,"enemies":"Automaton","floor":33,"turns":9},{"damage":2,"enemies":"3 Shapes","floor":35,"turns":5},{"damage":30,"enemies":"3 Darklings","floor":36,"turns":4},{"damage":20,"enemies":"Sphere and 2 Shapes","floor":38,"turns":4},{"damage":9,"enemies":"Mind Bloom Boss Battle","floor":39,"turns":6},{"damage":6,"enemies":"Giant Head","floor":40,"turns":6},{"damage":24,"enemies":"Nemesis","floor":44,"turns":7},{"damage":6,"enemies":"Mysterious Sphere","floor":45,"turns":2},{"damage":16,"enemies":"Giant Head","floor":46,"turns":7},{"damage":17,"enemies":"Reptomancer","floor":48,"turns":6},{"damage":80,"enemies":"Donu and Deca","floor":50,"turns":7}],"seed_played":"4142928768931801902","potions_obtained":[{"floor":1,"key":"SpeedPotion"},{"floor":4,"key":"BloodPotion"},{"floor":11,"key":"Regen Potion"}],"is_trial":false,"path_per_floor":["M","?","$","M","M","R","?","$","T","?","M","R","E","M","R","B",null,"M","M","?","$","M","E","R","E","T","R","E","$","R","?","R","B",null,"M","M","$","M","?","E","R","?","T","E","?","E","R","M","R","B"],"character_chosen":"IRONCLAD","items_purchased":["Combust","Inflame"],"campfire_rested":0,"item_purchase_floors":[21,29],"current_hp_per_floor":[61,54,54,56,61,61,66,66,66,66,58,58,65,67,67,33,85,72,78,95,95,95,76,76,74,74,74,63,63,63,63,63,29,95,95,71,71,73,78,95,95,83,83,79,95,95,95,94,94,48],"gold":321,"neow_bonus":"REMOVE_TWO","is_prod":false,"is_daily":false,"chose_seed":false,"campfire_upgraded":10,"win_rate":0,"timestamp":1538247186,"path_taken":["M","?","?","?","M","R","?","$","T","?","M","R","E","M","R","BOSS","M","M","?","$","?","E","R","E","T","R","E","$","R","?","R","BOSS","M","M","$","M","?","E","R","?","T","E","?","E","R","M","R","BOSS"],"build_version":"2018-09-27","purchased_purges":4,"victory":true,"max_hp_per_floor":[80,80,80,80,80,80,85,85,85,85,85,85,85,85,85,85,85,85,85,95,95,95,95,95,95,95,95,95,95,95,95,95,95,95,95,95,95,95,95,95,95,95,95,95,95,95,95,95,95,95],"card_choices":[{"not_picked":["Sever Soul","Pommel Strike"],"picked":"Sentinel","floor":1},{"not_picked":["Second Wind","Cleave"],"picked":"Iron Wave","floor":4},{"not_picked":["Blood for Blood","Inflame"],"picked":"Metallicize","floor":5},{"not_picked":["Flex","Cleave"],"picked":"Sentinel","floor":11},{"not_picked":["Limit Break","Cleave"],"picked":"Exhume","floor":13},{"not_picked":["Wild Strike","Sentinel"],"picked":"Armaments","floor":14},{"not_picked":["Dark Embrace","Immolate"],"picked":"Bludgeon","floor":16},{"not_picked":["Clash","Shrug It Off"],"picked":"True Grit+1","floor":18},{"not_picked":["True Grit","Clash"],"picked":"Reaper","floor":19},{"not_picked":["Clash","Perfected Strike"],"picked":"Shrug It Off","floor":22},{"not_picked":["Havoc+1","Sentinel"],"picked":"Cleave+1","floor":23},{"not_picked":["Fiend Fire","Sentinel"],"picked":"Spot Weakness+1","floor":25},{"not_picked":["Shockwave+1","Searing Blow+1"],"picked":"Inflame+1","floor":28},{"not_picked":["Impervious","Demon Form"],"picked":"Barricade","floor":33},{"not_picked":["Spot Weakness","Intimidate"],"picked":"Burning Pact+1","floor":35},{"not_picked":["Rage","Sword Boomerang","Perfected Strike+1"],"picked":"SKIP","floor":36},{"not_picked":["Seeing Red+1","Anger+1"],"picked":"Cleave","floor":38},{"not_picked":["Intimidate+1","Flex"],"picked":"Offering","floor":40},{"not_picked":["Twin Strike","Reckless Charge"],"picked":"Iron Wave+1","floor":44},{"not_picked":["Rage","Inflame+1"],"picked":"Heavy Blade","floor":45},{"not_picked":["Rampage","Fiend Fire"],"picked":"Sentinel+1","floor":46},{"not_picked":["Cleave","Searing Blow+1"],"picked":"Spot Weakness+1","floor":48}],"player_experience":166140,"relics_obtained":[{"floor":9,"key":"FossilizedHelix"},{"floor":13,"key":"Lantern"},{"floor":23,"key":"Regal Pillow"},{"floor":25,"key":"Happy Flower"},{"floor":26,"key":"Oddly Smooth Stone"},{"floor":28,"key":"Sundial"},{"floor":39,"key":"Dead Branch"},{"floor":40,"key":"Gremlin Horn"},{"floor":43,"key":"MawBank"},{"floor":44,"key":"Meat on the Bone"},{"floor":45,"key":"WingedGreaves"},{"floor":46,"key":"Whetstone"}],"event_choices":[{"event_name":"Golden Wing","player_choice":"Card Removal","floor":2,"damage_taken":0},{"event_name":"Big Fish","player_choice":"Donut","floor":7,"damage_taken":0},{"event_name":"Living Wall","player_choice":"Change","floor":10,"damage_taken":0},{"event_name":"Bonfire Elementals","player_choice":"RARE","floor":20,"damage_taken":0},{"event_name":"Duplicator","player_choice":"One dupe","floor":31,"damage_taken":0},{"event_name":"MindBloom","player_choice":"Fight","floor":39,"damage_taken":0},{"event_name":"Winding Halls","player_choice":"Embrace Madness","floor":42,"damage_taken":0},{"event_name":"Mysterious Sphere","player_choice":"Fight","floor":45,"damage_taken":0}],"is_beta":false,"boss_relics":[{"not_picked":["Pandora\u0027s Box","Runic Pyramid"],"picked":"Sozu"},{"not_picked":["Philosopher\u0027s Stone","Fusion Hammer"],"picked":"Cursed Key"}],"items_purged_floors":[3,21,29,37],"is_endless":false,"potions_floor_spawned":[1,4,11,18,23,28,38,40,45,46,48],"ascension_level":1}