{"path_per_floor":["M","$","M","?","?","R","M","R","T","$","M","R","T","M","R","B",null,"M","M","?","?","M","R","?","$","T","?","T","R","M","M","R","B",null,"M","M","M","?","M","R","M"],"character_chosen":"IRONCLAD","items_purchased":["Flex","Whirlwind"],"gold_per_floor":[364,263,277,277,277,277,291,291,367,287,303,303,330,342,342,446,446,457,469,394,394,414,414,329,173,220,220,270,270,280,297,297,400,400,419,437,453,453,470,470,486],"floor_reached":42,"campfire_rested":1,"playtime":902,"current_hp_per_floor":[75,75,75,75,75,75,79,79,79,79,72,72,72,70,70,43,80,73,54,54,54,48,48,48,48,48,48,48,48,56,56,56,40,56,50,38,29,43,21,37,43],"items_purged":["Regret","Defend_R","Defend_R"],"gold":486,"score":416,"play_id":"c74c7280-968b-44bf-9184-68f8d7acfa82","local_time":"20180317152443","is_prod":false,"is_daily":false,"is_ascension_mode":false,"campfire_upgraded":7,"timestamp":1521311083,"path_taken":["M","$","M","?","?","R","?","R","T","?","M","R","?","M","R","BOSS","M","M","?","?","?","R","?","$","T","?","?","R","M","M","R","BOSS","M","M","M","?","M","R","M","M"],"build_version":"2018-03-15v2","purchased_purges":3,"victory":false,"master_deck":["Defend_R","Bash+1","Flex+1","Limit Break+1","Clash+1","Bite","Bite","Bite","Bite","Bite","Whirlwind+1","Dual Wield+1","Double Tap"],"max_hp_per_floor":[80,80,80,80,80,80,80,80,80,80,80,80,80,80,80,80,80,80,80,80,56,56,56,56,56,56,56,56,56,56,56,56,56,56,56,56,56,56,56,56,56],"relics":["Burning Blood","The Courier","Ancient Tea Set","Question Card","Omamori","Oddly Smooth Stone","Happy Flower","Cursed Key"],"card_choices":[{"not_picked":["Impervious","Double Tap"],"picked":"Limit Break"},{"not_picked":["Sword Boomerang","Heavy Blade","Wild Strike"],"picked":"Clash"},{"not_picked":["Demon Form","Bludgeon","Offering"],"picked":"Double Tap"}],"player_experience":583087,"potions_floor_usage":[16,16,33,33,33,36],"damage_taken":[{"damage":11,"enemies":"Small Slimes","floor":1,"turns":4},{"damage":6,"enemies":"Cultist","floor":3,"turns":3},{"damage":2,"enemies":"2 Louse","floor":7,"turns":3},{"damage":13,"enemies":"Red Slaver","floor":11,"turns":2},{"damage":8,"enemies":"2 Fungi Beasts","floor":14,"turns":3},{"damage":33,"enemies":"Slime Boss","floor":16,"turns":7},{"damage":13,"enemies":"Chosen","floor":18,"turns":4},{"damage":25,"enemies":"3 Byrds","floor":19,"turns":6},{"damage":16,"enemies":"Snake Plant","floor":22,"turns":3},{"damage":2,"enemies":"Snecko","floor":30,"turns":3},{"damage":14,"enemies":"Centurion and Healer","floor":31,"turns":3},{"damage":32,"enemies":"Collector","floor":33,"turns":6},{"damage":12,"enemies":"3 Shapes","floor":35,"turns":2},{"damage":24,"enemies":"3 Darklings","floor":36,"turns":3},{"damage":15,"enemies":"4 Shapes","floor":37,"turns":1},{"damage":34,"enemies":"Sphere and 2 Shapes","floor":39,"turns":3},{"damage":0,"enemies":"3 Darklings","floor":41,"turns":1},{"damage":52,"enemies":"4 Shapes","floor":42,"turns":3}],"event_choices":[{"event_name":"Upgrade Shrine","player_choice":"Upgraded","floor":4,"damage_taken":0},{"event_name":"Match and Keep!","player_choice":"0 cards matched","floor":5,"damage_taken":0},{"event_name":"Beggar","player_choice":"Gave Gold","floor":20,"damage_taken":0},{"event_name":"Vampires","player_choice":"Became a vampire","floor":21,"damage_taken":0},{"event_name":"Addict","player_choice":"Obtained Relic","floor":24,"damage_taken":0},{"event_name":"The Library","player_choice":"Read","floor":27,"damage_taken":0},{"event_name":"Winding Halls","player_choice":"Writhe","floor":38,"damage_taken":0}],"boss_relics":[{"not_picked":["Runic Cube","Ectoplasm"],"picked":"Question Card"},{"not_picked":["Tiny House","Sozu"],"picked":"Cursed Key"}],"potions_floor_spawned":[7,11,14,18,30,31,35,37,41],"seed_played":"7298643792408547282","killed_by":"4 Shapes","ascension_level":0,"is_trial":false}