{"gold_per_floor":[119,131,4,21,21,21,37,65,115,115,141,141,151,5,5,106,106,123,223,30,40,53,53,82,82,82,82,82,92,92,125,125,222,222,232,232,132,144,244,244,255,286,286,286,286,306,324,335,335,335,335,335,12,41,41],"floor_reached":55,"playtime":2739,"items_purged":["Strike_R","Strike_R","Pain"],"score":792,"play_id":"2275d576-204d-439f-873d-4e0f5972b12f","local_time":"20190218120358","is_ascension_mode":true,"campfire_choices":[{"data":"Whirlwind","floor":6,"key":"SMITH"},{"data":"Spot Weakness","floor":10,"key":"SMITH"},{"data":"Seeing Red","floor":12,"key":"SMITH"},{"data":"Shrug It Off","floor":15,"key":"SMITH"},{"data":"Exhume","floor":23,"key":"SMITH"},{"data":"Sword Boomerang","floor":25,"key":"SMITH"},{"data":"Reaper","floor":28,"key":"SMITH"},{"floor":30,"key":"REST"},{"data":"Dual Wield","floor":32,"key":"SMITH"},{"data":"Madness","floor":40,"key":"SMITH"},{"data":"Madness","floor":45,"key":"SMITH"},{"floor":49,"key":"RECALL"},{"data":"Defend_R","floor":52,"key":"SMITH"}],"neow_cost":"NONE","seed_source_timestamp":136124469826948,"circlet_count":0,"master_deck":["Strike_R+1","Strike_R+1","Defend_R","Defend_R","Defend_R","Defend_R+1","Bash+1","Whirlwind+1","Thunderclap","Shrug It Off+1","Spot Weakness+1","Sword Boomerang+1","Reaper+1","Seeing Red+1","Exhume+1","Dual Wield+1","Headbutt+1","Sword Boomerang+1","Reaper+1","Anger+1","Madness+1","Madness+1","Pommel Strike+1","Parasite","Reaper+1"],"relics":["Burning Blood","Shuriken","Whetstone","Bottled Lightning","Bag of Marbles","Philosopher\u0027s Stone","Magic Flower","Molten Egg 2","Strange Spoon","Orichalcum","Juzu Bracelet","Unceasing Top","Cursed Key","Bird Faced Urn","Nunchaku","Darkstone Periapt","Question Card","Bag of Preparation","Lantern"],"potions_floor_usage":[11,19,38,38,38,38,38,50,50,54,54],"damage_taken":[{"damage":6,"enemies":"Cultist","floor":1,"turns":3},{"damage":4,"enemies":"Jaw Worm","floor":2,"turns":4},{"damage":1,"enemies":"2 Louse","floor":4,"turns":3},{"damage":3,"enemies":"Lots of Slimes","floor":7,"turns":2},{"damage":9,"enemies":"3 Sentries","floor":8,"turns":4},{"damage":19,"enemies":"Lagavulin","floor":11,"turns":4},{"damage":6,"enemies":"Looter","floor":13,"turns":2},{"damage":40,"enemies":"The Guardian","floor":16,"turns":10},{"damage":15,"enemies":"3 Byrds","floor":18,"turns":3},{"damage":18,"enemies":"Colosseum Slavers","floor":19,"turns":4},{"damage":17,"enemies":"Colosseum Nobs","floor":19,"turns":3},{"damage":9,"enemies":"Chosen","floor":21,"turns":3},{"damage":33,"enemies":"Shelled Parasite and Fungi","floor":22,"turns":4},{"damage":54,"enemies":"Book of Stabbing","floor":24,"turns":5},{"damage":26,"enemies":"Centurion and Healer","floor":29,"turns":4},{"damage":0,"enemies":"Gremlin Leader","floor":31,"turns":3},{"damage":75,"enemies":"Champ","floor":33,"turns":10},{"damage":7,"enemies":"Orb Walker","floor":35,"turns":2},{"damage":22,"enemies":"3 Darklings","floor":38,"turns":5},{"damage":31,"enemies":"Mind Bloom Boss Battle","floor":39,"turns":6},{"damage":6,"enemies":"Transient","floor":41,"turns":5},{"damage":47,"enemies":"Reptomancer","floor":42,"turns":6},{"damage":35,"enemies":"Spire Growth","floor":46,"turns":4},{"damage":53,"enemies":"Maw","floor":47,"turns":7},{"damage":0,"enemies":"3 Darklings","floor":48,"turns":1},{"damage":214,"enemies":"Time Eater","floor":50,"turns":12},{"damage":75,"enemies":"Shield and Spear","floor":54,"turns":4},{"damage":100,"enemies":"The Heart","floor":55,"turns":3}],"seed_played":"-4687205868777098360","potions_obtained":[{"floor":2,"key":"Energy Potion"},{"floor":7,"key":"Block Potion"},{"floor":11,"key":"LiquidBronze"},{"floor":16,"key":"Weak Potion"},{"floor":18,"key":"EntropicBrew"},{"floor":19,"key":"SpeedPotion"},{"floor":33,"key":"Ancient Potion"},{"floor":42,"key":"SpeedPotion"},{"floor":47,"key":"Strength Potion"},{"floor":48,"key":"SteroidPotion"}],"is_trial":false,"path_per_floor":["M","M","$","M","?","R","M","E","T","R","E","R","M","$","R","B",null,"M","?","$","M","M","R","E","R","T","?","R","M","R","E","R","B",null,"M","?","$","M","?","R","M","E","T","T","R","M","M","M","R","B",null,"R","$","E","B"],"character_chosen":"IRONCLAD","items_purchased":["Shrug It Off","Bag of Marbles","Strange Spoon","Strength Potion","Bag of Preparation"],"campfire_rested":1,"item_purchase_floors":[3,14,20,53,53],"current_hp_per_floor":[80,80,80,80,68,68,71,68,68,68,55,55,63,63,63,42,80,71,69,69,80,74,74,47,47,47,47,47,45,69,80,80,39,80,80,70,70,80,58,58,80,72,72,78,78,63,64,86,86,25,86,86,86,86,0],"gold":41,"neow_bonus":"UPGRADE_CARD","is_prod":false,"is_daily":false,"chose_seed":false,"campfire_upgraded":11,"win_rate":0,"timestamp":1550513038,"path_taken":["M","M","?","M","?","R","M","E","T","R","E","R","M","$","R","BOSS","M","?","$","M","M","R","E","R","T","?","R","M","R","E","R","BOSS","M","?","$","M","?","R","M","E","T","?","R","M","M","M","R","BOSS","R","$","E","BOSS"],"build_version":"2019-01-23","purchased_purges":3,"victory":false,"max_hp_per_floor":[80,80,80,80,80,80,80,80,80,80,80,80,80,80,80,80,80,80,80,80,80,80,80,80,80,80,80,80,80,80,80,80,80,80,80,80,80,80,80,80,80,80,80,86,86,86,86,86,86,86,86,86,86,86,86],"card_choices":[{"not_picked":["Shrug It Off","Rampage"],"picked":"Whirlwind","floor":1},{"not_picked":["Twin Strike","Uppercut"],"picked":"Thunderclap","floor":2},{"not_picked":["Clash","Flex"],"picked":"Spot Weakness","floor":4},{"not_picked":["Perfected Strike","Armaments"],"picked":"Sword Boomerang","floor":7},{"not_picked":["Pummel","Dropkick"],"picked":"Reaper","floor":8},{"not_picked":["Armaments","Clash"],"picked":"Seeing Red","floor":11},{"not_picked":["Blood for Blood","Spot Weakness","Sword Boomerang"],"picked":"SKIP","floor":13},{"not_picked":["Impervious","Reaper"],"picked":"Exhume","floor":16},{"not_picked":["Warcry+1","Armaments","Thunderclap"],"picked":"SKIP","floor":18},{"not_picked":["Flex","Dropkick+1"],"picked":"Dual Wield","floor":21},{"not_picked":["Metallicize","Perfected Strike+1"],"picked":"Headbutt+1","floor":22},{"not_picked":["Brutality","Sever Soul+1","Uppercut+1"],"picked":"SKIP","floor":24},{"not_picked":["Headbutt+1","Sever Soul+1","Armaments"],"picked":"SKIP","floor":29},{"not_picked":["Thunderclap+1","Bloodletting"],"picked":"Sword Boomerang+1","floor":31},{"not_picked":["Juggernaut","Immolate+1"],"picked":"Reaper+1","floor":33},{"not_picked":["Shrug It Off","Perfected Strike+1"],"picked":"Anger+1","floor":35},{"not_picked":["Seeing Red+1","Flex","Clothesline+1"],"picked":"SKIP","floor":38},{"not_picked":["Blood for Blood+1","Iron Wave+1"],"picked":"Pommel Strike+1","floor":39},{"not_picked":["Clash+1","Shrug It Off","Evolve+1"],"picked":"SKIP","floor":41},{"not_picked":["Searing Blow+1","Perfected Strike+1","Body Slam+1"],"picked":"SKIP","floor":42},{"not_picked":["Wild Strike+1","Headbutt+1","Anger+1","Hemokinesis+1"],"picked":"SKIP","floor":46},{"not_picked":["Pommel Strike+1","Sword Boomerang+1","Berserk","Clothesline+1"],"picked":"SKIP","floor":47},{"not_picked":["Flex","Seeing Red","Body Slam+1","Intimidate"],"picked":"SKIP","floor":48},{"not_picked":["Intimidate","Shrug It Off","Iron Wave+1"],"picked":"Reaper+1","floor":54}],"player_experience":202076,"relics_obtained":[{"floor":8,"key":"Whetstone"},{"floor":11,"key":"Bottled Lightning"},{"floor":19,"key":"Magic Flower"},{"floor":19,"key":"Molten Egg 2"},{"floor":24,"key":"Orichalcum"},{"floor":26,"key":"Juzu Bracelet"},{"floor":31,"key":"Unceasing Top"},{"floor":39,"key":"Bird Faced Urn"},{"floor":42,"key":"Nunchaku"},{"floor":43,"key":"Darkstone Periapt"},{"floor":44,"key":"Question Card"},{"floor":54,"key":"Lantern"}],"event_choices":[{"damage_healed":0,"gold_gain":0,"player_choice":"Success","damage_taken":12,"relics_obtained":["Shuriken"],"max_hp_gain":0,"max_hp_loss":0,"event_name":"Scrap Ooze","floor":5,"gold_loss":0},{"damage_healed":0,"gold_gain":0,"player_choice":"Fight","damage_taken":0,"max_hp_gain":0,"max_hp_loss":0,"event_name":"Colosseum","floor":19,"gold_loss":0},{"damage_healed":0,"gold_gain":0,"player_choice":"Fought Nobs","damage_taken":0,"max_hp_gain":0,"max_hp_loss":0,"event_name":"Colosseum","floor":19,"gold_loss":0},{"cards_removed":["Strike_R"],"damage_healed":0,"gold_gain":0,"player_choice":"Card Removal","damage_taken":0,"max_hp_gain":0,"max_hp_loss":0,"event_name":"Wheel of Change","floor":27,"gold_loss":0},{"damage_healed":0,"gold_gain":0,"player_choice":"Embrace Madness","damage_taken":10,"max_hp_gain":0,"max_hp_loss":0,"event_name":"Winding Halls","floor":36,"gold_loss":0,"cards_obtained":["Madness","Madness"]},{"damage_healed":0,"gold_gain":0,"player_choice":"Fight","damage_taken":0,"max_hp_gain":0,"max_hp_loss":0,"event_name":"MindBloom","floor":39,"gold_loss":0}],"is_beta":false,"boss_relics":[{"not_picked":["Runic Dome","Runic Pyramid"],"picked":"Philosopher\u0027s Stone"},{"not_picked":["Lizard Tail","Pandora\u0027s Box"],"picked":"Cursed Key"}],"items_purged_floors":[3,37,53],"is_endless":false,"potions_floor_spawned":[2,7,11,16,18,19,19,33,42,47,48],"killed_by":"The Heart","ascension_level":2}