{"gold_per_floor":[117,292,308,308,323,323,357,369,396,421,421,93,119,138,138,238,238,258,258,268,90,189,189,218,236,236,151,151,151,26,60,60,158,158,175,275,286,136,136,162,162,176,176,191,191,210,222,241,241,241,241,241,39,70,70],"floor_reached":55,"playtime":2612,"items_purged":["Strike_B","Strike_B","Doubt","Defend_B"],"score":906,"play_id":"4cc7abbc-0882-4134-9e45-382a049f2db7","local_time":"20190307131006","is_ascension_mode":true,"campfire_choices":[{"data":"Glacier","floor":6,"key":"SMITH"},{"floor":11,"key":"REST"},{"data":"Streamline","floor":15,"key":"SMITH"},{"data":"Electrodynamics","floor":23,"key":"SMITH"},{"floor":29,"key":"REST"},{"floor":32,"key":"REST"},{"data":"Fission","floor":41,"key":"SMITH"},{"floor":49,"key":"RECALL"},{"data":"Echo Form","floor":52,"key":"SMITH"}],"neow_cost":"TEN_PERCENT_HP_LOSS","seed_source_timestamp":251576648625692,"circlet_count":0,"master_deck":["Strike_B+1","Defend_B","Defend_B+1","Defend_B","Zap","Dualcast","Ball Lightning","Glacier+1","Leap","Streamline+1","Self Repair","Coolheaded","Conserve Battery","Sweeping Beam","Electrodynamics+1","Hologram","Cold Snap","Echo Form+1","Consume","BootSequence","Fission+1","White Noise+1","Amplify","Self Repair","Defragment+1","Skim","Capacitor"],"relics":["Cracked Core","Turnip","Ancient Tea Set","Bronze Scales","Blood Vial","Runic Capacitor","Question Card","Runic Dome","Strawberry","Gambling Chip","Regal Pillow","Bottled Tornado","Coffee Dripper","Incense Burner","Anchor","Frozen Eye","Oddly Smooth Stone"],"potions_floor_usage":[10,10,14,31],"damage_taken":[{"damage":5,"enemies":"Small Slimes","floor":1,"turns":4},{"damage":6,"enemies":"2 Louse","floor":3,"turns":3},{"damage":1,"enemies":"Jaw Worm","floor":5,"turns":3},{"damage":13,"enemies":"3 Sentries","floor":7,"turns":10},{"damage":3,"enemies":"Exordium Thugs","floor":8,"turns":6},{"damage":19,"enemies":"Gremlin Nob","floor":10,"turns":4},{"damage":8,"enemies":"Lagavulin","floor":13,"turns":9},{"damage":0,"enemies":"Looter","floor":14,"turns":3},{"damage":27,"enemies":"The Guardian","floor":16,"turns":11},{"damage":11,"enemies":"Shell Parasite","floor":18,"turns":5},{"damage":5,"enemies":"Chosen","floor":20,"turns":4},{"damage":32,"enemies":"Book of Stabbing","floor":24,"turns":7},{"damage":26,"enemies":"Shelled Parasite and Fungi","floor":25,"turns":7},{"damage":10,"enemies":"Slavers","floor":31,"turns":3},{"damage":6,"enemies":"Collector","floor":33,"turns":9},{"damage":0,"enemies":"3 Shapes","floor":35,"turns":2},{"damage":31,"enemies":"Mind Bloom Boss Battle","floor":36,"turns":6},{"damage":12,"enemies":"3 Darklings","floor":37,"turns":3},{"damage":39,"enemies":"Giant Head","floor":40,"turns":13},{"damage":0,"enemies":"Jaw Worm Horde","floor":42,"turns":2},{"damage":0,"enemies":"Sphere and 2 Shapes","floor":44,"turns":3},{"damage":0,"enemies":"4 Shapes","floor":46,"turns":2},{"damage":0,"enemies":"3 Darklings","floor":47,"turns":2},{"damage":0,"enemies":"Sphere and 2 Shapes","floor":48,"turns":1},{"damage":21,"enemies":"Donu and Deca","floor":50,"turns":8},{"damage":36,"enemies":"Shield and Spear","floor":54,"turns":5},{"damage":61,"enemies":"The Heart","floor":55,"turns":6}],"seed_played":"-7238513103162111914","potions_obtained":[{"floor":3,"key":"SpeedPotion"},{"floor":7,"key":"FearPotion"},{"floor":8,"key":"Fire Potion"},{"floor":10,"key":"EssenceOfSteel"},{"floor":14,"key":"Strength Potion"},{"floor":16,"key":"Dexterity Potion"},{"floor":25,"key":"Block Potion"},{"floor":31,"key":"SpeedPotion"},{"floor":42,"key":"Ancient Potion"}],"is_trial":false,"path_per_floor":["M","?","M","?","M","R","E","M","T","E","R","$","E","M","R","B",null,"M","?","M","$","?","R","E","M","T","?","?","R","$","E","R","B",null,"M","?","M","$","?","E","R","M","T","M","?","M","M","M","R","B",null,"R","$","E","B"],"character_chosen":"DEFECT","items_purchased":["Runic Capacitor","Conserve Battery","Echo Form","Frozen Eye"],"campfire_rested":3,"item_purchase_floors":[12,12,21,53],"current_hp_per_floor":[63,63,57,43,42,42,29,26,26,14,34,34,35,44,44,26,58,49,49,53,53,53,53,37,20,20,20,6,45,45,44,80,80,80,80,56,46,46,46,30,30,39,39,41,41,43,45,54,54,56,71,71,71,58,0],"gold":70,"neow_bonus":"ONE_RARE_RELIC","is_prod":false,"is_daily":false,"chose_seed":false,"campfire_upgraded":5,"win_rate":0,"timestamp":1551985806,"path_taken":["M","?","M","?","M","R","E","M","T","E","R","?","E","?","R","BOSS","M","?","M","$","?","R","E","M","T","?","?","R","$","E","R","BOSS","M","?","M","$","?","E","R","M","T","?","?","M","M","M","R","BOSS","R","$","E","BOSS"],"build_version":"2019-01-23","purchased_purges":4,"victory":false,"max_hp_per_floor":[68,68,68,68,68,68,68,68,68,68,68,68,68,68,68,68,68,68,68,68,68,68,68,75,75,75,75,80,80,80,80,80,80,80,80,80,80,80,80,80,80,80,80,80,76,76,76,76,76,76,76,76,76,76,76],"card_choices":[{"not_picked":["Skim","Go for the Eyes"],"picked":"Ball Lightning","floor":1},{"not_picked":["Reinforced Body","Rebound"],"picked":"Glacier","floor":3},{"not_picked":["Steam Power","Beam Cell"],"picked":"Leap","floor":5},{"not_picked":["Redo","Stack"],"picked":"Streamline","floor":7},{"not_picked":["Storm","Conserve Battery"],"picked":"Self Repair","floor":8},{"not_picked":["Aggregate","Barrage"],"picked":"Coolheaded","floor":10},{"not_picked":["All For One","Leap","Skim"],"picked":"SKIP","floor":13},{"not_picked":["Conserve Battery","Stack","Melter"],"picked":"Sweeping Beam","floor":14},{"not_picked":["Multi-Cast","Hyperbeam","Reboot"],"picked":"Electrodynamics","floor":16},{"not_picked":["Turbo+1","Go for the Eyes","Heatsinks"],"picked":"Hologram","floor":18},{"not_picked":["Reprogram","Ball Lightning","Hologram"],"picked":"Cold Snap","floor":20},{"not_picked":["Leap","Turbo","Streamline+1"],"picked":"Consume","floor":24},{"not_picked":["Redo","Hologram+1","Gash"],"picked":"BootSequence","floor":25},{"not_picked":["Beam Cell","Aggregate+1","Recycle","Stack"],"picked":"SKIP","floor":31},{"not_picked":["Buffer","Biased Cognition","Multi-Cast"],"picked":"Fission","floor":33},{"not_picked":["Beam Cell+1","Stack+1","Cold Snap","Go for the Eyes+1"],"picked":"SKIP","floor":35},{"not_picked":["Rebound+1","Lockon","Hologram+1"],"picked":"White Noise+1","floor":36},{"not_picked":["Go for the Eyes","Cold Snap+1","Streamline+1","Turbo+1"],"picked":"SKIP","floor":37},{"not_picked":["Steam+1","Compile Driver","Seek"],"picked":"Defragment+1","floor":40},{"not_picked":["Coolheaded","Conserve Battery+1","Stack","Static Discharge+1"],"picked":"SKIP","floor":42},{"not_picked":["Gash+1","Hologram","Streamline"],"picked":"Skim","floor":44},{"not_picked":["Gash","Meteor Strike","Fusion"],"picked":"Capacitor","floor":46},{"not_picked":["Barrage","Hologram","Rebound+1","Streamline"],"picked":"SKIP","floor":47},{"not_picked":["Barrage","Turbo+1","Hologram+1","Redo+1"],"picked":"SKIP","floor":48},{"not_picked":["Compile Driver","Consume+1","Skim+1","Redo+1"],"picked":"SKIP","floor":54}],"player_experience":332799,"relics_obtained":[{"floor":7,"key":"Ancient Tea Set"},{"floor":9,"key":"Bronze Scales"},{"floor":10,"key":"Blood Vial"},{"floor":13,"key":"Question Card"},{"floor":24,"key":"Strawberry"},{"floor":26,"key":"Gambling Chip"},{"floor":31,"key":"Bottled Tornado"},{"floor":36,"key":"Incense Burner"},{"floor":40,"key":"Anchor"},{"floor":54,"key":"Oddly Smooth Stone"}],"event_choices":[{"damage_healed":0,"gold_gain":175,"player_choice":"AGREE","damage_taken":0,"max_hp_gain":0,"max_hp_loss":0,"event_name":"Liars Game","floor":2,"gold_loss":0,"cards_obtained":["Doubt"]},{"damage_healed":0,"gold_gain":0,"player_choice":"Entered Light","damage_taken":14,"max_hp_gain":0,"max_hp_loss":0,"event_name":"Shining Light","floor":4,"gold_loss":0,"cards_upgraded":["Strike_B","Defend_B"]},{"cards_removed":["Strike_B"],"damage_healed":0,"gold_gain":0,"player_choice":"Elegance","damage_taken":0,"max_hp_gain":0,"max_hp_loss":0,"event_name":"Back to Basics","floor":19,"gold_loss":0},{"damage_healed":0,"gold_gain":99,"player_choice":"Stole From Cult","damage_taken":0,"max_hp_gain":0,"max_hp_loss":0,"event_name":"Nest","floor":22,"gold_loss":0},{"damage_healed":0,"gold_gain":0,"player_choice":"Obtained Relic","damage_taken":0,"relics_obtained":["Regal Pillow"],"max_hp_gain":0,"max_hp_loss":0,"event_name":"Addict","floor":27,"gold_loss":85},{"damage_healed":0,"gold_gain":0,"player_choice":"Shed Blood","damage_taken":19,"max_hp_gain":5,"max_hp_loss":0,"event_name":"Forgotten Altar","floor":28,"gold_loss":0},{"damage_healed":0,"gold_gain":0,"player_choice":"Fight","damage_taken":0,"max_hp_gain":0,"max_hp_loss":0,"event_name":"MindBloom","floor":36,"gold_loss":0},{"damage_healed":0,"gold_gain":0,"player_choice":"2 cards matched","damage_taken":0,"max_hp_gain":0,"max_hp_loss":0,"event_name":"Match and Keep!","floor":39,"gold_loss":0,"cards_obtained":["Amplify","Self Repair"]},{"damage_healed":0,"gold_gain":0,"player_choice":"Max HP","damage_taken":0,"max_hp_gain":0,"max_hp_loss":4,"event_name":"Winding Halls","floor":45,"gold_loss":0}],"is_beta":false,"boss_relics":[{"not_picked":["Snecko Eye","Black Star"],"picked":"Runic Dome"},{"not_picked":["Nuclear Battery","Fusion Hammer"],"picked":"Coffee Dripper"}],"items_purged_floors":[12,21,30,38],"is_endless":false,"potions_floor_spawned":[3,7,8,10,14,16,25,31,35,37,42,46,47,48,54],"killed_by":"The Heart","ascension_level":5}