{"gold_per_floor":[118,193,49,65,65,401,401,401,401,401,417,417],"floor_reached":12,"playtime":214,"items_purged":[],"score":197,"play_id":"be1eedeb-8f9a-47bb-bf74-a224f2b9f4cd","local_time":"20190311123800","is_ascension_mode":true,"campfire_choices":[{"data":"Footwork","floor":7,"key":"SMITH"},{"floor":10,"key":"REST"}],"neow_cost":"NONE","seed_source_timestamp":414708456968239,"circlet_count":0,"master_deck":["AscendersBane","Defend_G","Defend_G","Defend_G","Defend_G","Defend_G","Strike_G","Strike_G","Strike_G","Strike_G","Strike_G","Survivor","Neutralize","Blade Dance","Footwork+1","Blade Dance","Catalyst","Escape Plan"],"relics":["Ring of the Snake","NeowsBlessing","Golden Idol","Old Coin","Happy Flower","Ancient Tea Set"],"potions_floor_usage":[12],"damage_taken":[{"damage":0,"enemies":"Small Slimes","floor":1,"turns":1},{"damage":0,"enemies":"Jaw Worm","floor":4,"turns":1},{"damage":0,"enemies":"Lagavulin","floor":6,"turns":1},{"damage":0,"enemies":"2 Louse","floor":11,"turns":3},{"damage":48,"enemies":"3 Sentries","floor":12,"turns":10}],"seed_played":"-865352610585701323","potions_obtained":[{"floor":1,"key":"Regen Potion"}],"is_trial":false,"path_per_floor":["M","?","$","M","?","E","R","?","T","R","M","E"],"character_chosen":"THE_SILENT","items_purchased":["Footwork","Blade Dance"],"campfire_rested":1,"item_purchase_floors":[3,3],"current_hp_per_floor":[59,48,48,48,48,48,48,13,13,31,31,0],"gold":417,"neow_bonus":"THREE_ENEMY_KILL","is_prod":false,"is_daily":false,"chose_seed":false,"campfire_upgraded":1,"win_rate":0,"timestamp":1552304280,"path_taken":["M","?","$","M","?","E","R","?","T","R","M","E"],"build_version":"2019-01-23","purchased_purges":0,"victory":false,"max_hp_per_floor":[66,66,66,66,60,60,60,60,60,60,60,60],"card_choices":[{"not_picked":["Accuracy","PiercingWail"],"picked":"Blade Dance","floor":1},{"not_picked":["Poisoned Stab","Flying Knee"],"picked":"Catalyst","floor":4},{"not_picked":["Quick Slash","Flechettes"],"picked":"Escape Plan","floor":6},{"not_picked":["Prepared","Slice","Dodge and Roll"],"picked":"SKIP","floor":11}],"player_experience":958982,"relics_obtained":[{"floor":6,"key":"Old Coin"},{"floor":9,"key":"Ancient Tea Set"}],"event_choices":[{"damage_healed":0,"gold_gain":75,"player_choice":"Gather Gold","damage_taken":11,"max_hp_gain":0,"max_hp_loss":0,"event_name":"World of Goop","floor":2,"gold_loss":0},{"damage_healed":0,"gold_gain":0,"player_choice":"Lose Max HP","damage_taken":0,"relics_obtained":["Golden Idol"],"max_hp_gain":0,"max_hp_loss":6,"event_name":"Golden Idol","floor":5,"gold_loss":0},{"damage_healed":0,"gold_gain":0,"player_choice":"Success","damage_taken":35,"relics_obtained":["Happy Flower"],"max_hp_gain":0,"max_hp_loss":0,"event_name":"Scrap Ooze","floor":8,"gold_loss":0}],"is_beta":false,"boss_relics":[],"items_purged_floors":[],"is_endless":false,"potions_floor_spawned":[1],"killed_by":"3 Sentries","ascension_level":19}