{"gold_per_floor":[112,112,129,145,160,160,192,192,192,225,243,243,243,253,253,354,354,365,365,154,173,73,103,103,103,103,103,103,116,116,116,116,213,213,233,233,248,123,137,437,448,448,448,477,477,493,574,194,194,194],"floor_reached":51,"playtime":2678,"items_purged":["Strike_G","Strike_G","Strike_G","Normality"],"score":870,"play_id":"b883adb1-e8b9-4461-8948-e5cefa0b2888","local_time":"20190215233544","is_ascension_mode":true,"campfire_choices":[{"data":"Predator","floor":6,"key":"SMITH"},{"data":"Slice","floor":8,"key":"SMITH"},{"data":"Backstab","floor":12,"key":"SMITH"},{"data":"Backflip","floor":15,"key":"SMITH"},{"data":"Eviscerate","floor":25,"key":"SMITH"},{"floor":28,"key":"DIG"},{"floor":32,"key":"REST"},{"floor":40,"key":"DIG"},{"floor":42,"key":"DIG"},{"data":"Pain","floor":49,"key":"PURGE"}],"neow_cost":"NONE","seed_source_timestamp":90714356335080,"circlet_count":0,"master_deck":["Defend_G","Defend_G","Defend_G","Defend_G","Defend_G","Strike_G","Strike_G","Survivor","Neutralize","Finesse","Flying Knee+1","Slice+1","Backflip+1","Predator+1","Acrobatics+1","Backstab+1","Burst+1","Backflip+1","Eviscerate+1","Deadly Poison+1","Tactician+1","Reflex+1","Necronomicurse","Backflip+1","Terror+1","Skewer"],"relics":["Ring of the Snake","Toxic Egg 2","Shovel","Mango","HoveringKite","Letter Opener","Orichalcum","Paper Crane","Thread and Needle","Necronomicon","Meat on the Bone","Cursed Key","Old Coin","Ice Cream","Peace Pipe","FossilizedHelix","Kunai","Centennial Puzzle"],"potions_floor_usage":[7,16,16,27,33,33,41,50],"damage_taken":[{"damage":4,"enemies":"2 Louse","floor":1,"turns":3},{"damage":0,"enemies":"Cultist","floor":3,"turns":3},{"damage":0,"enemies":"Small Slimes","floor":4,"turns":3},{"damage":6,"enemies":"Looter","floor":5,"turns":3},{"damage":18,"enemies":"3 Sentries","floor":7,"turns":8},{"damage":12,"enemies":"Gremlin Nob","floor":10,"turns":4},{"damage":2,"enemies":"Red Slaver","floor":11,"turns":3},{"damage":1,"enemies":"Blue Slaver","floor":14,"turns":2},{"damage":15,"enemies":"Hexaghost","floor":16,"turns":12},{"damage":18,"enemies":"Spheric Guardian","floor":18,"turns":4},{"damage":12,"enemies":"2 Thieves","floor":21,"turns":4},{"damage":5,"enemies":"Book of Stabbing","floor":23,"turns":4},{"damage":2,"enemies":"Slavers","floor":27,"turns":2},{"damage":14,"enemies":"Snake Plant","floor":29,"turns":3},{"damage":8,"enemies":"Collector","floor":33,"turns":7},{"damage":16,"enemies":"3 Shapes","floor":35,"turns":3},{"damage":0,"enemies":"3 Darklings","floor":37,"turns":3},{"damage":2,"enemies":"4 Shapes","floor":39,"turns":3},{"damage":0,"enemies":"Transient","floor":41,"turns":5},{"damage":33,"enemies":"Nemesis","floor":44,"turns":4},{"damage":0,"enemies":"3 Darklings","floor":46,"turns":3},{"damage":0,"enemies":"Donu and Deca","floor":50,"turns":9}],"seed_played":"-4981164607325647688","potions_obtained":[{"floor":4,"key":"Regen Potion"},{"floor":7,"key":"Dexterity Potion"},{"floor":14,"key":"Block Potion"},{"floor":16,"key":"EssenceOfSteel"},{"floor":18,"key":"SmokeBomb"},{"floor":23,"key":"SpeedPotion"},{"floor":29,"key":"Explosive Potion"},{"floor":39,"key":"AttackPotion"}],"is_trial":false,"path_per_floor":["M","?","M","M","M","R","E","R","T","E","M","R","?","M","R","B",null,"M","?","$","M","$","E","?","R","T","E","R","M","?","T","R","B",null,"M","?","M","$","M","R","M","R","T","E","?","M","T","$","R","B",null],"character_chosen":"THE_SILENT","items_purchased":["Backflip+1","Eviscerate","Deadly Poison+1","Centennial Puzzle","Skewer"],"campfire_rested":1,"item_purchase_floors":[20,20,20,48,48],"current_hp_per_floor":[66,66,66,66,60,60,57,57,57,59,57,57,57,56,56,41,84,66,58,58,46,46,41,41,41,41,39,39,25,9,9,34,38,84,68,68,68,68,66,66,66,66,66,45,45,45,45,45,45,45],"gold":194,"neow_bonus":"RANDOM_COLORLESS","is_prod":false,"is_daily":false,"chose_seed":false,"campfire_upgraded":5,"win_rate":0,"timestamp":1550295344,"path_taken":["M","?","M","?","M","R","E","R","T","E","M","R","?","?","R","BOSS","M","?","$","?","$","E","?","R","T","E","R","?","?","?","R","BOSS","M","?","M","$","M","R","M","R","T","E","?","M","?","?","R","BOSS"],"build_version":"2019-01-23","purchased_purges":4,"victory":true,"max_hp_per_floor":[70,70,70,70,70,70,70,70,70,84,84,84,84,84,84,84,84,84,84,84,84,84,84,84,84,84,84,84,84,84,84,84,84,84,84,84,84,84,84,84,84,84,84,84,84,84,84,84,84,84],"card_choices":[{"not_picked":["PiercingWail","Sucker Punch"],"picked":"Flying Knee","floor":1},{"not_picked":["Quick Slash","Blade Dance"],"picked":"Slice","floor":3},{"not_picked":["PiercingWail","Accuracy"],"picked":"Backflip","floor":4},{"not_picked":["Catalyst","Blade Dance"],"picked":"Predator","floor":5},{"not_picked":["Poisoned Stab","Dodge and Roll"],"picked":"Acrobatics","floor":7},{"not_picked":["Corpse Explosion+1","Bane","Dagger Spray"],"picked":"SKIP","floor":10},{"not_picked":["Bouncing Flask+1","Quick Slash"],"picked":"Backstab","floor":11},{"not_picked":["Prepared+1","Setup+1","Dodge and Roll+1"],"picked":"SKIP","floor":14},{"not_picked":["After Image","Wraith Form v2"],"picked":"Burst+1","floor":16},{"not_picked":["Outmaneuver+1","Quick Slash","Caltrops"],"picked":"SKIP","floor":18},{"not_picked":["Catalyst+1","PiercingWail+1"],"picked":"Tactician+1","floor":21},{"not_picked":["Expertise+1","Poisoned Stab"],"picked":"Reflex+1","floor":23},{"not_picked":["Noxious Fumes","Skewer+1","Choke"],"picked":"SKIP","floor":29},{"not_picked":["Doppelganger+1","Venomology+1"],"picked":"Tools of the Trade","floor":33},{"not_picked":["Slice","Cloak And Dagger+1"],"picked":"Backflip+1","floor":35},{"not_picked":["Skewer","Cloak And Dagger+1"],"picked":"Terror+1","floor":37},{"not_picked":["Dodge and Roll+1","Outmaneuver+1","Cloak And Dagger+1"],"picked":"SKIP","floor":39},{"not_picked":["Dash+1","Outmaneuver+1","Quick Slash"],"picked":"SKIP","floor":41},{"not_picked":["Flying Knee","Endless Agony","After Image"],"picked":"SKIP","floor":44},{"not_picked":["Backstab+1","Heel Hook","PiercingWail+1"],"picked":"SKIP","floor":46}],"player_experience":184038,"relics_obtained":[{"floor":7,"key":"Toxic Egg 2"},{"floor":9,"key":"Shovel"},{"floor":10,"key":"Mango"},{"floor":23,"key":"Letter Opener"},{"floor":24,"key":"Orichalcum"},{"floor":26,"key":"Paper Crane"},{"floor":28,"key":"Thread and Needle"},{"floor":30,"key":"Necronomicon"},{"floor":31,"key":"Meat on the Bone"},{"floor":40,"key":"Old Coin"},{"floor":42,"key":"Ice Cream"},{"floor":43,"key":"Peace Pipe"},{"floor":44,"key":"FossilizedHelix"},{"floor":47,"key":"Kunai"}],"event_choices":[{"damage_healed":0,"gold_gain":0,"player_choice":"Forge","damage_taken":0,"max_hp_gain":0,"max_hp_loss":0,"event_name":"Accursed Blacksmith","floor":2,"gold_loss":0,"cards_upgraded":["Flying Knee"]},{"damage_healed":0,"gold_gain":0,"player_choice":"Leave","damage_taken":0,"max_hp_gain":0,"max_hp_loss":0,"event_name":"FaceTrader","floor":13,"gold_loss":0},{"damage_healed":0,"gold_gain":0,"player_choice":"","damage_taken":8,"max_hp_gain":0,"max_hp_loss":0,"event_name":"Knowing Skull","floor":19,"potions_obtained":[],"gold_loss":0,"cards_obtained":[]},{"damage_healed":0,"gold_gain":0,"player_choice":"Relic","damage_taken":0,"max_hp_gain":0,"max_hp_loss":0,"event_name":"Wheel of Change","floor":24,"gold_loss":0},{"damage_healed":0,"gold_gain":0,"player_choice":"Obtained Book","damage_taken":16,"max_hp_gain":0,"max_hp_loss":0,"event_name":"Cursed Tome","floor":30,"gold_loss":0},{"cards_removed":["Tools of the Trade"],"damage_healed":0,"gold_gain":0,"player_choice":"Removed Power","damage_taken":0,"max_hp_gain":0,"max_hp_loss":0,"event_name":"Falling","floor":36,"gold_loss":0},{"damage_healed":0,"gold_gain":0,"player_choice":"Ignored","damage_taken":0,"max_hp_gain":0,"max_hp_loss":0,"event_name":"Tomb of Lord Red Mask","floor":45,"gold_loss":0}],"is_beta":false,"boss_relics":[{"not_picked":["Empty Cage","Tiny House"],"picked":"HoveringKite"},{"not_picked":["Coffee Dripper","Runic Pyramid"],"picked":"Cursed Key"}],"items_purged_floors":[20,22,38,48],"is_endless":false,"potions_floor_spawned":[4,7,14,16,18,23,29,39],"ascension_level":2}