{"gold_per_floor":[214,214,224,236,199,199,229,229,229,263,281,301,314,314,314,433,433],"floor_reached":17,"playtime":988,"items_purged":[],"score":165,"play_id":"005e2fda-7e6e-4df4-b10a-c9336770a7b9","local_time":"20180922180747","is_ascension_mode":false,"campfire_choices":[{"data":"Clash","floor":6.0,"key":"SMITH"},{"floor":8.0,"key":"REST"},{"data":"Shockwave","floor":15,"key":"SMITH"}],"neow_cost":"NONE","seed_source_timestamp":0,"circlet_count":0,"master_deck":["Strike_R","Strike_R","Strike_R","Strike_R","Defend_R","Defend_R","Defend_R","Defend_R","Bash","Dropkick","Shockwave+1","Twin Strike","Clash+1","Blood for Blood","Combust","Headbutt","Blood for Blood","Ghostly Armor","Pommel Strike","Demon Form","Parasite","Clumsy","Decay"],"special_seed":0,"relics":["Burning Blood","Gremlin Horn","Letter Opener","Strawberry","Odd Mushroom","Golden Idol","Centennial Puzzle","Calling Bell","Oddly Smooth Stone","Self Forming Clay","Shovel"],"potions_floor_usage":[],"damage_taken":[{"damage":2.0,"enemies":"Jaw Worm","floor":1.0,"turns":5.0},{"damage":4.0,"enemies":"Cultist","floor":3.0,"turns":3.0},{"damage":0.0,"enemies":"2 Louse","floor":4.0,"turns":3.0},{"damage":29.0,"enemies":"3 Sentries","floor":7.0,"turns":8.0},{"damage":14.0,"enemies":"Gremlin Nob","floor":10.0,"turns":3.0},{"damage":6.0,"enemies":"Red Slaver","floor":11.0,"turns":3.0},{"damage":14.0,"enemies":"The Mushroom Lair","floor":12.0,"turns":2.0},{"damage":9,"enemies":"Lots of Slimes","floor":13,"turns":3},{"damage":36,"enemies":"Hexaghost","floor":16,"turns":7}],"seed_played":"-8318373623531211417","potions_obtained":[{"floor":1.0,"key":"SteroidPotion"},{"floor":7.0,"key":"FearPotion"},{"floor":12,"key":"EssenceOfSteel"},{"floor":16,"key":"AttackPotion"}],"is_trial":false,"path_per_floor":["M","?","M","M","$","R","E","R","T","E","M","?","M","?","R","B"],"character_chosen":"IRONCLAD","items_purchased":["Blood for Blood"],"campfire_rested":1,"item_purchase_floors":[5],"current_hp_per_floor":[80,80,80,80,80,80,57,80,80,79,79,71,68,68,68,38,81],"gold":433,"neow_bonus":"HUNDRED_GOLD","is_prod":false,"is_daily":false,"chose_seed":false,"campfire_upgraded":2,"win_rate":0.0,"timestamp":1537657667,"path_taken":["M","?","?","?","$","R","E","R","T","E","M","?","M","?","R","BOSS"],"build_version":"2018-09-20","purchased_purges":0,"victory":false,"max_hp_per_floor":[80,80,80,80,80,80,80,80,80,87,87,81,81,81,81,81,81],"card_choices":[{"not_picked":["Shrug It Off","Anger"],"picked":"Dropkick","floor":1.0},{"not_picked":["Armaments","Sword Boomerang"],"picked":"Twin Strike","floor":3.0},{"not_picked":["Pommel Strike","Clothesline"],"picked":"Clash","floor":4.0},{"not_picked":["Cleave","Warcry"],"picked":"Combust","floor":7.0},{"not_picked":["Feel No Pain","Havoc"],"picked":"Headbutt","floor":10.0},{"not_picked":["Sentinel","Disarm"],"picked":"Blood for Blood","floor":11.0},{"not_picked":["Iron Wave","Headbutt"],"picked":"Ghostly Armor","floor":12},{"not_picked":["True Grit","Reckless Charge"],"picked":"Pommel Strike","floor":13},{"not_picked":["Impervious","Immolate"],"picked":"Demon Form","floor":16}],"player_experience":71035,"relics_obtained":[{"floor":7.0,"key":"Gremlin Horn"},{"floor":9.0,"key":"Letter Opener"},{"floor":10.0,"key":"Strawberry"},{"floor":12,"key":"Odd Mushroom"},{"floor":17,"key":"Oddly Smooth Stone"},{"floor":17,"key":"Self Forming Clay"},{"floor":17,"key":"Shovel"}],"event_choices":[{"event_name":"Transmorgrifier","player_choice":"Transform","floor":2.0,"damage_taken":0.0},{"event_name":"Mushrooms","player_choice":"Fought Mushrooms","floor":12.0,"damage_taken":0.0},{"event_name":"Golden Idol","player_choice":"Lose Max HP","floor":12,"damage_taken":0},{"event_name":"Dead Adventurer","player_choice":"Searched \u00271\u0027 times","floor":14,"damage_taken":0}],"is_beta":false,"boss_relics":[{"not_picked":["Velvet Choker","Fusion Hammer"],"picked":"Calling Bell"}],"items_purged_floors":[],"is_endless":false,"potions_floor_spawned":[1,7,12,16],"ascension_level":0}