{"gold_per_floor":[109,129,14,14,14,41,41,41,41,76,87,101,101,112,112,210,210,229,249,70,85,102,102,131,143,143,156,172,198,198,216,216,321,321,331,331,341,341,71,71,86,86,86,106,122,122,132,149,149,149,149,149,149,180,180],"floor_reached":55,"playtime":2552,"items_purged":["Strike_B","Strike_B","Defend_B"],"score":850,"play_id":"54064037-f5e1-4e53-985a-46df7d08f267","local_time":"20190315133333","is_ascension_mode":false,"campfire_choices":[{"data":"Sunder","floor":7,"key":"SMITH"},{"data":"Zap","floor":13,"key":"SMITH"},{"floor":15,"key":"RECALL"},{"data":"Go for the Eyes","floor":23,"key":"SMITH"},{"data":"Defragment","floor":30,"key":"SMITH"},{"data":"Biased Cognition","floor":32,"key":"SMITH"},{"data":"Loop","floor":40,"key":"SMITH"},{"data":"Echo Form","floor":46,"key":"SMITH"},{"data":"Capacitor","floor":49,"key":"SMITH"},{"data":"Coolheaded","floor":52,"key":"SMITH"}],"neow_cost":"NONE","seed_source_timestamp":177826501822676,"circlet_count":0,"master_deck":["Strike_B+1","Defend_B","Defend_B","Defend_B","Zap+1","Dualcast","Ball Lightning+1","Go for the Eyes+1","Self Repair","Sunder+1","Leap","Biased Cognition+1","Coolheaded+1","Leap","Echo Form+1","Conserve Battery","Cold Snap","Capacitor+1","Darkness","Leap+1","Defragment+1","Electrodynamics","Loop+1","Skim+1"],"relics":["Cracked Core","NeowsBlessing","Mercury Hourglass","FossilizedHelix","Gremlin Horn","Velvet Choker","Whetstone","Bag of Marbles","Coffee Dripper","Oddly Smooth Stone","Bottled Lightning","Dodecahedron"],"potions_floor_usage":[10,10,18,24,27,45,47,50,50],"damage_taken":[{"damage":0,"enemies":"Jaw Worm","floor":1,"turns":1},{"damage":0,"enemies":"Small Slimes","floor":2,"turns":1},{"damage":0,"enemies":"3 Sentries","floor":6,"turns":1},{"damage":0,"enemies":"Gremlin Nob","floor":10,"turns":2},{"damage":0,"enemies":"Cultist","floor":11,"turns":2},{"damage":0,"enemies":"Looter","floor":12,"turns":3},{"damage":0,"enemies":"2 Fungi Beasts","floor":14,"turns":2},{"damage":0,"enemies":"Slime Boss","floor":16,"turns":8},{"damage":4,"enemies":"3 Byrds","floor":18,"turns":2},{"damage":0,"enemies":"Spheric Guardian","floor":19,"turns":3},{"damage":0,"enemies":"Chosen and Byrds","floor":21,"turns":6},{"damage":8,"enemies":"Snecko","floor":22,"turns":5},{"damage":27,"enemies":"Gremlin Leader","floor":24,"turns":6},{"damage":0,"enemies":"Centurion and Healer","floor":25,"turns":5},{"damage":0,"enemies":"Cultist and Chosen","floor":27,"turns":5},{"damage":0,"enemies":"Snecko","floor":28,"turns":6},{"damage":4,"enemies":"Book of Stabbing","floor":29,"turns":6},{"damage":0,"enemies":"3 Cultists","floor":31,"turns":2},{"damage":0,"enemies":"Champ","floor":33,"turns":7},{"damage":11,"enemies":"3 Darklings","floor":35,"turns":4},{"damage":4,"enemies":"Orb Walker","floor":37,"turns":4},{"damage":0,"enemies":"Sphere and 2 Shapes","floor":41,"turns":3},{"damage":0,"enemies":"Transient","floor":44,"turns":5},{"damage":4,"enemies":"Maw","floor":45,"turns":5},{"damage":10,"enemies":"Sphere and 2 Shapes","floor":47,"turns":4},{"damage":0,"enemies":"4 Shapes","floor":48,"turns":4},{"damage":46,"enemies":"Awakened One","floor":50,"turns":9},{"damage":73,"enemies":"Shield and Spear","floor":54,"turns":8},{"damage":49,"enemies":"The Heart","floor":55,"turns":2}],"seed_played":"-6920572916095084009","potions_obtained":[{"floor":2,"key":"Fire Potion"},{"floor":6,"key":"Swift Potion"},{"floor":11,"key":"LiquidBronze"},{"floor":14,"key":"FearPotion"},{"floor":21,"key":"Energy Potion"},{"floor":25,"key":"Strength Potion"},{"floor":27,"key":"Strength Potion"},{"floor":29,"key":"Ancient Potion"},{"floor":31,"key":"Fire Potion"},{"floor":41,"key":"PowerPotion"},{"floor":47,"key":"Regen Potion"}],"is_trial":false,"path_per_floor":["M","M","$","?","$","E","R","?","T","E","M","M","R","M","R","B",null,"M","M","$","M","M","R","E","M","T","M","M","E","R","M","R","B",null,"M","?","M","?","$","R","M","$","T","M","M","R","M","M","R","B",null,"R","$","E","B"],"character_chosen":"DEFECT","items_purchased":["Self Repair","Capacitor","Oddly Smooth Stone"],"campfire_rested":0,"item_purchase_floors":[3,20,39],"current_hp_per_floor":[75,75,75,75,75,75,75,75,75,75,75,75,75,75,75,75,75,75,75,75,75,75,75,62,75,75,75,75,71,71,71,71,75,75,64,64,60,60,60,60,60,60,60,60,56,56,60,67,67,43,75,75,75,9,0],"gold":180,"neow_bonus":"THREE_ENEMY_KILL","is_prod":false,"is_daily":false,"chose_seed":false,"campfire_upgraded":9,"win_rate":0,"timestamp":1552682013,"path_taken":["M","M","$","?","$","E","R","?","T","E","M","M","R","?","R","BOSS","M","M","$","M","M","R","E","M","T","M","M","E","R","M","R","BOSS","M","?","M","?","$","R","M","?","T","M","M","R","M","M","R","BOSS","R","$","E","BOSS"],"build_version":"2019-01-23","purchased_purges":3,"victory":false,"max_hp_per_floor":[75,75,75,75,75,75,75,75,75,75,75,75,75,75,75,75,75,75,75,75,75,75,75,75,75,75,75,75,75,75,75,75,75,75,75,75,75,75,75,75,75,75,75,75,75,75,75,75,75,75,75,75,75,75,75],"card_choices":[{"not_picked":["Fusion","Turbo"],"picked":"Ball Lightning","floor":1},{"not_picked":["Conserve Battery","Redo"],"picked":"Go for the Eyes","floor":2},{"not_picked":["Barrage","Sweeping Beam"],"picked":"Sunder","floor":6},{"not_picked":["Streamline","Rebound"],"picked":"Leap","floor":10},{"not_picked":["Beam Cell","Reinforced Body"],"picked":"Biased Cognition","floor":11},{"not_picked":["Sweeping Beam","Gash"],"picked":"Coolheaded","floor":12},{"not_picked":["Redo","Compile Driver"],"picked":"Leap","floor":14},{"not_picked":["Biased Cognition","Meteor Strike"],"picked":"Echo Form","floor":16},{"not_picked":["Self Repair","Streamline+1"],"picked":"Conserve Battery","floor":18},{"not_picked":["Chaos","Turbo"],"picked":"Cold Snap","floor":19},{"not_picked":["Rebound+1","Blizzard+1"],"picked":"Darkness","floor":21},{"not_picked":["Beam Cell+1","White Noise","Conserve Battery"],"picked":"SKIP","floor":22},{"not_picked":["Tempest","Storm+1"],"picked":"Leap+1","floor":24},{"not_picked":["Streamline","Hello World+1"],"picked":"Defragment","floor":25},{"not_picked":["Recycle+1","Compile Driver"],"picked":"Electrodynamics","floor":27},{"not_picked":["Doom and Gloom","Chill+1","FTL"],"picked":"SKIP","floor":28},{"not_picked":["Consume","Reprogram","Streamline"],"picked":"SKIP","floor":29},{"not_picked":["Cold Snap","Melter","Sweeping Beam+1"],"picked":"SKIP","floor":31},{"not_picked":["Cold Snap","Genetic Algorithm+1","Rip and Tear"],"picked":"SKIP","floor":35},{"not_picked":["FTL","Sweeping Beam+1"],"picked":"Loop","floor":37},{"not_picked":["Recycle","Cold Snap","Stack"],"picked":"SKIP","floor":41},{"not_picked":["Undo","BootSequence","Turbo"],"picked":"SKIP","floor":44},{"not_picked":["Electrodynamics","Self Repair+1","Conserve Battery+1"],"picked":"SKIP","floor":45},{"not_picked":["Conserve Battery+1","Steam","Redo+1"],"picked":"SKIP","floor":47},{"not_picked":["BootSequence","Melter","Rebound+1"],"picked":"SKIP","floor":48},{"not_picked":["Self Repair+1","Static Discharge"],"picked":"Skim+1","floor":54}],"player_experience":460197,"relics_obtained":[{"floor":6,"key":"Mercury Hourglass"},{"floor":9,"key":"FossilizedHelix"},{"floor":10,"key":"Gremlin Horn"},{"floor":24,"key":"Whetstone"},{"floor":29,"key":"Bag of Marbles"},{"floor":43,"key":"Bottled Lightning"},{"floor":54,"key":"Dodecahedron"}],"event_choices":[{"damage_healed":0,"gold_gain":0,"player_choice":"Ignored","damage_taken":0,"max_hp_gain":0,"max_hp_loss":0,"event_name":"Shining Light","floor":4,"gold_loss":0},{"cards_removed":["Strike_B"],"damage_healed":0,"gold_gain":0,"player_choice":"Offered Basic","damage_taken":0,"max_hp_gain":0,"max_hp_loss":0,"event_name":"Bonfire Elementals","floor":8,"gold_loss":0},{"damage_healed":0,"gold_gain":0,"player_choice":"Ignored","damage_taken":0,"max_hp_gain":0,"max_hp_loss":0,"event_name":"Tomb of Lord Red Mask","floor":36,"gold_loss":0},{"damage_healed":0,"gold_gain":0,"player_choice":"Ignored","damage_taken":0,"max_hp_gain":0,"max_hp_loss":0,"event_name":"Mysterious Sphere","floor":38,"gold_loss":0}],"is_beta":false,"boss_relics":[{"not_picked":["Runic Dome","Lizard Tail"],"picked":"Velvet Choker"},{"not_picked":["Pandora\u0027s Box","Snecko Eye"],"picked":"Coffee Dripper"}],"items_purged_floors":[3,20,39],"is_endless":false,"potions_floor_spawned":[2,6,11,14,21,25,27,29,31,41,44,47],"killed_by":"The Heart","ascension_level":0}