{"gold_per_floor":[117,117,20,37,49,75,91,109,109,109,136,147,160,176,176,176],"floor_reached":16,"playtime":659,"items_purged":[],"score":168,"play_id":"6304c7d0-e935-4fb8-90e5-b37f0613125e","local_time":"20180829085122","is_ascension_mode":true,"campfire_choices":[{"floor":15,"key":"REST"}],"neow_cost":"NONE","seed_source_timestamp":991914565136,"circlet_count":0,"master_deck":["Strike_R","Strike_R","Strike_R","Strike_R","Defend_R","Defend_R","Defend_R","Bash","Dropkick","Flash of Steel","Flex","Shrug It Off","Cleave","Corruption","Parasite","Burning Pact","Pummel","Sever Soul"],"relics":["Burning Blood","Bronze Scales","Shuriken","Bottled Tornado"],"potions_floor_usage":[7,11,11,13,14,16],"damage_taken":[{"damage":20,"enemies":"Small Slimes","floor":1,"turns":4},{"damage":7,"enemies":"2 Louse","floor":4,"turns":2},{"damage":0,"enemies":"Cultist","floor":5,"turns":2},{"damage":35,"enemies":"Lagavulin","floor":6,"turns":4},{"damage":14,"enemies":"Red Slaver","floor":7,"turns":2},{"damage":3,"enemies":"Blue Slaver","floor":8,"turns":3},{"damage":21,"enemies":"3 Sentries","floor":11,"turns":6},{"damage":10,"enemies":"Large Slime","floor":12,"turns":6},{"damage":6,"enemies":"Exordium Wildlife","floor":13,"turns":3},{"damage":2,"enemies":"2 Fungi Beasts","floor":14,"turns":3},{"damage":62,"enemies":"Slime Boss","floor":16,"turns":9}],"seed_played":"-7054719138016436785","potions_obtained":[{"floor":4,"key":"Explosive Potion"},{"floor":5,"key":"LiquidBronze"},{"floor":7,"key":"SteroidPotion"},{"floor":8,"key":"SkillPotion"},{"floor":12,"key":"Swift Potion"},{"floor":13,"key":"SkillPotion"}],"is_trial":false,"path_per_floor":["M","?","$","M","M","E","M","M","T","?","E","M","M","M","R"],"character_chosen":"IRONCLAD","items_purchased":["Flash of Steel"],"campfire_rested":1,"item_purchase_floors":[3],"current_hp_per_floor":[58,58,58,57,63,34,26,29,29,49,34,30,30,34,58,0],"gold":176,"neow_bonus":"REMOVE_CARD","is_prod":false,"is_daily":false,"chose_seed":false,"campfire_upgraded":0,"win_rate":0,"timestamp":1535543482,"path_taken":["M","?","?","M","?","E","M","M","T","?","E","M","M","M","R","BOSS"],"build_version":"2018-08-28","purchased_purges":0,"victory":false,"max_hp_per_floor":[80,80,80,80,80,80,80,80,80,80,80,80,80,80,80,80],"card_choices":[{"not_picked":["Shrug It Off","Clothesline"],"picked":"Dropkick","floor":1},{"not_picked":["Body Slam","Sword Boomerang"],"picked":"Flex","floor":4},{"not_picked":["Sentinel","Havoc","Anger"],"picked":"SKIP","floor":5},{"not_picked":["Searing Blow","Burning Pact"],"picked":"Shrug It Off","floor":6},{"not_picked":["Rupture","Infernal Blade"],"picked":"Cleave","floor":7},{"not_picked":["Berserk","Armaments"],"picked":"Corruption","floor":8},{"not_picked":["Blood for Blood","Power Through"],"picked":"Burning Pact","floor":11},{"not_picked":["Flex","Armaments"],"picked":"Pummel","floor":12},{"not_picked":["Headbutt","Burning Pact"],"picked":"Sever Soul","floor":13},{"not_picked":["Clothesline","Wild Strike","Evolve"],"picked":"SKIP","floor":14}],"player_experience":864789,"relics_obtained":[{"floor":6,"key":"Bronze Scales"},{"floor":9,"key":"Shuriken"},{"floor":11,"key":"Bottled Tornado"}],"event_choices":[{"event_name":"Living Wall","player_choice":"Forget","floor":2,"damage_taken":0},{"event_name":"Mushrooms","player_choice":"Healed and dodged fight","floor":10,"damage_taken":0}],"is_beta":true,"boss_relics":[],"items_purged_floors":[],"is_endless":false,"potions_floor_spawned":[4,5,7,8,12,13],"killed_by":"Slime Boss","ascension_level":9}