{"path_per_floor":["M","M","?","?","M","R","M","?","T","$","M","R","$","M","R","B",null,"M","M","$","?","?","M","M","R","T","E","M","$","M","M","R","B",null,"M","$","M","?","M","?","M","M","T","$","M","$","?","?","R","B"],"character_chosen":"IRONCLAD","items_purchased":["Paper Frog","Happy Flower"],"gold_per_floor":[113,130,80,80,92,92,102,177,177,102,118,118,18,35,35,134,134,153,170,45,245,245,256,269,269,269,298,318,268,285,302,302,402,402,415,122,140,188,207,207,227,243,243,243,259,105,0,100,100,100],"floor_reached":51,"campfire_rested":0,"playtime":1686,"current_hp_per_floor":[80,80,80,80,75,75,77,66,66,66,67,67,67,75,75,56,84,86,66,66,66,66,75,79,79,79,59,67,67,75,75,75,42,110,112,112,114,111,92,92,91,86,86,86,93,93,93,93,93,78],"items_purged":["Defend_R","Strike_R","Strike_R","Strike_R","Strike_R"],"gold":100,"score":813,"play_id":"03ab2dff-5d11-465d-9583-424013070fbe","local_time":"20180318144557","is_prod":false,"is_daily":false,"is_ascension_mode":false,"campfire_upgraded":6,"timestamp":1521395157,"path_taken":["BOSS","M","M","?","?","M","R","M","?","T","?","M","R","$","M","R","BOSS","M","M","$","?","?","M","?","R","T","E","M","$","M","?","R","BOSS","M","$","M","?","M","?","M","M","T","$","M","$","?","?","R","BOSS"],"build_version":"2018-03-15v3","purchased_purges":6,"victory":true,"master_deck":["Bash+1","Clash+1","Double Tap+1","Rage+1","Flex+1"],"max_hp_per_floor":[80,80,80,80,80,80,80,80,80,80,82,82,82,84,84,84,84,86,88,88,88,88,90,92,92,92,94,96,96,98,100,100,102,110,112,112,114,116,118,118,120,122,122,122,124,124,124,124,124,124],"relics":["Burning Blood","Singing Bowl","Philosopher\u0027s Stone","Charon\u0027s Ashes","Smiling Mask","Orrery","Paper Frog","Torii","Ice Cream","Happy Flower","Red Mask"],"card_choices":[{"not_picked":["Disarm","Clothesline"],"picked":"Clash"},{"not_picked":["Reaper","Brutality"],"picked":"Double Tap"},{"not_picked":["Heavy Blade","Havoc"],"picked":"Flex"}],"player_experience":598212,"potions_floor_usage":[23,27,28,50,50,50],"damage_taken":[{"damage":0,"enemies":"2 Louse","floor":1,"turns":3},{"damage":0,"enemies":"Small Slimes","floor":2,"turns":3},{"damage":11,"enemies":"Jaw Worm","floor":5,"turns":2},{"damage":4,"enemies":"3 Louse","floor":7,"turns":3},{"damage":7,"enemies":"Large Slime","floor":11,"turns":3},{"damage":0,"enemies":"Looter","floor":14,"turns":1},{"damage":25,"enemies":"Slime Boss","floor":16,"turns":8},{"damage":0,"enemies":"Spheric Guardian","floor":18,"turns":2},{"damage":28,"enemies":"Shell Parasite","floor":19,"turns":3},{"damage":8,"enemies":"Cultist and Chosen","floor":23,"turns":4},{"damage":4,"enemies":"3 Cultists","floor":24,"turns":3},{"damage":28,"enemies":"Book of Stabbing","floor":27,"turns":3},{"damage":0,"enemies":"Centurion and Healer","floor":28,"turns":3},{"damage":0,"enemies":"Chosen and Byrds","floor":30,"turns":4},{"damage":8,"enemies":"Cultist and Chosen","floor":31,"turns":3},{"damage":41,"enemies":"Champ","floor":33,"turns":6},{"damage":0,"enemies":"3 Darklings","floor":35,"turns":3},{"damage":0,"enemies":"Orb Walker","floor":37,"turns":1},{"damage":11,"enemies":"Mysterious Sphere","floor":38,"turns":3},{"damage":27,"enemies":"Maw","floor":39,"turns":4},{"damage":9,"enemies":"4 Shapes","floor":41,"turns":3},{"damage":13,"enemies":"Sphere and 2 Shapes","floor":42,"turns":4},{"damage":1,"enemies":"3 Darklings","floor":45,"turns":4},{"damage":21,"enemies":"Awakened One","floor":50,"turns":7}],"event_choices":[{"event_name":"The Cleric","player_choice":"Card Removal","floor":3,"damage_taken":0},{"event_name":"Living Wall","player_choice":"Forget","floor":4,"damage_taken":0},{"event_name":"World of Goop","player_choice":"Gather Gold","floor":8,"damage_taken":0},{"event_name":"Wheel of Change","player_choice":"Gold","floor":21,"damage_taken":0},{"event_name":"The Library","player_choice":"Read","floor":22,"damage_taken":0},{"event_name":"Mysterious Sphere","player_choice":"Fight","floor":38,"damage_taken":0},{"event_name":"Tomb of Lord Red Mask","player_choice":"Paid","floor":47,"damage_taken":0},{"event_name":"Golden Shrine","player_choice":"Pray","floor":48,"damage_taken":0}],"boss_relics":[{"not_picked":["Ectoplasm","Snecko Eye"],"picked":"Philosopher\u0027s Stone"},{"not_picked":["Sozu","Runic Dome"],"picked":"Orrery"}],"potions_floor_spawned":[1,14,16,19,23,27,33,37,38,39,41],"seed_played":"1713250094200186071","ascension_level":0,"is_trial":false}