{"gold_per_floor":[113,213,232,246,261,261,277,277,322,353,365,392,414,54,54,154,154,172,185,203,203,203,52,52,68,68,68],"floor_reached":27,"playtime":1083,"items_purged":["Clumsy"],"score":324,"play_id":"67a145ab-f896-42a1-9986-1751ec9a6079","local_time":"20190314184936","is_ascension_mode":true,"campfire_choices":[{"data":"Zap","floor":6,"key":"SMITH"},{"floor":11,"key":"REST"},{"floor":15,"key":"REST"},{"floor":24,"key":"REST"}],"neow_cost":"NONE","seed_source_timestamp":111850612532335,"circlet_count":0,"master_deck":["AscendersBane","Strike_B","Strike_B","Strike_B","Defend_B","Defend_B","Defend_B","Defend_B","Zap+1","Dualcast","Go for the Eyes","Sweeping Beam","Echo Form","Leap","Auto Shields","Consume","Defragment","Electrodynamics","Conserve Battery","Glacier","Loop+1","Ball Lightning","Leap","Decay"],"relics":["Cracked Core","MawBank","Regal Pillow","Blood Vial","Cursed Key","Shuriken","Matryoshka"],"potions_floor_usage":[13,13,19,19,20],"damage_taken":[{"damage":2,"enemies":"Jaw Worm","floor":1,"turns":3},{"damage":1,"enemies":"Cultist","floor":3,"turns":4},{"damage":5,"enemies":"Small Slimes","floor":4,"turns":3},{"damage":31,"enemies":"Gremlin Gang","floor":5,"turns":4},{"damage":9,"enemies":"Blue Slaver","floor":7,"turns":3},{"damage":12,"enemies":"Exordium Thugs","floor":10,"turns":3},{"damage":11,"enemies":"Exordium Wildlife","floor":12,"turns":4},{"damage":9,"enemies":"Gremlin Gang","floor":13,"turns":4},{"damage":37,"enemies":"The Guardian","floor":16,"turns":15},{"damage":16,"enemies":"Shell Parasite","floor":18,"turns":6},{"damage":15,"enemies":"3 Byrds","floor":19,"turns":3},{"damage":12,"enemies":"Sentry and Sphere","floor":20,"turns":5},{"damage":18,"enemies":"Colosseum Slavers","floor":21,"turns":3},{"damage":33,"enemies":"Snake Plant","floor":25,"turns":4},{"damage":4,"enemies":"Snecko","floor":27,"turns":5}],"seed_played":"-460655965449417606","potions_obtained":[{"floor":10,"key":"Energy Potion"},{"floor":12,"key":"Poison Potion"},{"floor":13,"key":"Energy Potion"},{"floor":18,"key":"SkillPotion"},{"floor":19,"key":"Fire Potion"}],"is_trial":false,"path_per_floor":["M","?","M","M","M","R","M","?","T","M","R","M","M","$","R","B",null,"M","M","M","?","T","$","R","M","T","M"],"character_chosen":"DEFECT","items_purchased":["Defragment","Regal Pillow","Blood Vial","Ball Lightning","Leap"],"campfire_rested":3,"item_purchase_floors":[14,14,14,23,23],"current_hp_per_floor":[66,66,65,60,29,29,20,25,25,13,35,24,15,15,52,17,61,47,34,24,8,8,8,45,14,14,12],"gold":68,"neow_bonus":"REMOVE_CARD","is_prod":false,"is_daily":false,"chose_seed":false,"campfire_upgraded":1,"win_rate":0,"timestamp":1552614576,"path_taken":["M","?","?","M","M","R","M","?","T","?","R","M","M","$","R","BOSS","M","M","M","?","?","?","R","M","T","M"],"build_version":"2019-01-23","purchased_purges":1,"victory":false,"max_hp_per_floor":[75,75,75,75,75,75,75,75,75,75,75,75,75,75,75,75,75,75,75,75,75,75,75,75,75,75,75],"card_choices":[{"not_picked":["Conserve Battery","Steam"],"picked":"Go for the Eyes","floor":1},{"not_picked":["Chill","Blizzard"],"picked":"Gash","floor":3},{"not_picked":["Rebound","Barrage"],"picked":"Sweeping Beam","floor":4},{"not_picked":["Go for the Eyes","Hello World"],"picked":"Echo Form","floor":5},{"not_picked":["Darkness","Rebound"],"picked":"Leap","floor":7},{"not_picked":["Hologram","Turbo"],"picked":"Auto Shields","floor":10},{"not_picked":["Stack","Doom and Gloom","Steam"],"picked":"SKIP","floor":12},{"not_picked":["Aggregate","Lockon"],"picked":"Consume","floor":13},{"not_picked":["Reboot","Biased Cognition"],"picked":"Electrodynamics","floor":16},{"not_picked":["Auto Shields+1","Sweeping Beam"],"picked":"Conserve Battery","floor":18},{"not_picked":["Turbo","Steam"],"picked":"Glacier","floor":19},{"not_picked":["Chaos+1","Rip and Tear+1"],"picked":"Loop+1","floor":20},{"not_picked":["Doom and Gloom","Go for the Eyes+1","Sweeping Beam"],"picked":"SKIP","floor":25}],"player_experience":451082,"relics_obtained":[{"floor":9,"key":"MawBank"},{"floor":22,"key":"Shuriken"},{"floor":26,"key":"Matryoshka"}],"event_choices":[{"damage_healed":0,"gold_gain":100,"player_choice":"Pray","damage_taken":0,"max_hp_gain":0,"max_hp_loss":0,"event_name":"Golden Shrine","floor":2,"gold_loss":0},{"cards_removed":["Gash"],"damage_healed":5,"gold_gain":0,"player_choice":"Offered Common","damage_taken":0,"max_hp_gain":0,"max_hp_loss":0,"event_name":"Bonfire Elementals","floor":8,"gold_loss":0},{"cards_removed":["Gash"],"damage_healed":5,"gold_gain":0,"player_choice":"Offered Special","damage_taken":0,"max_hp_gain":0,"max_hp_loss":0,"event_name":"Bonfire Elementals","floor":8,"gold_loss":0},{"damage_healed":0,"gold_gain":0,"player_choice":"Fight","damage_taken":0,"max_hp_gain":0,"max_hp_loss":0,"event_name":"Colosseum","floor":21,"gold_loss":0},{"damage_healed":0,"gold_gain":0,"player_choice":"Fled From Nobs","damage_taken":0,"max_hp_gain":0,"max_hp_loss":0,"event_name":"Colosseum","floor":21,"gold_loss":0}],"is_beta":false,"boss_relics":[{"not_picked":["Eternal Feather","Orrery"],"picked":"Cursed Key"}],"items_purged_floors":[23],"is_endless":false,"potions_floor_spawned":[10,12,13,18,19],"killed_by":"Snecko","ascension_level":11}