{"path_per_floor":["M","?","M","$","R","M","T","R","$","R","M","?","R"],"character_chosen":"THE_SILENT","items_purchased":[],"gold_per_floor":[117,117,87,12,12,27,27,27,27,27,39,39,39,39],"floor_reached":14,"campfire_rested":0,"playtime":489,"item_purchase_floors":[],"current_hp_per_floor":[62,62,62,62,62,62,62,62,62,62,62,49,49,0],"items_purged":["Strike_G"],"gold":39,"score":80,"play_id":"f67684a7-14e8-4dde-ac00-4c4e72a5c70f","local_time":"20180524230128","is_prod":false,"is_daily":false,"chose_seed":false,"is_ascension_mode":false,"campfire_upgraded":4,"win_rate":0,"timestamp":1527213688,"campfire_choices":[{"data":"Dagger Spray","floor":5,"key":"SMITH"},{"data":"Bullet Time","floor":8,"key":"SMITH"},{"data":"Neutralize","floor":10,"key":"SMITH"},{"data":"Blade Dance","floor":13,"key":"SMITH"}],"path_taken":["M","?","?","?","M","$","R","M","T","R","$","R","M","?","R","BOSS"],"build_version":"2018-05-23v2","seed_source_timestamp":0,"purchased_purges":1,"victory":false,"master_deck":["Defend_G","Defend_G+1","Defend_G","Strike_G","Strike_G","Strike_G+1","Survivor","Neutralize+1","Backflip","Dagger Spray+1","Bullet Time+1","Blade Dance+1"],"max_hp_per_floor":[63,63,63,63,63,63,63,63,63,63,63,63,63,63],"relics":["Ring of the Snake"],"card_choices":[{"not_picked":["Riddle With Holes","Distraction"],"picked":"Backflip","floor":1.0},{"not_picked":["Dagger Throw","Outmaneuver"],"picked":"Dagger Spray","floor":3},{"not_picked":["Flying Knee","PiercingWail"],"picked":"Bullet Time","floor":6},{"not_picked":["Quick Slash","Night Terror"],"picked":"Blade Dance","floor":11}],"player_experience":801232,"potions_floor_usage":[14],"damage_taken":[{"damage":1.0,"enemies":"Cultist","floor":1.0,"turns":4.0},{"damage":0.0,"enemies":"Jaw Worm","floor":3.0,"turns":5.0},{"damage":0,"enemies":"Jaw Worm","floor":3,"turns":5},{"damage":0,"enemies":"Small Slimes","floor":6,"turns":3},{"damage":0,"enemies":"3 Louse","floor":11,"turns":2},{"damage":53,"enemies":"Hexaghost","floor":14,"turns":11}],"relics_obtained":[],"event_choices":[{"event_name":"Golden Idol","player_choice":"Ignored","floor":2.0,"damage_taken":0.0},{"event_name":"The Cleric","player_choice":"Card Removal","floor":3,"damage_taken":0},{"event_name":"Shining Light","player_choice":"Entered Light","floor":12,"damage_taken":0}],"boss_relics":[],"items_purged_floors":[4],"potions_floor_spawned":[1],"seed_played":"-3844488042566612711","killed_by":"Hexaghost","ascension_level":0,"potions_obtained":[{"floor":1.0,"key":"SteroidPotion"}],"is_trial":false}