{"path_per_floor":["M","M","$","?","?","E","R","M","T","R","M","M","?","$","R","B",null,"M","?","M","M","?","R","T","M","T","$","?","E","R","M","R"],"character_chosen":"THE_SILENT","items_purchased":[],"gold_per_floor":[113,126,51,51,51,77,77,93,93,93,106,126,126,26,26,122,122,122,122,122,122,122,122,122,122,122,122,37,37,37,37,37],"floor_reached":33,"campfire_rested":3,"playtime":1326,"current_hp_per_floor":[63,63,63,51,51,51,51,50,50,50,50,50,50,50,50,23,56,47,47,47,36,36,56,56,30,30,30,30,21,41,39,59],"items_purged":["Parasite","Strike_G"],"gold":37,"score":464,"play_id":"f0fe54c1-b1b2-4227-904c-0bc99cb568ba","local_time":"20180307091104","is_prod":false,"is_daily":false,"is_ascension_mode":true,"campfire_upgraded":3,"timestamp":1520424664,"path_taken":["M","M","$","?","?","E","R","M","T","R","M","M","?","$","R","BOSS","M","?","?","M","?","R","?","M","T","$","?","E","R","M","R","BOSS"],"build_version":"2018-03-01-PROD1","purchased_purges":2,"victory":false,"master_deck":["Defend_G","Defend_G","Defend_G","Defend_G","Strike_G","Strike_G","Strike_G","Survivor","Neutralize+1","Cloak And Dagger","Die Die Die","Noxious Fumes+1","Cloak And Dagger","Sucker Punch+1","Dodge and Roll+1","Tools of the Trade","Terror"],"max_hp_per_floor":[70,70,67,67,67,67,67,67,67,67,67,67,67,67,67,67,67,67,67,67,67,67,67,67,67,67,67,67,67,67,67,67],"relics":["Ring of the Snake","NeowsBlessing","Du-Vu Doll","Dodecahedron","Gambling Chip","Ectoplasm","Happy Flower","Torii","Darkstone Periapt","Peace Pipe"],"card_choices":[{"not_picked":["Crippling Poison","Heel Hook"],"picked":"Cloak And Dagger"},{"not_picked":["Dagger Spray","Leg Sweep"],"picked":"Die Die Die"},{"not_picked":["Dash","Prepared"],"picked":"Noxious Fumes"},{"not_picked":["Dagger Throw","Deadly Poison"],"picked":"Cloak And Dagger"},{"not_picked":["Cloak And Dagger","Blade Dance"],"picked":"Sucker Punch"},{"not_picked":["Dagger Spray","Acrobatics"],"picked":"Dodge and Roll"},{"not_picked":["Deflect","Endless Agony"],"picked":"Tools of the Trade"},{"not_picked":["Accuracy","Endless Agony"],"picked":"Terror"}],"player_experience":521986,"potions_floor_usage":[16,21,29,29,31],"damage_taken":[{"damage":0,"enemies":"Small Slimes","floor":1,"turns":1},{"damage":0,"enemies":"Jaw Worm","floor":2,"turns":1},{"damage":0,"enemies":"Gremlin Nob","floor":6,"turns":1},{"damage":1,"enemies":"2 Louse","floor":8,"turns":2},{"damage":0,"enemies":"2 Fungi Beasts","floor":11,"turns":3},{"damage":0,"enemies":"Looter","floor":12,"turns":4},{"damage":27,"enemies":"Hexaghost","floor":16,"turns":11},{"damage":9,"enemies":"Spheric Guardian","floor":18,"turns":5},{"damage":0,"enemies":"Shell Parasite","floor":20,"turns":8},{"damage":11,"enemies":"Centurion and Healer","floor":21,"turns":9},{"damage":26,"enemies":"Snecko","floor":25,"turns":8},{"damage":9,"enemies":"Slavers","floor":29,"turns":8},{"damage":2,"enemies":"Snake Plant","floor":31,"turns":5},{"damage":65,"enemies":"Collector","floor":33,"turns":7}],"event_choices":[{"event_name":"Scrap Ooze","player_choice":"success","floor":4,"damage_taken":12},{"event_name":"Living Wall","player_choice":"Forget","floor":5,"damage_taken":0},{"event_name":"Dead Adventurer","player_choice":"Searched \u00271\u0027 times","floor":13,"damage_taken":0},{"event_name":"Wheel of Change","player_choice":"Card Removal","floor":19,"damage_taken":0},{"event_name":"Accursed Blacksmith","player_choice":"Forge","floor":22,"damage_taken":0},{"event_name":"Addict","player_choice":"Obtained Relic","floor":28,"damage_taken":0}],"boss_relics":[{"not_picked":["Runic Pyramid","Velvet Choker"],"picked":"Ectoplasm"}],"potions_floor_spawned":[11,12,18,20,25,31],"seed_played":"5337962251117891831","killed_by":"Collector","ascension_level":12,"is_trial":false}