{"path_per_floor":["M","?","M","$","M","$","M","M","T","?","T","R","M","M","R","B",null,"M"],"character_chosen":"IRONCLAD","items_purchased":["Cleave","Shrug It Off"],"gold_per_floor":[112,112,124,75,85,61,77,95,95,95,95,95,105,124,124,224,224,244,244],"floor_reached":19,"campfire_rested":0,"playtime":627,"current_hp_per_floor":[69,69,63,63,61,61,52,51,51,51,51,57,47,42,48,9,80,28,0],"items_purged":[],"gold":244,"score":161,"play_id":"4785abac-9b93-4793-88f2-7b48f2a588ee","local_time":"20180508123803","is_prod":false,"is_daily":false,"chose_seed":false,"is_ascension_mode":false,"campfire_upgraded":2,"timestamp":1525793883,"path_taken":["M","?","?","$","M","$","M","M","T","?","?","R","?","M","R","BOSS","M","M"],"build_version":"2018-05-07","seed_source_timestamp":13740105006080,"purchased_purges":0,"victory":false,"master_deck":["Strike_R","Strike_R","Strike_R","Strike_R","Strike_R","Defend_R","Defend_R","Defend_R","Defend_R","Bash","Second Wind","Body Slam+1","Cleave+1","True Grit+1","Shrug It Off","Iron Wave","Clash","Reckless Charge","Dark Embrace"],"max_hp_per_floor":[80,80,80,80,80,80,80,80,80,80,80,80,80,80,80,80,80,80,80],"relics":["Eternal Feather"],"card_choices":[{"not_picked":["Shrug It Off","Dropkick"],"picked":"Second Wind","floor":1.0},{"not_picked":["Rampage","Flex"],"picked":"Body Slam","floor":3.0},{"not_picked":["Sentinel","Searing Blow"],"picked":"True Grit","floor":5.0},{"not_picked":["Bloodletting","Pummel"],"picked":"Iron Wave","floor":7.0},{"not_picked":["Anger","Pommel Strike"],"picked":"Clash","floor":8.0},{"not_picked":["Clothesline","Clash"],"picked":"Reckless Charge","floor":13},{"not_picked":["Impervious","Berserk"],"picked":"Dark Embrace","floor":16}],"player_experience":796862,"potions_floor_usage":[16,16,16],"damage_taken":[{"damage":11.0,"enemies":"Jaw Worm","floor":1.0,"turns":2.0},{"damage":6.0,"enemies":"Cultist","floor":3.0,"turns":3.0},{"damage":2.0,"enemies":"2 Louse","floor":5.0,"turns":2.0},{"damage":9.0,"enemies":"Lots of Slimes","floor":7.0,"turns":3.0},{"damage":1.0,"enemies":"3 Louse","floor":8.0,"turns":4.0},{"damage":10,"enemies":"2 Fungi Beasts","floor":13,"turns":3},{"damage":5,"enemies":"Large Slime","floor":14,"turns":7},{"damage":54,"enemies":"The Guardian","floor":16,"turns":13},{"damage":52,"enemies":"Chosen","floor":18,"turns":7},{"damage":29,"enemies":"Spheric Guardian","floor":19,"turns":5}],"event_choices":[{"event_name":"The Woman in Blue","player_choice":"Bought 0 Potions","floor":2.0,"damage_taken":0.0},{"event_name":"Living Wall","player_choice":"Grow","floor":10,"damage_taken":0}],"boss_relics":[{"not_picked":["Philosopher\u0027s Stone","Black Star","Lizard Tail"]}],"potions_floor_spawned":[1,5,8,13],"seed_played":"4747146776887312567","killed_by":"Spheric Guardian","ascension_level":0,"is_trial":false}