{"gold_per_floor":[115,190,202,7,46,91,91,163,245,297,336,353,388,426,426,546,546,558,558,403,26,26,26,39,74,104,156,168,279,291,341,353,470,482,504,616,628,640,667,679,84,84,110,164,191,251,3,84,84,109],"floor_reached":51,"playtime":2921,"items_purged":[],"score":746,"play_id":"11c871cc-cf61-4f8b-883a-91dc7009f257","local_time":"20190315113802","is_ascension_mode":true,"campfire_choices":[{"floor":7.0,"key":"REST"},{"floor":15.0,"key":"REST"},{"data":"Spot Weakness","floor":23.0,"key":"SMITH"},{"data":"Double Tap","floor":28.0,"key":"SMITH"},{"floor":30.0,"key":"REST"},{"data":"HandOfGreed","floor":32.0,"key":"SMITH"},{"floor":40.0,"key":"REST"},{"floor":42.0,"key":"RECALL"},{"floor":49,"key":"REST"}],"neow_cost":"NONE","seed_source_timestamp":3389264600315,"circlet_count":0,"master_deck":["Strike_R","Strike_R","Strike_R","Strike_R","Defend_R","Defend_R","Defend_R+1","Defend_R+1","Bash","Pommel Strike","Rage","HandOfGreed+1","Heavy Blade","Spot Weakness+1","Juggernaut","Cleave","Double Tap+1","Feed","Pommel Strike","Bandage Up","Headbutt","Thunderclap+1","Infernal Blade+1","Limit Break","Ghostly Armor","Iron Wave+1","Violence","Madness","Madness","Thunderclap+1"],"special_seed":0,"relics":["Burning Blood","War Paint","WingedGreaves","Boot","Darkstone Periapt","Centennial Puzzle","Philosopher\u0027s Stone","Anchor","Vajra","Lantern","Tiny Chest","MawBank","Fusion Hammer","Magic Flower","Red Skull","Letter Opener","Toy Ornithopter","Juzu Bracelet","Self Forming Clay","Oddly Smooth Stone","Pear","Bottled Flame"],"potions_floor_usage":[50],"damage_taken":[{"damage":3.0,"enemies":"Jaw Worm","floor":1.0,"turns":5.0},{"damage":1.0,"enemies":"Cultist","floor":3.0,"turns":4.0},{"damage":5.0,"enemies":"Small Slimes","floor":5.0,"turns":4.0},{"damage":43.0,"enemies":"Gremlin Nob","floor":6.0,"turns":6.0},{"damage":23.0,"enemies":"3 Sentries","floor":8.0,"turns":6.0},{"damage":8.0,"enemies":"2 Fungi Beasts","floor":10.0,"turns":4.0},{"damage":25.0,"enemies":"Large Slime","floor":11.0,"turns":5.0},{"damage":6.0,"enemies":"Looter","floor":12.0,"turns":3.0},{"damage":41.0,"enemies":"Gremlin Nob","floor":13.0,"turns":5.0},{"damage":0.0,"enemies":"3 Louse","floor":14.0,"turns":3.0},{"damage":27.0,"enemies":"Hexaghost","floor":16.0,"turns":9.0},{"damage":23.0,"enemies":"Shell Parasite","floor":18.0,"turns":3.0},{"damage":0.0,"enemies":"Spheric Guardian","floor":24.0,"turns":3.0},{"damage":14.0,"enemies":"3 Cultists","floor":25.0,"turns":3.0},{"damage":26.0,"enemies":"Book of Stabbing","floor":27.0,"turns":3.0},{"damage":3.0,"enemies":"Snecko","floor":31.0,"turns":3.0},{"damage":80.0,"enemies":"Champ","floor":33.0,"turns":9.0},{"damage":0.0,"enemies":"Orb Walker","floor":35.0,"turns":2.0},{"damage":25.0,"enemies":"Mind Bloom Boss Battle","floor":36.0,"turns":4.0},{"damage":7.0,"enemies":"3 Darklings","floor":39.0,"turns":2.0},{"damage":29.0,"enemies":"Reptomancer","floor":44.0,"turns":4.0},{"damage":13.0,"enemies":"Jaw Worm Horde","floor":46.0,"turns":3.0},{"damage":50,"enemies":"Donu and Deca","floor":50,"turns":9}],"seed_played":"-6798865816013151269","potions_obtained":[{"floor":3.0,"key":"SpeedPotion"},{"floor":5.0,"key":"Regen Potion"},{"floor":6.0,"key":"AttackPotion"},{"floor":12.0,"key":"Regen Potion"},{"floor":13.0,"key":"Poison Potion"},{"floor":24.0,"key":"EssenceOfSteel"},{"floor":33.0,"key":"Fire Potion"},{"floor":35.0,"key":"FearPotion"},{"floor":44.0,"key":"SkillPotion"},{"floor":46.0,"key":"AttackPotion"}],"is_trial":false,"path_per_floor":["M","?","M","$","M","E","R","E","T","M","M","M","E","M","R","B",null,"M","?","$","$","?","R","M","M","T","E","R","?","R","M","R","B",null,"M","?","?","?","M","R","$","R","T","E","T","M","$","T","R","B",null],"character_chosen":"IRONCLAD","items_purchased":["HandOfGreed","Anchor","Vajra","Lantern","Bandage Up","Red Skull","Letter Opener","Toy Ornithopter","Pear"],"campfire_rested":5,"item_purchase_floors":[4,20,21,21,21,41,41,41,47],"current_hp_per_floor":[80,72,77,77,78,52,76,59,59,57,38,38,17,23,47,26,80,63,63,63,63,63,63,73,72,72,56,56,56,80,83,83,9,83,83,64,64,54,56,80,80,80,80,66,66,76,86,86,93,60],"gold":109,"neow_bonus":"RANDOM_COMMON_RELIC","is_prod":false,"is_daily":false,"chose_seed":false,"campfire_upgraded":3,"win_rate":0,"timestamp":1552660682,"path_taken":["M","?","?","$","M","E","R","E","T","M","M","M","E","M","R","BOSS","M","?","?","$","?","R","?","M","T","E","R","?","R","M","R","BOSS","M","?","?","?","M","R","$","R","T","E","?","M","$","?","R","BOSS"],"build_version":"2019-01-17","purchased_purges":0,"victory":true,"max_hp_per_floor":[80,80,80,80,80,80,80,80,80,80,80,80,80,80,80,80,80,80,80,80,80,80,80,80,83,83,83,83,83,83,83,83,83,83,83,83,83,83,83,83,83,83,83,83,83,83,93,93,93,93],"card_choices":[{"not_picked":["Sword Boomerang","Armaments"],"picked":"Pommel Strike","floor":1.0},{"not_picked":["Twin Strike","Clothesline"],"picked":"Rage","floor":3.0},{"not_picked":["Thunderclap","Warcry"],"picked":"Heavy Blade","floor":5.0},{"not_picked":["Body Slam","Perfected Strike"],"picked":"Spot Weakness","floor":6.0},{"not_picked":["Blood for Blood","Entrench"],"picked":"Juggernaut","floor":8.0},{"not_picked":["Pommel Strike","Entrench"],"picked":"Cleave","floor":10.0},{"not_picked":["Twin Strike","Sword Boomerang","Dropkick"],"picked":"SKIP","floor":11.0},{"not_picked":["Burning Pact","Thunderclap","Clash"],"picked":"SKIP","floor":12.0},{"not_picked":["Anger","Warcry","Flame Barrier"],"picked":"SKIP","floor":13.0},{"not_picked":["Warcry","Sword Boomerang"],"picked":"Double Tap","floor":14.0},{"not_picked":["Impervious","Brutality"],"picked":"Feed","floor":16.0},{"not_picked":["Armaments","Battle Trance"],"picked":"Pommel Strike","floor":18.0},{"not_picked":["Pummel","Flex"],"picked":"Thunderclap+1","floor":24.0},{"not_picked":["Fire Breathing","Warcry","Shockwave"],"picked":"SKIP","floor":25.0},{"not_picked":["Sword Boomerang","True Grit","Thunderclap"],"picked":"SKIP","floor":27.0},{"not_picked":["Twin Strike","Combust"],"picked":"Infernal Blade+1","floor":31.0},{"not_picked":["Reaper","Dark Embrace"],"picked":"Limit Break","floor":33.0},{"not_picked":["Entrench","Flex"],"picked":"Ghostly Armor","floor":35.0},{"not_picked":["Headbutt+1","Burning Pact+1"],"picked":"Iron Wave+1","floor":36.0},{"not_picked":["Dark Shackles","Good Instincts"],"picked":"Violence","floor":37.0},{"not_picked":["Pommel Strike","Burning Pact"],"picked":"Thunderclap+1","floor":39.0},{"not_picked":["Pommel Strike","Berserk","Disarm"],"picked":"SKIP","floor":44.0},{"not_picked":["Warcry+1","Clothesline","Iron Wave+1"],"picked":"SKIP","floor":46.0}],"player_experience":14234,"relics_obtained":[{"floor":6.0,"key":"WingedGreaves"},{"floor":8.0,"key":"Boot"},{"floor":9.0,"key":"Darkstone Periapt"},{"floor":13.0,"key":"Centennial Puzzle"},{"floor":26.0,"key":"Tiny Chest"},{"floor":27.0,"key":"MawBank"},{"floor":36.0,"key":"Magic Flower"},{"floor":43.0,"key":"Juzu Bracelet"},{"floor":44.0,"key":"Self Forming Clay"},{"floor":45.0,"key":"Oddly Smooth Stone"},{"floor":48,"key":"Bottled Flame"}],"event_choices":[{"damage_healed":0.0,"max_hp_gain":0.0,"max_hp_loss":0.0,"gold_gain":75.0,"event_name":"FaceTrader","player_choice":"Touch","floor":2.0,"gold_loss":0.0,"damage_taken":8.0},{"damage_healed":0.0,"max_hp_gain":0.0,"max_hp_loss":0.0,"gold_gain":0.0,"event_name":"Beggar","player_choice":"Ignored","floor":19.0,"gold_loss":0.0,"damage_taken":0.0},{"damage_healed":0.0,"max_hp_gain":0.0,"max_hp_loss":0.0,"gold_gain":0.0,"cards_transformed":["Strike_R"],"event_name":"Transmorgrifier","player_choice":"Transformed","floor":22.0,"gold_loss":0.0,"damage_taken":0.0,"cards_obtained":["Headbutt"]},{"damage_healed":0.0,"max_hp_gain":0.0,"max_hp_loss":0.0,"gold_gain":99.0,"event_name":"Nest","player_choice":"Stole From Cult","floor":29.0,"gold_loss":0.0,"damage_taken":0.0},{"damage_healed":0.0,"max_hp_gain":0.0,"max_hp_loss":0.0,"gold_gain":0.0,"event_name":"MindBloom","player_choice":"Fight","floor":36.0,"gold_loss":0.0,"damage_taken":0.0},{"damage_healed":0.0,"max_hp_gain":0.0,"max_hp_loss":0.0,"gold_gain":0.0,"event_name":"SensoryStone","player_choice":"Memory 1","floor":37.0,"gold_loss":0.0,"damage_taken":0.0},{"damage_healed":0.0,"max_hp_gain":0.0,"max_hp_loss":0.0,"gold_gain":0.0,"event_name":"Winding Halls","player_choice":"Embrace Madness","floor":38.0,"gold_loss":0.0,"damage_taken":10.0,"cards_obtained":["Madness","Madness"]}],"is_beta":false,"boss_relics":[{"not_picked":["Black Star","Calling Bell"],"picked":"Philosopher\u0027s Stone"},{"not_picked":["Empty Cage","Snecko Eye"],"picked":"Fusion Hammer"}],"items_purged_floors":[],"is_endless":false,"potions_floor_spawned":[3,5,6,12,13,24,33,35,44,46],"ascension_level":1}