{"gold_per_floor":[212,162,36,53,53,53,87,87,111,129,142,156,156,170,170,271,271,291,291,304,304,353,383,383,383,407,113,141,155,155],"floor_reached":30,"playtime":904,"items_purged":["Strike_B","Defend_B"],"score":318,"play_id":"aeee220a-683b-4b5f-9540-2d657eb17f41","local_time":"20190315144623","is_ascension_mode":false,"campfire_choices":[{"data":"Zap","floor":6,"key":"SMITH"},{"data":"Go for the Eyes","floor":8,"key":"SMITH"},{"floor":15,"key":"RECALL"},{"data":"Sunder","floor":24,"key":"SMITH"}],"neow_cost":"NONE","seed_source_timestamp":183842994711659,"circlet_count":0,"master_deck":["Strike_B+1","Defend_B+1","Defend_B","Defend_B","Zap+1","Dualcast","Ball Lightning","Cold Snap","Go for the Eyes+1","Conserve Battery","Auto Shields","Ball Lightning","Biased Cognition","Sunder+1","Consume","Coolheaded","Leap"],"relics":["Cracked Core","Art of War","Happy Flower","Sozu","The Courier","Enchiridion","Smiling Mask","Bottled Flame","Symbiotic Virus","Anchor"],"potions_floor_usage":[7,16,16],"damage_taken":[{"damage":2,"enemies":"2 Louse","floor":1,"turns":3},{"damage":0,"enemies":"Cultist","floor":4,"turns":2},{"damage":16,"enemies":"Gremlin Nob","floor":7,"turns":4},{"damage":6,"enemies":"Jaw Worm","floor":10,"turns":3},{"damage":2,"enemies":"Blue Slaver","floor":11,"turns":2},{"damage":0,"enemies":"3 Louse","floor":12,"turns":3},{"damage":6,"enemies":"Exordium Wildlife","floor":14,"turns":4},{"damage":0,"enemies":"Slime Boss","floor":16,"turns":12},{"damage":7,"enemies":"Shell Parasite","floor":18,"turns":4},{"damage":7,"enemies":"2 Thieves","floor":20,"turns":3},{"damage":19,"enemies":"Book of Stabbing","floor":23,"turns":7},{"damage":17,"enemies":"Slavers","floor":28,"turns":4},{"damage":0,"enemies":"3 Cultists","floor":29,"turns":4},{"damage":11,"enemies":"Chosen and Byrds","floor":30,"turns":4}],"seed_played":"4254282841899514348","potions_obtained":[{"floor":1,"key":"SpeedPotion"},{"floor":11,"key":"SkillPotion"},{"floor":14,"key":"EssenceOfSteel"},{"floor":16,"key":"SpeedPotion"}],"is_trial":false,"path_per_floor":["M","?","$","M","$","R","E","R","T","M","M","M","?","M","R","B",null,"M","?","M","?","T","E","R","?","T","$","E","M","M"],"character_chosen":"DEFECT","items_purchased":["Cold Snap","Leap","Symbiotic Virus"],"campfire_rested":0,"item_purchase_floors":[3,27,27],"current_hp_per_floor":[73,73,73,73,73,73,57,57,57,51,49,49,34,28,28,28,75,68,68,61,45,45,26,26,26,26,26,9,9,0],"gold":155,"neow_bonus":"HUNDRED_GOLD","is_prod":false,"is_daily":false,"chose_seed":false,"campfire_upgraded":3,"win_rate":0,"timestamp":1552686383,"path_taken":["M","?","$","M","$","R","E","R","T","M","M","M","?","M","R","BOSS","M","?","?","?","?","E","R","?","T","$","E","M","M"],"build_version":"2019-01-23","purchased_purges":2,"victory":false,"max_hp_per_floor":[75,75,75,75,75,75,75,75,75,75,75,75,75,75,75,75,75,75,75,75,75,75,75,75,75,75,75,75,75,75],"card_choices":[{"not_picked":["FTL","Static Discharge"],"picked":"Ball Lightning","floor":1},{"not_picked":["Rebound","White Noise","Stack"],"picked":"SKIP","floor":4},{"not_picked":["Melter","Ball Lightning"],"picked":"Go for the Eyes","floor":7},{"not_picked":["Fusion","Rebound","Gash"],"picked":"SKIP","floor":10},{"not_picked":["Streamline","Aggregate"],"picked":"Conserve Battery","floor":11},{"not_picked":["Chill","Rebound"],"picked":"Auto Shields","floor":12},{"not_picked":["Turbo","Sweeping Beam"],"picked":"Ball Lightning","floor":14},{"not_picked":["Multi-Cast","Buffer"],"picked":"Biased Cognition","floor":16},{"not_picked":["Go for the Eyes","Streamline+1"],"picked":"Sunder","floor":18},{"not_picked":["Hello World","Genetic Algorithm"],"picked":"Consume","floor":20},{"not_picked":["Sweeping Beam","Go for the Eyes"],"picked":"Coolheaded","floor":23},{"not_picked":["Blizzard","Beam Cell","Go for the Eyes"],"picked":"SKIP","floor":28},{"not_picked":["Compile Driver+1","Lockon+1","Turbo"],"picked":"SKIP","floor":29}],"player_experience":465884,"relics_obtained":[{"floor":7,"key":"Art of War"},{"floor":9,"key":"Happy Flower"},{"floor":21,"key":"Enchiridion"},{"floor":22,"key":"Smiling Mask"},{"floor":23,"key":"Bottled Flame"},{"floor":28,"key":"Anchor"}],"event_choices":[{"cards_removed":["Strike_B"],"damage_healed":0,"gold_gain":0,"player_choice":"Card Removal","damage_taken":0,"max_hp_gain":0,"max_hp_loss":0,"event_name":"The Cleric","floor":2,"gold_loss":50},{"damage_healed":0,"gold_gain":0,"player_choice":"Entered Light","damage_taken":15,"max_hp_gain":0,"max_hp_loss":0,"event_name":"Shining Light","floor":13,"gold_loss":0,"cards_upgraded":["Strike_B","Defend_B"]},{"damage_healed":0,"gold_gain":0,"player_choice":"Gave Potion","damage_taken":0,"relics_obtained":["The Courier"],"max_hp_gain":0,"max_hp_loss":0,"event_name":"WeMeetAgain","floor":19,"gold_loss":0},{"damage_healed":0,"gold_gain":0,"player_choice":"Obtained Book","damage_taken":16,"max_hp_gain":0,"max_hp_loss":0,"event_name":"Cursed Tome","floor":21,"gold_loss":0},{"cards_removed":["Strike_B"],"damage_healed":0,"gold_gain":0,"player_choice":"Elegance","damage_taken":0,"max_hp_gain":0,"max_hp_loss":0,"event_name":"Back to Basics","floor":25,"gold_loss":0}],"is_beta":false,"boss_relics":[{"not_picked":["Busted Crown","Empty Cage"],"picked":"Sozu"}],"items_purged_floors":[3,27],"is_endless":false,"potions_floor_spawned":[1,11,14,16,20,29],"killed_by":"Chosen and Byrds","ascension_level":0}