{"gold_per_floor":[115,126,51,226,236,236,256,63,86,119,131,143,166,196,208,316,328,357,369,480,542,569,581],"floor_reached":23,"playtime":1428,"items_purged":["Strike_R"],"score":239,"play_id":"ef5af01b-0ff8-44cf-bf28-66bd8c480455","local_time":"20190213215119","is_ascension_mode":true,"campfire_choices":[{"data":"Mayhem","floor":6,"key":"SMITH"},{"floor":12,"key":"REST"},{"floor":15,"key":"REST"}],"neow_cost":"PERCENT_DAMAGE","seed_source_timestamp":981457047439989,"circlet_count":0,"master_deck":["Strike_R","Strike_R","Strike_R","Strike_R","Defend_R+1","Defend_R+1","Defend_R","Defend_R","Bash","The Bomb","Mayhem+1","Headbutt","Demon Form","Pommel Strike+1","Headbutt","Pommel Strike","Warcry","Immolate","Havoc+1"],"relics":["Burning Blood","MealTicket","War Paint","MawBank","Fusion Hammer"],"potions_floor_usage":[10,16,22,23],"damage_taken":[{"damage":0,"enemies":"Cultist","floor":1,"turns":4},{"damage":9,"enemies":"Jaw Worm","floor":2,"turns":3},{"damage":6,"enemies":"2 Louse","floor":5,"turns":3},{"damage":13,"enemies":"Large Slime","floor":7,"turns":6},{"damage":35,"enemies":"Lagavulin","floor":10,"turns":6},{"damage":20,"enemies":"3 Louse","floor":13,"turns":3},{"damage":25,"enemies":"Gremlin Gang","floor":14,"turns":4},{"damage":37,"enemies":"The Guardian","floor":16,"turns":11},{"damage":27,"enemies":"Spheric Guardian","floor":18,"turns":5},{"damage":13,"enemies":"Shell Parasite","floor":22,"turns":4},{"damage":45,"enemies":"Book of Stabbing","floor":23,"turns":4}],"seed_played":"6037077876420939755","potions_obtained":[{"floor":7,"key":"PowerPotion"},{"floor":13,"key":"Fire Potion"},{"floor":14,"key":"SneckoOil"},{"floor":16,"key":"BloodPotion"},{"floor":18,"key":"EssenceOfSteel"}],"is_trial":false,"path_per_floor":["M","M","$","?","M","R","M","$","T","E","?","R","M","M","R","B",null,"M","?","?","?","M","E"],"character_chosen":"IRONCLAD","items_purchased":["MealTicket"],"campfire_rested":2,"item_purchase_floors":[8],"current_hp_per_floor":[62,59,59,59,59,59,52,52,52,23,23,47,33,14,38,7,62,41,41,41,41,34,0],"gold":581,"neow_bonus":"RANDOM_COLORLESS_2","is_prod":false,"is_daily":false,"chose_seed":false,"campfire_upgraded":1,"win_rate":0,"timestamp":1550123479,"path_taken":["M","M","$","?","M","R","M","$","T","E","?","R","M","?","R","BOSS","M","?","?","?","?","E"],"build_version":"2019-01-23","purchased_purges":1,"victory":false,"max_hp_per_floor":[80,80,80,80,80,80,80,80,80,80,80,80,80,80,80,80,80,80,80,80,80,80,80],"card_choices":[{"not_picked":["Shrug It Off","True Grit"],"picked":"Headbutt","floor":1},{"not_picked":["Rupture","Perfected Strike"],"picked":"Demon Form","floor":2},{"not_picked":["Evolve","Pummel"],"picked":"Pommel Strike","floor":5},{"not_picked":["Armaments","Intimidate"],"picked":"Headbutt","floor":7},{"not_picked":["Sword Boomerang","Rupture"],"picked":"Pommel Strike","floor":10},{"not_picked":["Bloodletting","Anger"],"picked":"Warcry","floor":13},{"not_picked":["Feel No Pain","Perfected Strike","Whirlwind"],"picked":"SKIP","floor":14},{"not_picked":["Dark Embrace","Fiend Fire"],"picked":"Immolate","floor":16},{"not_picked":["Twin Strike","Carnage"],"picked":"Havoc+1","floor":18},{"not_picked":["Corruption","Perfected Strike","Reckless Charge"],"picked":"SKIP","floor":22}],"player_experience":262702,"relics_obtained":[{"floor":9,"key":"War Paint"},{"floor":10,"key":"MawBank"}],"event_choices":[{"damage_healed":0,"gold_gain":175,"player_choice":"AGREE","damage_taken":0,"max_hp_gain":0,"max_hp_loss":0,"event_name":"Liars Game","floor":4,"gold_loss":0,"cards_obtained":["Doubt"]},{"damage_healed":0,"gold_gain":0,"player_choice":"Upgraded","damage_taken":0,"max_hp_gain":0,"max_hp_loss":0,"event_name":"Upgrade Shrine","floor":11,"gold_loss":0,"cards_upgraded":["Pommel Strike"]},{"cards_removed":["Doubt"],"damage_healed":0,"gold_gain":0,"player_choice":"Elegance","damage_taken":0,"max_hp_gain":0,"max_hp_loss":0,"event_name":"Back to Basics","floor":19,"gold_loss":0},{"damage_healed":0,"gold_gain":99,"player_choice":"Stole From Cult","damage_taken":0,"max_hp_gain":0,"max_hp_loss":0,"event_name":"Nest","floor":20,"gold_loss":0},{"damage_healed":0,"gold_gain":100,"player_choice":"Bet on Murderer","damage_taken":0,"max_hp_gain":0,"max_hp_loss":0,"event_name":"The Joust","floor":21,"gold_loss":50}],"is_beta":false,"boss_relics":[{"not_picked":["Tiny House","Pandora\u0027s Box"],"picked":"Fusion Hammer"}],"items_purged_floors":[3],"is_endless":false,"potions_floor_spawned":[7,13,14,16,18],"killed_by":"Book of Stabbing","ascension_level":5}