{"gold_per_floor":[113,113,113,63,87,87,121,27,27,52,77,93,93,107,107,236,236,252,277,79,94,110,110,110,128,151,151,276,300,321,321],"floor_reached":31,"playtime":1592,"items_purged":["Strike_B"],"score":412,"play_id":"48820954-3c17-4c23-858d-84e270ba12ab","local_time":"20190315013550","is_ascension_mode":true,"campfire_choices":[{"data":"Zap","floor":6.0,"key":"SMITH"},{"data":"Defragment","floor":13.0,"key":"SMITH"},{"data":"Tempest","floor":15.0,"key":"SMITH"},{"floor":23.0,"key":"REST"},{"data":"Defragment","floor":27,"key":"SMITH"}],"neow_cost":"NONE","seed_source_timestamp":0,"circlet_count":0,"master_deck":["AscendersBane","Strike_B","Strike_B","Defend_B","Defend_B","Defend_B","Defend_B","Zap+1","Dualcast","Cold Snap","Coolheaded","Glacier","Defragment+1","Leap","Go for the Eyes","Ball Lightning","Thunder Strike","Tempest+1","Seek","Compile Driver","Defragment+1","Conserve Battery"],"special_seed":0,"relics":["Cracked Core","NeowsBlessing","Golden Idol","Orichalcum","Question Card","Inserter","Happy Flower","Du-Vu Doll","Pantograph"],"potions_floor_usage":[28,30,31],"damage_taken":[{"damage":0.0,"enemies":"2 Louse","floor":1.0,"turns":1.0},{"damage":0.0,"enemies":"Jaw Worm","floor":5.0,"turns":1.0},{"damage":0.0,"enemies":"Gremlin Nob","floor":7.0,"turns":1.0},{"damage":0.0,"enemies":"Cultist","floor":10.0,"turns":4.0},{"damage":0.0,"enemies":"Exordium Thugs","floor":11.0,"turns":5.0},{"damage":16.0,"enemies":"3 Louse","floor":12.0,"turns":3.0},{"damage":0.0,"enemies":"Blue Slaver","floor":14.0,"turns":4.0},{"damage":17.0,"enemies":"Hexaghost","floor":16.0,"turns":10.0},{"damage":9.0,"enemies":"Shell Parasite","floor":18.0,"turns":7.0},{"damage":0.0,"enemies":"3 Byrds","floor":19.0,"turns":4.0},{"damage":20.0,"enemies":"Centurion and Healer","floor":21.0,"turns":7.0},{"damage":9.0,"enemies":"Chosen and Byrds","floor":22.0,"turns":5.0},{"damage":5,"enemies":"Sentry and Sphere","floor":25,"turns":5},{"damage":19,"enemies":"Colosseum Slavers","floor":28,"turns":6},{"damage":32,"enemies":"Colosseum Nobs","floor":28,"turns":7},{"damage":9,"enemies":"Snake Plant","floor":29,"turns":5},{"damage":2,"enemies":"Chosen and Byrds","floor":30,"turns":8},{"damage":8,"enemies":"Centurion and Healer","floor":31,"turns":8}],"seed_played":"-4363986993519611502","potions_obtained":[{"floor":7.0,"key":"Poison Potion"},{"floor":11.0,"key":"SpeedPotion"},{"floor":14.0,"key":"Explosive Potion"},{"floor":16.0,"key":"Strength Potion"},{"floor":19.0,"key":"Weak Potion"},{"floor":30,"key":"Weak Potion"}],"is_trial":false,"path_per_floor":["M","?","?","?","M","R","E","$","T","M","M","M","R","M","R","B",null,"M","M","$","M","M","R","?","M","T","R","?","M","M","M"],"character_chosen":"DEFECT","items_purchased":["Defragment","Leap","Defragment","Dexterity Potion"],"campfire_rested":1,"item_purchase_floors":[8,8,20,20],"current_hp_per_floor":[68,68,73,73,73,73,73,73,73,73,73,57,57,57,57,40,66,57,57,57,37,28,50,74,69,69,69,18,9,7,0],"gold":321,"neow_bonus":"THREE_ENEMY_KILL","is_prod":false,"is_daily":false,"chose_seed":false,"campfire_upgraded":4,"win_rate":0,"timestamp":1552638950,"path_taken":["M","?","?","?","M","R","E","?","T","M","M","M","R","?","R","BOSS","M","M","$","M","M","R","?","M","T","R","?","M","M","M"],"build_version":"2019-01-23","purchased_purges":1,"victory":false,"max_hp_per_floor":[75,69,74,74,74,74,74,74,74,74,74,74,74,74,74,74,74,74,74,74,74,74,74,74,74,74,74,74,74,74,74],"card_choices":[{"not_picked":["Double Energy","Go for the Eyes"],"picked":"Cold Snap","floor":1.0},{"not_picked":["Gash","Rebound"],"picked":"Coolheaded","floor":5.0},{"not_picked":["Hyperbeam","Recycle"],"picked":"Glacier","floor":7.0},{"not_picked":["Turbo","Conserve Battery","Stack"],"picked":"Go for the Eyes","floor":10.0},{"not_picked":["Static Discharge","Compile Driver","Melter"],"picked":"Ball Lightning","floor":11.0},{"not_picked":["Aggregate","Hello World","Gash"],"picked":"Thunder Strike","floor":12.0},{"not_picked":["Leap","Barrage","Cold Snap"],"picked":"Tempest","floor":14.0},{"not_picked":["Fission","Hyperbeam","Multi-Cast"],"picked":"Seek","floor":16.0},{"not_picked":["Beam Cell+1","Rebound","Streamline"],"picked":"Compile Driver","floor":18.0},{"not_picked":["Go for the Eyes","Sweeping Beam+1","Cold Snap+1","Conserve Battery"],"picked":"SKIP","floor":19.0},{"not_picked":["Beam Cell","Fusion","Aggregate","Redo"],"picked":"SKIP","floor":21.0},{"not_picked":["Reboot","Turbo+1","Sweeping Beam","Redo"],"picked":"SKIP","floor":22.0},{"not_picked":["Melter","Cold Snap","Gash"],"picked":"Conserve Battery","floor":25},{"not_picked":["Steam+1","Compile Driver+1","FTL","Tempest"],"picked":"SKIP","floor":29},{"not_picked":["Coolheaded+1","Undo","Streamline","Sweeping Beam"],"picked":"SKIP","floor":30}],"player_experience":455560,"relics_obtained":[{"floor":7.0,"key":"Orichalcum"},{"floor":9.0,"key":"Question Card"},{"floor":26,"key":"Happy Flower"},{"floor":28,"key":"Du-Vu Doll"},{"floor":28,"key":"Pantograph"}],"event_choices":[{"damage_healed":0.0,"max_hp_gain":0.0,"max_hp_loss":6.0,"gold_gain":0.0,"event_name":"Golden Idol","player_choice":"Lose Max HP","floor":2.0,"gold_loss":0.0,"damage_taken":0.0,"relics_obtained":["Golden Idol"]},{"damage_healed":0.0,"max_hp_gain":5.0,"max_hp_loss":0.0,"gold_gain":0.0,"event_name":"Big Fish","player_choice":"Donut","floor":3.0,"gold_loss":0.0,"damage_taken":0.0},{"cards_removed":["Strike_B"],"damage_healed":0.0,"max_hp_gain":0.0,"max_hp_loss":0.0,"gold_gain":0.0,"event_name":"The Cleric","player_choice":"Card Removal","floor":4.0,"gold_loss":50.0,"damage_taken":0.0},{"damage_healed":24.0,"max_hp_gain":0.0,"max_hp_loss":0.0,"gold_gain":0.0,"event_name":"The Library","player_choice":"Heal","floor":24.0,"gold_loss":0.0,"damage_taken":0.0},{"damage_healed":0,"gold_gain":0,"player_choice":"Fight","damage_taken":0,"max_hp_gain":0,"max_hp_loss":0,"event_name":"Colosseum","floor":28,"gold_loss":0},{"damage_healed":0,"gold_gain":0,"player_choice":"Fought Nobs","damage_taken":0,"max_hp_gain":0,"max_hp_loss":0,"event_name":"Colosseum","floor":28,"gold_loss":0}],"is_beta":false,"boss_relics":[{"not_picked":["Coffee Dripper","Orrery"],"picked":"Inserter"}],"items_purged_floors":[20],"is_endless":false,"potions_floor_spawned":[7,11,14,16,19,25,30],"killed_by":"Centurion and Healer","ascension_level":11}