{"gold_per_floor":[115,115,115,115,126,126,159,176,228,244,256,25,25,39,39,136,136,156,246,256,256],"floor_reached":21,"playtime":1160,"items_purged":[],"score":199,"play_id":"e515f718-dffb-4bdd-915e-94010f4ad557","local_time":"20190309124423","is_ascension_mode":true,"campfire_choices":[{"floor":6,"key":"RECALL"},{"floor":13,"key":"REST"},{"data":"Dual Wield","floor":15,"key":"SMITH"}],"neow_cost":"NONE","seed_source_timestamp":1098995867668033,"circlet_count":0,"master_deck":["Strike_R","Strike_R","Strike_R","Strike_R","Defend_R","Defend_R","Defend_R","Bash","Pummel","Pommel Strike","Barricade+1","Battle Trance","Cleave","Body Slam","Seeing Red","Dual Wield+1","Metallicize","Offering","Pommel Strike","Warcry","Warcry","Pommel Strike","Shrug It Off"],"relics":["Burning Blood","Blood Vial","Orrery"],"potions_floor_usage":[10,20,20],"damage_taken":[{"damage":9,"enemies":"Jaw Worm","floor":1,"turns":3},{"damage":1,"enemies":"2 Louse","floor":5,"turns":3},{"damage":72,"enemies":"Lagavulin","floor":7,"turns":8},{"damage":1,"enemies":"Cultist","floor":8,"turns":4},{"damage":6,"enemies":"2 Fungi Beasts","floor":10,"turns":3},{"damage":12,"enemies":"Exordium Thugs","floor":11,"turns":5},{"damage":21,"enemies":"Large Slime","floor":14,"turns":6},{"damage":18,"enemies":"Slime Boss","floor":16,"turns":15},{"damage":31,"enemies":"Chosen","floor":18,"turns":6},{"damage":44,"enemies":"Shell Parasite","floor":20,"turns":9},{"damage":28,"enemies":"Shelled Parasite and Fungi","floor":21,"turns":2}],"seed_played":"-5795726879849665171","potions_obtained":[{"floor":5,"key":"Energy Potion"},{"floor":8,"key":"LiquidBronze"},{"floor":16,"key":"BloodPotion"},{"floor":20,"key":"LiquidBronze"}],"is_trial":false,"path_per_floor":["M","?","?","?","M","R","E","M","T","M","M","$","R","M","R","B",null,"M","?","M","M"],"character_chosen":"IRONCLAD","items_purchased":["Dual Wield","Metallicize","BloodPotion"],"campfire_rested":1,"item_purchase_floors":[12,12,12],"current_hp_per_floor":[77,70,70,70,75,75,9,16,16,18,14,14,38,25,25,15,80,55,39,19,0],"gold":256,"neow_bonus":"THREE_CARDS","is_prod":false,"is_daily":false,"chose_seed":false,"campfire_upgraded":1,"win_rate":0,"timestamp":1552153463,"path_taken":["M","?","?","?","M","R","E","?","T","M","M","$","R","M","R","BOSS","M","?","M","M"],"build_version":"2019-01-23","purchased_purges":0,"victory":false,"max_hp_per_floor":[80,80,80,80,80,80,80,80,80,80,80,80,80,80,80,80,80,80,80,80,80],"card_choices":[{"not_picked":["Reckless Charge","Blood for Blood"],"picked":"Pummel","floor":0},{"not_picked":["Heavy Blade","Anger"],"picked":"Pommel Strike","floor":1},{"not_picked":["Clothesline","Wild Strike"],"picked":"Battle Trance","floor":5},{"not_picked":["True Grit","Wild Strike"],"picked":"Cleave","floor":7},{"not_picked":["Intimidate","Havoc"],"picked":"Body Slam","floor":8},{"not_picked":["Clash","Sword Boomerang"],"picked":"Seeing Red","floor":10},{"not_picked":["Body Slam","Headbutt","Searing Blow"],"picked":"SKIP","floor":11},{"not_picked":["Cleave","Pummel","Thunderclap"],"picked":"SKIP","floor":14},{"not_picked":["Exhume","Dark Embrace"],"picked":"Offering","floor":16},{"not_picked":["True Grit","Sword Boomerang"],"picked":"Pommel Strike","floor":17},{"not_picked":["Body Slam","Iron Wave"],"picked":"Warcry","floor":17},{"not_picked":["Feel No Pain","Pommel Strike"],"picked":"Warcry","floor":17},{"not_picked":["Clash","Armaments"],"picked":"Pommel Strike","floor":17},{"not_picked":["Heavy Blade","Body Slam","Spot Weakness"],"picked":"SKIP","floor":18},{"not_picked":["Armaments","Clash"],"picked":"Shrug It Off","floor":20}],"player_experience":164210,"relics_obtained":[{"floor":7,"key":"Blood Vial"}],"event_choices":[{"cards_removed":["Strike_R"],"damage_healed":0,"gold_gain":0,"player_choice":"Card Removal","damage_taken":7,"max_hp_gain":0,"max_hp_loss":0,"event_name":"Golden Wing","floor":2,"gold_loss":0},{"damage_healed":0,"gold_gain":0,"cards_transformed":["Defend_R"],"player_choice":"Change","damage_taken":0,"max_hp_gain":0,"max_hp_loss":0,"event_name":"Living Wall","floor":3,"gold_loss":0,"cards_obtained":["Barricade"]},{"damage_healed":0,"gold_gain":0,"player_choice":"Upgraded","damage_taken":0,"max_hp_gain":0,"max_hp_loss":0,"event_name":"Upgrade Shrine","floor":4,"gold_loss":0,"cards_upgraded":["Barricade"]},{"damage_healed":0,"gold_gain":90,"player_choice":"GOLD ","damage_taken":16,"max_hp_gain":0,"max_hp_loss":0,"event_name":"Knowing Skull","floor":19,"potions_obtained":[],"gold_loss":0,"cards_obtained":[]}],"is_beta":false,"boss_relics":[{"not_picked":["Coffee Dripper","Lizard Tail"],"picked":"Orrery"}],"items_purged_floors":[],"is_endless":false,"potions_floor_spawned":[5,8,16,20],"killed_by":"Shelled Parasite and Fungi","ascension_level":2}