{"gold_per_floor":[366,379,394,407,140,174,174,206,206,206,181,13,13,28,28,131,131,150,164,174,174,174,174,174],"floor_reached":24,"playtime":634,"items_purged":["Doubt","Strike_B"],"score":268,"play_id":"0c7077a7-bedf-41d2-b46d-b55a0bb84c65","local_time":"20190313115047","is_ascension_mode":true,"campfire_choices":[{"data":"Storm","floor":7,"key":"SMITH"},{"data":"Self Repair","floor":10,"key":"SMITH"},{"floor":15,"key":"REST"},{"data":"Self Repair","floor":23,"key":"SMITH"}],"neow_cost":"CURSE","seed_source_timestamp":391583006551766,"circlet_count":0,"master_deck":["Strike_B","Strike_B","Defend_B","Defend_B","Defend_B","Defend_B","Zap","Dualcast","Ball Lightning","Storm+1","Echo Form","Streamline","Heatsinks","Heatsinks","Self Repair+1","Self Repair+1","Sweeping Beam","Core Surge","Genetic Algorithm"],"relics":["Cracked Core","Omamori","Shuriken","DataDisk","Dodecahedron","Philosopher\u0027s Stone","Nilry\u0027s Codex"],"potions_floor_usage":[16,16,20,24],"damage_taken":[{"damage":0,"enemies":"Small Slimes","floor":1,"turns":3},{"damage":0,"enemies":"Cultist","floor":2,"turns":3},{"damage":4,"enemies":"Jaw Worm","floor":3,"turns":4},{"damage":12,"enemies":"Looter","floor":4,"turns":3},{"damage":15,"enemies":"Lagavulin","floor":6,"turns":7},{"damage":24,"enemies":"Gremlin Nob","floor":8,"turns":4},{"damage":6,"enemies":"2 Fungi Beasts","floor":14,"turns":2},{"damage":16,"enemies":"Hexaghost","floor":16,"turns":8},{"damage":2,"enemies":"Spheric Guardian","floor":18,"turns":3},{"damage":4,"enemies":"Chosen","floor":19,"turns":3},{"damage":8,"enemies":"Snecko","floor":20,"turns":4},{"damage":46,"enemies":"Gremlin Leader","floor":24,"turns":2}],"seed_played":"-1726194803441814690","potions_obtained":[{"floor":1,"key":"FearPotion"},{"floor":3,"key":"Ancient Potion"},{"floor":6,"key":"LiquidBronze"},{"floor":14,"key":"PowerPotion"},{"floor":18,"key":"Block Potion"}],"is_trial":false,"path_per_floor":["M","M","M","M","$","E","R","E","T","R","?","$","?","M","R","B",null,"M","M","M","?","?","R","E"],"character_chosen":"DEFECT","items_purchased":["Heatsinks","Omamori","Self Repair"],"campfire_rested":1,"item_purchase_floors":[5,5,12],"current_hp_per_floor":[68,68,64,52,52,37,37,13,13,13,13,13,13,7,29,30,64,75,75,75,59,45,45,0],"gold":174,"neow_bonus":"TWO_FIFTY_GOLD","is_prod":false,"is_daily":false,"chose_seed":false,"campfire_upgraded":3,"win_rate":0,"timestamp":1552495847,"path_taken":["M","M","M","M","$","E","R","E","T","R","?","$","?","M","R","BOSS","M","M","?","?","?","R","E"],"build_version":"2019-01-23","purchased_purges":2,"victory":false,"max_hp_per_floor":[75,75,75,75,75,75,75,75,75,75,75,75,75,75,75,75,75,75,75,75,75,80,80,80],"card_choices":[{"not_picked":["Chill","Sweeping Beam"],"picked":"Ball Lightning","floor":1},{"not_picked":["Reinforced Body","Cold Snap"],"picked":"Storm","floor":2},{"not_picked":["Ball Lightning","Compile Driver"],"picked":"Echo Form","floor":3},{"not_picked":["Hologram","Redo"],"picked":"Streamline","floor":4},{"not_picked":["Conserve Battery","Steam"],"picked":"Heatsinks","floor":6},{"not_picked":["Leap","Fission"],"picked":"Self Repair","floor":8},{"not_picked":["Ball Lightning","Reprogram"],"picked":"Sweeping Beam","floor":14},{"not_picked":["All For One","Hyperbeam"],"picked":"Core Surge","floor":16},{"not_picked":["Beam Cell","Hello World","Streamline"],"picked":"SKIP","floor":18},{"not_picked":["Static Discharge+1","Loop+1"],"picked":"Genetic Algorithm","floor":19},{"not_picked":["Turbo+1","Aggregate","Redo+1"],"picked":"SKIP","floor":20}],"player_experience":347206,"relics_obtained":[{"floor":6,"key":"Shuriken"},{"floor":8,"key":"DataDisk"},{"floor":9,"key":"Dodecahedron"},{"floor":21,"key":"Nilry\u0027s Codex"}],"event_choices":[{"damage_healed":0,"gold_gain":0,"player_choice":"Left Gold","damage_taken":0,"max_hp_gain":0,"max_hp_loss":0,"event_name":"World of Goop","floor":11,"gold_loss":25},{"cards_removed":["Strike_B"],"damage_healed":0,"gold_gain":0,"player_choice":"Purged","damage_taken":0,"max_hp_gain":0,"max_hp_loss":0,"event_name":"Purifier","floor":13,"gold_loss":0},{"damage_healed":0,"gold_gain":0,"player_choice":"Obtained Book","damage_taken":16,"max_hp_gain":0,"max_hp_loss":0,"event_name":"Cursed Tome","floor":21,"gold_loss":0},{"damage_healed":0,"gold_gain":0,"player_choice":"Shed Blood","damage_taken":19,"max_hp_gain":5,"max_hp_loss":0,"event_name":"Forgotten Altar","floor":22,"gold_loss":0}],"is_beta":false,"boss_relics":[{"not_picked":["White Beast Statue","Busted Crown"],"picked":"Philosopher\u0027s Stone"}],"items_purged_floors":[5,12],"is_endless":false,"potions_floor_spawned":[1,3,6,14,18],"killed_by":"Gremlin Leader","ascension_level":6}