{"gold_per_floor":[111,11,11,11,24,24,24,24,24,24,38,68,68,92,92,183,183,163,183,95,95,20,20,20,20,72,72,88,88,88,103,103,199,199,214,234,234,254,86,86,99,120,143,166,41,41,0,16,16,16],"floor_reached":51,"playtime":3559,"items_purged":["Strike_G","Bite","Bite"],"score":1032,"play_id":"509b7b6e-1b91-4c9c-a787-5eee02c3750a","local_time":"20180722010013","is_ascension_mode":true,"campfire_choices":[{"data":"Neutralize","floor":6.0,"key":"SMITH"},{"data":"Survivor","floor":10.0,"key":"SMITH"},{"data":"Reflex","floor":15.0,"key":"SMITH"},{"data":"Adrenaline","floor":23.0,"key":"SMITH"},{"data":"Dagger Throw","floor":25.0,"key":"SMITH"},{"data":"Prepared","floor":27.0,"key":"SMITH"},{"data":"Bite","floor":32,"key":"SMITH"},{"data":"Noxious Fumes","floor":40,"key":"SMITH"},{"data":"Storm of Steel","floor":46,"key":"SMITH"},{"data":"Blur","floor":49,"key":"SMITH"}],"neow_cost":"","seed_source_timestamp":0,"circlet_count":0,"master_deck":["Defend_G+1","Defend_G+1","Defend_G+1","Defend_G+1","Defend_G+1","Survivor+1","Neutralize+1","AscendersBane","Dagger Spray+1","Dagger Throw+1","Reflex+1","Adrenaline+1","Prepared+1","Bullet Time+1","Bite+1","Bite","Tools of the Trade","Blur+1","Noxious Fumes+1","Storm of Steel+1","Cloak And Dagger"],"special_seed":0,"relics":["Ring of the Snake","FaceOfCleric","Bottled Lightning","Tough Bandages","Golden Idol","Runic Pyramid","Centennial Puzzle","Empty Cage","Omamori","Red Mask"],"potions_floor_usage":[35,42,50,50],"damage_taken":[{"damage":0.0,"enemies":"Cultist","floor":1.0,"turns":4.0},{"damage":8.0,"enemies":"2 Louse","floor":5.0,"turns":2.0},{"damage":0.0,"enemies":"Small Slimes","floor":11.0,"turns":2.0},{"damage":13.0,"enemies":"3 Sentries","floor":12.0,"turns":7.0},{"damage":0.0,"enemies":"2 Fungi Beasts","floor":14.0,"turns":3.0},{"damage":46.0,"enemies":"The Guardian","floor":16.0,"turns":19.0},{"damage":0.0,"enemies":"2 Thieves","floor":18.0,"turns":5.0},{"damage":15.0,"enemies":"Shell Parasite","floor":19.0,"turns":9.0},{"damage":4.0,"enemies":"Snecko","floor":28.0,"turns":6.0},{"damage":13.0,"enemies":"Chosen and Byrds","floor":31.0,"turns":6.0},{"damage":79,"enemies":"Automaton","floor":33,"turns":20},{"damage":15,"enemies":"3 Darklings","floor":35,"turns":4},{"damage":0,"enemies":"Flame Bruiser 1 Orb","floor":36,"turns":7},{"damage":10,"enemies":"Sphere and 2 Shapes","floor":38,"turns":7},{"damage":23,"enemies":"Transient","floor":41,"turns":5},{"damage":12,"enemies":"Spire Growth","floor":42,"turns":7},{"damage":0,"enemies":"Flame Bruiser 2 Orb","floor":44,"turns":6},{"damage":1,"enemies":"Maw","floor":48,"turns":10},{"damage":54,"enemies":"Donu and Deca","floor":50,"turns":12}],"seed_played":"-3732203466332603566","potions_obtained":[{"floor":14.0,"key":"Fire Potion"},{"floor":18.0,"key":"FearPotion"},{"floor":19.0,"key":"Swift Potion"},{"floor":28.0,"key":"PowerPotion"},{"floor":33,"key":"PowerPotion"},{"floor":36,"key":"Energy Potion"},{"floor":42,"key":"GamblersBrew"},{"floor":44,"key":"Strength Potion"}],"is_trial":false,"path_per_floor":["M","$","?","?","M","R","$","?","T","R","M","E","?","M","R","B",null,"M","M","$","?","?","R","?","R","T","R","M","?","?","M","R","B",null,"M","M","?","M","$","R","M","M","T","M","$","R","?","M","R","B"],"character_chosen":"THE_SILENT","items_purchased":["Dagger Throw","Impatience","Noxious Fumes"],"campfire_rested":0,"item_purchase_floors":[2,20,39],"current_hp_per_floor":[63,63,49,49,42,42,42,65,65,65,66,54,54,55,55,10,55,56,42,42,42,42,42,35,35,35,35,32,32,32,44,44,29,47,50,55,55,56,56,56,50,51,51,59,59,59,59,60,60,14],"gold":16,"neow_bonus":"","is_prod":false,"is_daily":false,"chose_seed":false,"campfire_upgraded":10,"win_rate":0,"timestamp":1532232013,"path_taken":["M","$","?","?","?","R","$","?","T","R","M","E","?","M","R","BOSS","M","M","?","?","?","R","?","R","T","R","?","?","?","?","R","BOSS","M","M","?","?","?","R","M","?","T","M","$","R","?","?","R","BOSS"],"build_version":"2018-07-19","purchased_purges":3,"victory":true,"max_hp_per_floor":[70,70,70,70,71,71,71,71,71,71,72,73,68,69,69,70,70,71,72,72,72,72,72,72,72,72,72,73,51,51,52,52,53,53,54,55,55,56,56,56,57,58,58,59,59,59,59,60,60,61],"card_choices":[{"not_picked":["Deflect","Well Laid Plans"],"picked":"Dagger Spray","floor":1.0},{"not_picked":["Deflect","Endless Agony"],"picked":"Reflex","floor":5.0},{"not_picked":["Accuracy","Expertise","Quick Slash"],"picked":"SKIP","floor":11.0},{"not_picked":["Bane","Deadly Poison"],"picked":"Adrenaline","floor":12.0},{"not_picked":["Sucker Punch","Slice"],"picked":"Prepared","floor":14.0},{"not_picked":["Venomology","Die Die Die"],"picked":"Bullet Time","floor":16.0},{"not_picked":["Flying Knee","Dodge and Roll","Prepared"],"picked":"SKIP","floor":18.0},{"not_picked":["Dodge and Roll","Bouncing Flask","Sucker Punch"],"picked":"SKIP","floor":19.0},{"not_picked":["Backflip","Dagger Spray","Quick Slash"],"picked":"SKIP","floor":28.0},{"not_picked":["Slice","Sucker Punch+1","Outmaneuver+1"],"picked":"SKIP","floor":31.0},{"not_picked":["Venomology","Glass Knife"],"picked":"Tools of the Trade","floor":33},{"not_picked":["Dagger Spray","PiercingWail"],"picked":"Blur","floor":35},{"not_picked":["Distraction","PiercingWail"],"picked":"Underhanded Strike","floor":36},{"not_picked":["Dagger Throw+1","Prepared","PiercingWail"],"picked":"SKIP","floor":38},{"not_picked":["Backstab+1","PiercingWail+1","Finisher+1"],"picked":"SKIP","floor":41},{"not_picked":["Dagger Spray","Flying Knee"],"picked":"Storm of Steel","floor":42},{"not_picked":["PiercingWail","Blade Dance+1"],"picked":"Cloak And Dagger","floor":44},{"not_picked":["Underhanded Strike","Backstab","Quick Slash"],"picked":"SKIP","floor":48}],"player_experience":832540,"relics_obtained":[{"floor":9.0,"key":"Bottled Lightning"},{"floor":12.0,"key":"Tough Bandages"},{"floor":26.0,"key":"Centennial Puzzle"},{"floor":43,"key":"Omamori"}],"event_choices":[{"event_name":"Shining Light","player_choice":"Entered Light","floor":3.0,"damage_taken":0.0},{"event_name":"FaceTrader","player_choice":"Trade","floor":4.0,"damage_taken":0.0},{"event_name":"Big Fish","player_choice":"Banana","floor":8.0,"damage_taken":0.0},{"event_name":"Golden Idol","player_choice":"Lose Max HP","floor":13.0,"damage_taken":0.0},{"event_name":"Upgrade Shrine","player_choice":"Upgraded","floor":21.0,"damage_taken":0.0},{"event_name":"Beggar","player_choice":"Gave Gold","floor":22.0,"damage_taken":0.0},{"event_name":"Wheel of Change","player_choice":"Damage","floor":24.0,"damage_taken":0.0},{"event_name":"Vampires","player_choice":"Became a vampire","floor":29.0,"damage_taken":0.0},{"event_name":"Back to Basics","player_choice":"Simplicity","floor":30.0,"damage_taken":0.0},{"event_name":"Falling","player_choice":"Removed Attack","floor":37,"damage_taken":0},{"event_name":"Tomb of Lord Red Mask","player_choice":"Paid","floor":47,"damage_taken":0}],"is_beta":true,"boss_relics":[{"not_picked":["Calling Bell","Tiny House"],"picked":"Runic Pyramid"},{"not_picked":["Velvet Choker","Pandora\u0027s Box"],"picked":"Empty Cage"}],"items_purged_floors":[2,39,45],"is_endless":false,"potions_floor_spawned":[14,18,19,28,33,36,42,44],"ascension_level":13}