{"path_per_floor":["M","?","?","M","M","E","R","M","T","M","?","E","M","E","R","B",null,"M","$","?","M","?"],"character_chosen":"IRONCLAD","items_purchased":["Bronze Scales"],"gold_per_floor":[118,118,118,133,152,181,181,192,273,292,292,321,334,364,364,461,461,477,280,280,290,190],"floor_reached":23,"campfire_rested":1,"playtime":1235,"current_hp_per_floor":[88,88,85,88,88,78,78,75,75,59,59,38,40,32,62,12,102,39,39,39,36,36],"items_purged":["Strike_R"],"gold":190,"score":236,"play_id":"09a48fcf-9379-4996-9c5b-c7eea93eacc0","is_prod":false,"is_daily":false,"is_ascension_mode":false,"campfire_upgraded":1,"path_taken":["M","?","?","M","?","E","R","M","T","M","?","E","M","E","R","BOSS","M","$","?","M","?","E"],"build_version":"2018-02-15-PROD1","purchased_purges":1,"victory":false,"master_deck":["Strike_R","Strike_R","Strike_R","Defend_R","Defend_R","Defend_R","Bash","Shrug It Off","Armaments+1","Searing Blow","Whirlwind","Dual Wield","Shockwave","Twin Strike","Reaper","Sword Boomerang","Writhe","J.A.X."],"max_hp_per_floor":[88,88,88,88,88,102,102,102,102,102,102,102,102,102,102,102,102,102,102,102,102,102],"relics":["Burning Blood","Frozen Egg 2","Mango","Shuriken","Bag of Marbles","Smiling Mask","Question Card","Bronze Scales","Regal Pillow"],"card_choices":[{"not_picked":["Sword Boomerang","Thunderclap"],"picked":"Shrug It Off"},{"not_picked":["Clothesline","Sentinel"],"picked":"Armaments"},{"not_picked":["Hemokinesis","Dropkick"],"picked":"Searing Blow"},{"not_picked":["True Grit","Body Slam"],"picked":"Whirlwind"},{"not_picked":["Sever Soul","Anger"],"picked":"Dual Wield"},{"not_picked":["Whirlwind","Fiend Fire"],"picked":"Twin Strike"},{"not_picked":["Fiend Fire","Berserk"],"picked":"Reaper"},{"not_picked":["Anger","Dropkick","Havoc"],"picked":"Sword Boomerang"}],"player_experience":118060,"potions_floor_usage":[6,16,16,21,23],"damage_taken":[{"damage":1,"enemies":"Jaw Worm","floor":1,"turns":5},{"damage":0,"enemies":"2 Louse","floor":4,"turns":3},{"damage":0,"enemies":"Small Slimes","floor":5,"turns":3},{"damage":30,"enemies":"Lagavulin","floor":6,"turns":9},{"damage":9,"enemies":"Blue Slaver","floor":8,"turns":6},{"damage":22,"enemies":"Red Slaver","floor":10,"turns":4},{"damage":27,"enemies":"Gremlin Nob","floor":12,"turns":5},{"damage":4,"enemies":"Lots of Slimes","floor":13,"turns":2},{"damage":14,"enemies":"3 Sentries","floor":14,"turns":7},{"damage":56,"enemies":"Hexaghost","floor":16,"turns":13},{"damage":69,"enemies":"Shell Parasite","floor":18,"turns":12},{"damage":15,"enemies":"3 Byrds","floor":21,"turns":3},{"damage":81,"enemies":"Gremlin Leader","floor":23,"turns":7}],"event_choices":[{"event_name":"Living Wall","player_choice":"Forget","floor":2,"damage_taken":0},{"event_name":"Scrap Ooze","player_choice":"success","floor":3,"damage_taken":3},{"event_name":"Transmorgrifier","player_choice":"Transform","floor":11,"damage_taken":0},{"event_name":"The Mausoleum","player_choice":"Yes","floor":20,"damage_taken":0},{"event_name":"Drug Dealer","player_choice":"Got JAXXED","floor":22,"damage_taken":0}],"boss_relics":[{"not_picked":["Pandora\u0027s Box","Astrolabe"],"picked":"Question Card"}],"potions_floor_spawned":[4,5,10,12,13,18,21],"seed_played":"5730375482733638376","killed_by":"Gremlin Leader","ascension_level":0,"is_trial":false}