{"gold_per_floor":[119,119,138,138,63,63,95,163,163,163,238,238,238,258,258,357,357,371,281,102,117,117],"floor_reached":22,"playtime":892,"items_purged":["Strike_B","Strike_B"],"score":180,"play_id":"9f226af6-20bf-48b5-ba6d-1405c57fecf7","local_time":"20190315170149","is_ascension_mode":false,"campfire_choices":[{"data":"Gash","floor":6,"key":"SMITH"},{"data":"Hologram","floor":10,"key":"SMITH"},{"data":"Zap","floor":12,"key":"SMITH"},{"floor":15,"key":"RECALL"}],"neow_cost":"NONE","seed_source_timestamp":191981670098485,"circlet_count":0,"master_deck":["Strike_B","Defend_B","Defend_B","Defend_B","Defend_B+1","Zap+1","Dualcast","Madness","Gash+1","Hologram+1","Leap","Creative AI","Hologram+1","Scrape","Cold Snap+1"],"relics":["Cracked Core","Torii","FossilizedHelix","Singing Bowl","Cursed Key"],"potions_floor_usage":[21],"damage_taken":[{"damage":1,"enemies":"Cultist","floor":1,"turns":3},{"damage":1,"enemies":"Jaw Worm","floor":3,"turns":3},{"damage":27,"enemies":"3 Sentries","floor":7,"turns":9},{"damage":0,"enemies":"2 Louse","floor":14,"turns":2},{"damage":20,"enemies":"Hexaghost","floor":16,"turns":12},{"damage":28,"enemies":"3 Byrds","floor":18,"turns":5},{"damage":21,"enemies":"Spheric Guardian","floor":21,"turns":6},{"damage":49,"enemies":"3 Cultists","floor":22,"turns":5}],"seed_played":"-194940219766327465","potions_obtained":[{"floor":16,"key":"SpeedPotion"},{"floor":18,"key":"Regen Potion"}],"is_trial":false,"path_per_floor":["M","T","M","?","$","R","E","T","T","R","?","R","?","M","R","B",null,"M","?","$","M","M"],"character_chosen":"DEFECT","items_purchased":["Scrape"],"campfire_rested":0,"item_purchase_floors":[20],"current_hp_per_floor":[74,74,73,78,78,78,51,51,51,51,40,40,40,40,40,20,80,52,52,52,46,0],"gold":117,"neow_bonus":"RANDOM_COLORLESS","is_prod":false,"is_daily":false,"chose_seed":false,"campfire_upgraded":3,"win_rate":0,"timestamp":1552694509,"path_taken":["M","?","?","?","$","R","E","?","T","R","?","R","?","M","R","BOSS","M","?","$","?","M"],"build_version":"2019-01-23","purchased_purges":2,"victory":false,"max_hp_per_floor":[75,75,75,80,80,80,80,80,80,80,80,80,80,80,80,80,80,80,80,80,80,80],"card_choices":[{"not_picked":["Streamline","Go for the Eyes"],"picked":"Gash","floor":1},{"not_picked":["Compile Driver","Streamline"],"picked":"Hologram","floor":3},{"not_picked":["Steam","Compile Driver","Undo"],"picked":"SKIP","floor":7},{"not_picked":["Double Energy","Consume"],"picked":"Leap","floor":14},{"not_picked":["Hyperbeam","Multi-Cast"],"picked":"Creative AI","floor":16},{"not_picked":["Sunder","Sweeping Beam"],"picked":"Hologram+1","floor":18},{"not_picked":["Storm","Barrage"],"picked":"Cold Snap+1","floor":21}],"player_experience":473963,"relics_obtained":[{"floor":2,"key":"Torii"},{"floor":7,"key":"FossilizedHelix"},{"floor":8,"key":"Singing Bowl"}],"event_choices":[{"damage_healed":0,"gold_gain":0,"player_choice":"Donut","damage_taken":0,"max_hp_gain":5,"max_hp_loss":0,"event_name":"Big Fish","floor":4,"gold_loss":0},{"damage_healed":0,"gold_gain":75,"player_choice":"Gather Gold","damage_taken":11,"max_hp_gain":0,"max_hp_loss":0,"event_name":"World of Goop","floor":11,"gold_loss":0},{"damage_healed":0,"gold_gain":0,"player_choice":"Ignored","damage_taken":0,"max_hp_gain":0,"max_hp_loss":0,"event_name":"Liars Game","floor":13,"gold_loss":0},{"cards_removed":["Strike_B"],"damage_healed":0,"gold_gain":0,"player_choice":"Upgrade and Remove","damage_taken":0,"max_hp_gain":0,"max_hp_loss":0,"event_name":"Designer","floor":19,"gold_loss":90,"cards_upgraded":["Defend_B"]}],"is_beta":false,"boss_relics":[{"not_picked":["Tiny House","Astrolabe"],"picked":"Cursed Key"}],"items_purged_floors":[5,20],"is_endless":false,"potions_floor_spawned":[16,18],"killed_by":"3 Cultists","ascension_level":0}