{"path_per_floor":["M","$","?","M","?","R","M","M","T","M","M","R","M","M","R"],"character_chosen":"THE_SILENT","items_purchased":["Flash of Steel"],"gold_per_floor":[112,7,7,25,25,25,38,52,77,94,112,112,125,142,142],"floor_reached":16,"campfire_rested":2,"playtime":609,"current_hp_per_floor":[62,62,48,48,48,48,48,35,35,28,10,31,17,13,34],"items_purged":[],"gold":142,"score":149,"play_id":"0ab68160-51f1-46d0-94ac-b1ef4718730a","local_time":"20180306114305","is_prod":false,"is_daily":false,"is_ascension_mode":true,"campfire_upgraded":1,"timestamp":1520347385,"path_taken":["M","?","?","?","?","R","M","M","T","M","M","R","?","M","R","BOSS"],"build_version":"2018-03-01-PROD1","purchased_purges":0,"victory":false,"master_deck":["Defend_G","Defend_G","Defend_G","Defend_G+1","Defend_G","Strike_G+1","Strike_G","Strike_G","Strike_G","Survivor","Neutralize+1","Parasite","Riddle With Holes","Flying Knee","Flash of Steel","Dash","Regret","Noxious Fumes","Terror","Caltrops","Deflect","Cloak And Dagger"],"max_hp_per_floor":[70,70,70,70,70,70,70,70,70,70,70,70,70,70,70],"relics":["Ring of the Snake","Dream Catcher","Art of War"],"card_choices":[{"not_picked":["Quick Slash","Sucker Punch"],"picked":"Flying Knee"},{"not_picked":["Crippling Poison","Prepared"],"picked":"Dash"},{"not_picked":["Deadly Poison","Bane"],"picked":"Noxious Fumes"},{"not_picked":["Choke","Backflip"],"picked":"Terror"},{"not_picked":["Dagger Throw","PiercingWail"],"picked":"Caltrops"},{"not_picked":["Deadly Poison","Underhanded Strike"],"picked":"Deflect"},{"not_picked":["Infinite Blades","Deadly Poison"],"picked":"Cloak And Dagger"}],"player_experience":487217,"potions_floor_usage":[8,14,14,16],"damage_taken":[{"damage":1,"enemies":"Cultist","floor":1,"turns":3},{"damage":0,"enemies":"Jaw Worm","floor":4,"turns":3},{"damage":0,"enemies":"2 Louse","floor":7,"turns":2},{"damage":13,"enemies":"Exordium Thugs","floor":8,"turns":4},{"damage":7,"enemies":"2 Fungi Beasts","floor":10,"turns":3},{"damage":18,"enemies":"Exordium Wildlife","floor":11,"turns":4},{"damage":14,"enemies":"Lots of Slimes","floor":13,"turns":4},{"damage":4,"enemies":"Large Slime","floor":14,"turns":3},{"damage":36,"enemies":"The Guardian","floor":16,"turns":9}],"event_choices":[{"event_name":"Shining Light","player_choice":"Entered Light","floor":3,"damage_taken":0},{"event_name":"Big Fish","player_choice":"Box","floor":5,"damage_taken":0}],"boss_relics":[],"potions_floor_spawned":[7,10,11,13],"seed_played":"3031633445097052642","killed_by":"The Guardian","ascension_level":11,"is_trial":false}