{"path_per_floor":["M","M","$","?","M","R","M","E","T","M","E","?","M","M","R","B",null,"M","T","M","M","?","R","M"],"character_chosen":"THE_SILENT","items_purchased":["Backflip"],"gold_per_floor":[119,135,35,35,51,51,62,95,95,111,139,139,157,170,170,246,246,235,235,250,260,290,290,309,309],"floor_reached":25,"campfire_rested":3,"playtime":1561,"current_hp_per_floor":[61,61,61,36,35,56,55,43,43,29,2,2,2,2,23,23,58,46,46,36,4,4,25,25,0],"items_purged":["Strike_G"],"gold":309,"score":441,"play_id":"8574f88e-0b5e-48ad-af44-d7f0d43cc9d0","local_time":"20180330201601","is_prod":false,"is_daily":false,"is_ascension_mode":true,"campfire_upgraded":0,"timestamp":1522451761,"path_taken":["M","M","$","?","M","R","M","E","T","M","E","?","?","M","R","BOSS","M","?","M","?","?","R","M","?"],"build_version":"2018-03-29v2","purchased_purges":1,"victory":false,"master_deck":["Defend_G","Defend_G","Defend_G","Defend_G","Defend_G","Strike_G","Strike_G","Strike_G","Strike_G","Survivor","Neutralize+1","AscendersBane","Blade Dance","Blur","Backflip","Cloak And Dagger","Cloak And Dagger","Envenom","Dash","Accuracy","Infinite Blades","After Image","Slice+1","Footwork","Writhe","Dodge and Roll"],"max_hp_per_floor":[70,70,70,70,70,70,70,70,70,70,70,70,70,70,70,70,70,70,70,70,70,70,70,70,70],"relics":["Ring of the Snake","Torii","Ornamental Fan","Calipers","Ancient Tea Set","Lizard Tail","Girya","Tiny Chest"],"card_choices":[{"not_picked":["Deflect","Dodge and Roll"],"picked":"Blade Dance","floor":1},{"not_picked":["Dagger Throw","Expertise"],"picked":"Blur","floor":2},{"not_picked":["Prepared","Deflect"],"picked":"Cloak And Dagger","floor":5},{"not_picked":["Acrobatics","Dodge and Roll"],"picked":"Cloak And Dagger","floor":7},{"not_picked":["Dash","Leg Sweep"],"picked":"Envenom","floor":8},{"not_picked":["Acrobatics","Dodge and Roll"],"picked":"Dash","floor":11},{"not_picked":["Bane","Dash"],"picked":"Accuracy","floor":13},{"not_picked":["Quick Slash","Acrobatics"],"picked":"Infinite Blades","floor":14},{"not_picked":["Unload","Corpse Explosion"],"picked":"After Image","floor":16},{"not_picked":["Acrobatics","Eviscerate"],"picked":"Slice","floor":18},{"not_picked":["Deflect","Acrobatics"],"picked":"Footwork","floor":21},{"not_picked":["Dagger Spray","Distraction"],"picked":"Dodge and Roll","floor":24}],"player_experience":657347,"potions_floor_usage":[11,11,13,14,16,20,24,25],"damage_taken":[{"damage":2,"enemies":"Jaw Worm","floor":1,"turns":6},{"damage":0,"enemies":"2 Louse","floor":2,"turns":3},{"damage":1,"enemies":"Small Slimes","floor":5,"turns":4},{"damage":1,"enemies":"Red Slaver","floor":7,"turns":5},{"damage":12,"enemies":"3 Sentries","floor":8,"turns":12},{"damage":14,"enemies":"3 Louse","floor":10,"turns":6},{"damage":39,"enemies":"Gremlin Nob","floor":11,"turns":5},{"damage":0,"enemies":"Gremlin Gang","floor":13,"turns":4},{"damage":0,"enemies":"Red Slaver","floor":14,"turns":3},{"damage":0,"enemies":"Hexaghost","floor":16,"turns":10},{"damage":12,"enemies":"2 Thieves","floor":18,"turns":4},{"damage":10,"enemies":"Shell Parasite","floor":20,"turns":7},{"damage":32,"enemies":"Snake Plant","floor":21,"turns":8},{"damage":0,"enemies":"Centurion and Healer","floor":24,"turns":10},{"damage":64,"enemies":"Cultist and Chosen","floor":25,"turns":5}],"event_choices":[{"event_name":"Scrap Ooze","player_choice":"success","floor":4,"damage_taken":25},{"event_name":"The Lab","player_choice":"Got Potions","floor":12,"damage_taken":0},{"event_name":"The Mausoleum","player_choice":"Yes","floor":22,"damage_taken":0}],"boss_relics":[{"not_picked":["White Beast Statue","Astrolabe"],"picked":"Lizard Tail"}],"potions_floor_spawned":[7,8,10,11,14,16,21],"seed_played":"-2720255945293752362","killed_by":"Cultist and Chosen","ascension_level":13,"is_trial":false}