{"path_per_floor":["M","?","M","?","M","R","M","E","T","R","M","?","$","T","R","B",null,"M","?","?","?","M","R","M","R","T","$","R","?","E","M","R","B",null,"M","?","?","?","$","R","M","$","T","R","M","?","$","M","R"],"character_chosen":"THE_SILENT","items_purchased":["Escape Plan","Sadistic Nature","Deadly Poison","Backflip"],"gold_per_floor":[115,115,136,136,161,161,184,219,244,244,258,329,172,172,172,265,265,279,194,194,194,209,209,228,228,253,15,15,15,45,64,64,138,138,158,158,158,158,58,58,70,21,21,21,36,36,36,49,49,49],"floor_reached":50,"campfire_rested":2,"playtime":1882,"current_hp_per_floor":[63,63,53,53,52,52,52,4,4,38,35,35,35,35,35,8,58,55,55,55,55,50,50,33,70,75,75,75,75,75,73,73,39,66,67,62,75,75,75,75,75,75,75,75,74,74,74,75,75,0],"items_purged":["Strike_G","Writhe"],"gold":49,"score":777,"play_id":"700cfbb6-71b8-4eab-a837-972fda703aab","local_time":"20180418171856","is_prod":false,"is_daily":false,"chose_seed":false,"is_ascension_mode":true,"campfire_upgraded":8,"timestamp":1524082736,"path_taken":["M","?","?","?","M","R","M","E","T","R","M","?","$","?","R","BOSS","M","?","?","?","M","R","?","R","T","$","R","?","E","M","R","BOSS","M","?","?","?","$","R","M","$","T","R","M","?","?","M","R","BOSS"],"build_version":"2018-04-12","seed_source_timestamp":29802117249954,"purchased_purges":2,"victory":false,"master_deck":["Defend_G+1","Defend_G+1","Defend_G+1","Defend_G+1","Strike_G+1","Strike_G+1","Strike_G+1","Survivor","Neutralize+1","AscendersBane","Die Die Die","Sucker Punch+1","Noxious Fumes+1","Leg Sweep+1","Escape Plan","After Image+1","Writhe","After Image+1","Sadistic Nature+1","Deadly Poison+1","Dagger Spray+1","Panache+1","Trip+1","Leg Sweep+1","Backflip+1","Deadly Poison"],"max_hp_per_floor":[70,65,65,65,65,65,65,65,65,65,65,75,75,75,75,75,75,75,75,75,75,75,75,75,75,75,75,75,75,75,75,75,75,75,75,75,75,75,75,75,75,75,75,75,75,75,75,75,75,75],"relics":["Ring of the Snake","Bloody Idol","Regal Pillow","Bag of Marbles","Pear","Frozen Egg 2","Black Star","Prayer Wheel","Du-Vu Doll","Lantern","Dream Catcher","Orichalcum","Sozu","Toolbox"],"card_choices":[{"not_picked":["Blur","Underhanded Strike"],"picked":"Sucker Punch","floor":5},{"not_picked":["Leg Sweep","Dagger Throw"],"picked":"Noxious Fumes","floor":11},{"not_picked":["Night Terror","Cloak And Dagger"],"picked":"Leg Sweep","floor":12},{"not_picked":["Die Die Die","Doppelganger"],"picked":"After Image","floor":16},{"not_picked":["Cloak And Dagger","Dodge and Roll"],"picked":"After Image","floor":26},{"not_picked":["Slice","Prepared"],"picked":"Dagger Spray","floor":30},{"not_picked":["Bandage Up","Dramatic Entrance"],"picked":"Panache","floor":36},{"not_picked":["Blind","Secret Technique"],"picked":"Trip","floor":36},{"not_picked":["Bane","Slice"],"picked":"Leg Sweep","floor":41},{"not_picked":["Acrobatics","Underhanded Strike"],"picked":"Deadly Poison","floor":48}],"player_experience":720309,"potions_floor_usage":[8,16,24,24,33,50,50],"damage_taken":[{"damage":0,"enemies":"Small Slimes","floor":1,"turns":4},{"damage":10,"enemies":"Jaw Worm","floor":3,"turns":7},{"damage":1,"enemies":"Cultist","floor":5,"turns":5},{"damage":0,"enemies":"2 Fungi Beasts","floor":7,"turns":2},{"damage":48,"enemies":"Lagavulin","floor":8,"turns":9},{"damage":3,"enemies":"Exordium Thugs","floor":11,"turns":5},{"damage":10,"enemies":"3 Sentries","floor":12,"turns":7},{"damage":27,"enemies":"The Guardian","floor":16,"turns":13},{"damage":3,"enemies":"Shell Parasite","floor":18,"turns":10},{"damage":10,"enemies":"Spheric Guardian","floor":22,"turns":7},{"damage":34,"enemies":"Snecko","floor":24,"turns":11},{"damage":3,"enemies":"Book of Stabbing","floor":30,"turns":7},{"damage":7,"enemies":"3 Cultists","floor":31,"turns":5},{"damage":39,"enemies":"Automaton","floor":33,"turns":11},{"damage":4,"enemies":"3 Darklings","floor":35,"turns":6},{"damage":0,"enemies":"Orb Walker","floor":41,"turns":3},{"damage":6,"enemies":"Sphere and 2 Shapes","floor":45,"turns":5},{"damage":0,"enemies":"Maw","floor":48,"turns":6},{"damage":92,"enemies":"Awakened One","floor":50,"turns":16}],"event_choices":[{"event_name":"Golden Idol","player_choice":"Lose Max HP","floor":2,"damage_taken":0},{"event_name":"Transmorgrifier","player_choice":"Transform","floor":4,"damage_taken":0},{"event_name":"Dead Adventurer","player_choice":"Searched \u00271\u0027 times","floor":12,"damage_taken":0},{"event_name":"Addict","player_choice":"Obtained Relic","floor":19,"damage_taken":0},{"event_name":"Forgotten Altar","player_choice":"Gave Idol","floor":20,"damage_taken":0},{"event_name":"The Mausoleum","player_choice":"Yes","floor":21,"damage_taken":0},{"event_name":"Back to Basics","player_choice":"Simplicity","floor":29,"damage_taken":0},{"event_name":"SensoryStone","player_choice":"Memory 2","floor":36,"damage_taken":0},{"event_name":"Winding Halls","player_choice":"Writhe","floor":37,"damage_taken":0},{"event_name":"SecretPortal","player_choice":"Rejected Portal.","floor":46,"damage_taken":0}],"boss_relics":[{"not_picked":["White Beast Statue","Eternal Feather"],"picked":"Black Star"},{"not_picked":["Snecko Eye","Runic Pyramid"],"picked":"Sozu"}],"potions_floor_spawned":[3,7,11,12,16,22,24,33,45,48],"seed_played":"-6775191807023950450","killed_by":"Awakened One","ascension_level":13,"is_trial":false}