{"path_per_floor":["M","?","?","M","$","R","M","R","T","M","R","$","M","?","R","B",null,"M","$","?","?","M","R","M","R","T","?","R","M","T","M","R"],"character_chosen":"IRONCLAD","items_purchased":["Thunderclap"],"gold_per_floor":[116,116,116,127,52,52,67,67,67,83,83,37,49,49,49,150,150,163,63,63,63,74,74,94,94,173,173,173,187,187,202,202],"floor_reached":33,"campfire_rested":1,"playtime":702,"current_hp_per_floor":[80,80,80,80,80,80,75,75,75,75,75,75,68,68,68,47,80,68,68,68,68,72,72,63,63,63,63,63,37,37,33,57],"items_purged":["Defend_R","Defend_R"],"gold":202,"score":235,"play_id":"578b5515-7938-43f7-b34e-4d0c455b1252","local_time":"20180319184948","is_prod":false,"is_daily":false,"is_ascension_mode":false,"campfire_upgraded":7,"timestamp":1521496188,"path_taken":["M","?","?","M","$","R","?","R","T","M","R","$","M","?","R","BOSS","M","$","?","?","M","R","M","R","T","?","R","M","?","?","R","BOSS"],"build_version":"2018-03-15v3","purchased_purges":2,"victory":false,"master_deck":["Strike_R+1","Strike_R+1","Strike_R+1","Strike_R+1","Strike_R+1","Bash+1","Rage+1","Dropkick+1","Thunderclap+1"],"max_hp_per_floor":[80,80,80,80,80,80,80,80,80,80,80,80,80,80,80,80,80,80,80,80,80,80,80,80,80,80,80,80,80,80,80,80],"relics":["Burning Blood","Bottled Lightning"],"card_choices":[{"not_picked":["Cleave","Offering"],"picked":"Rage"},{"not_picked":["Wild Strike","Shrug It Off"],"picked":"Dropkick"}],"player_experience":622643,"potions_floor_usage":[16,16,33],"damage_taken":[{"damage":0,"enemies":"2 Louse","floor":1,"turns":3},{"damage":1,"enemies":"Cultist","floor":4,"turns":3},{"damage":11,"enemies":"Jaw Worm","floor":7,"turns":2},{"damage":6,"enemies":"Large Slime","floor":10,"turns":4},{"damage":13,"enemies":"Red Slaver","floor":13,"turns":2},{"damage":27,"enemies":"The Guardian","floor":16,"turns":8},{"damage":18,"enemies":"Chosen","floor":18,"turns":3},{"damage":2,"enemies":"Shell Parasite","floor":22,"turns":4},{"damage":15,"enemies":"Snecko","floor":24,"turns":4},{"damage":32,"enemies":"Snake Plant","floor":29,"turns":3},{"damage":10,"enemies":"Centurion and Healer","floor":31,"turns":5},{"damage":80,"enemies":"Automaton","floor":33,"turns":6}],"event_choices":[{"event_name":"Accursed Blacksmith","player_choice":"Forge","floor":2,"damage_taken":0},{"event_name":"Wheel of Change","player_choice":"Card Removal","floor":3,"damage_taken":0},{"event_name":"Living Wall","player_choice":"Forget","floor":14,"damage_taken":0},{"event_name":"Cursed Tome","player_choice":"Ignored","floor":20,"damage_taken":0},{"event_name":"Drug Dealer","player_choice":"Ignored","floor":21,"damage_taken":0},{"event_name":"Upgrade Shrine","player_choice":"Upgraded","floor":27,"damage_taken":0}],"boss_relics":[{"not_picked":["White Beast Statue","Velvet Choker","Runic Dome"]}],"potions_floor_spawned":[7,10,29,31],"seed_played":"-1879633540453422624","killed_by":"Automaton","ascension_level":0,"is_trial":false}