{"path_per_floor":["M","M","?","?","M","R","$","E","T","M","R","E","?","$","R","B",null,"M","?","$","?","?","R","?","R","T","R","M","M","R","?","R","B",null,"M","M","?","?","?","E","R","M","T","R","M","?","R","?","R"],"character_chosen":"IRONCLAD","items_purchased":["Whirlwind"],"gold_per_floor":[109,129,129,129,153,153,8,46,97,115,115,156,156,56,56,175,175,189,189,64,64,64,64,64,64,111,111,121,140,140,65,65,161,191,204,220,275,275,275,304,304,321,321,321,338,338,338,338,338],"floor_reached":50,"campfire_rested":3,"playtime":1817,"current_hp_per_floor":[80,80,80,60,59,59,59,39,39,43,67,41,47,47,47,51,77,66,66,66,66,66,66,66,66,77,77,76,91,91,91,91,34,85,96,103,76,76,76,41,72,42,48,81,73,73,73,73,73],"items_purged":["Strike_R","Regret","Strike_R"],"gold":338,"score":578,"play_id":"cad88a64-cf45-4751-9338-c6108c2ae292","local_time":"20180307145013","is_prod":false,"is_daily":false,"is_ascension_mode":true,"campfire_upgraded":7,"timestamp":1520445013,"path_taken":["M","M","?","?","M","R","$","E","T","M","R","E","?","$","R","BOSS","M","?","$","?","?","R","?","R","T","R","M","M","R","?","R","BOSS","M","M","?","?","?","E","R","M","T","R","M","?","R","?","R","BOSS"],"build_version":"2018-03-01-PROD1","purchased_purges":3,"victory":false,"master_deck":["Strike_R","Strike_R","Defend_R+1","Defend_R+1","Defend_R","Bash+1","Cleave+1","Spot Weakness+1","Whirlwind+1","Fiend Fire+1","Iron Wave+1","Double Tap+1","Flex+1","Offering+1","Offering","Headbutt+1","Regret"],"max_hp_per_floor":[80,80,80,80,80,80,80,80,80,80,80,80,86,86,86,86,86,86,86,86,86,86,86,86,86,92,92,92,94,94,94,94,94,99,101,103,105,105,105,105,105,107,113,113,115,115,115,115,115],"relics":["Burning Blood","Juzu Bracelet","Bloody Idol","Darkstone Periapt","Blood Vial","Orichalcum","Mummified Hand","Cursed Key","Singing Bowl","Pen Nib","Tiny House","Girya","War Paint","Frozen Eye"],"card_choices":[{"not_picked":["Headbutt","Anger"],"picked":"Cleave"},{"not_picked":["Infernal Blade","Shockwave"],"picked":"Spot Weakness"},{"not_picked":["Shockwave","Shrug It Off"],"picked":"Fiend Fire"},{"not_picked":["Havoc","Disarm"],"picked":"Iron Wave"},{"not_picked":["Headbutt","Reckless Charge"],"picked":"Double Tap"},{"not_picked":["Warcry","Entrench"],"picked":"Flex"},{"not_picked":["Feed","Barricade"],"picked":"Offering"},{"not_picked":["Heavy Blade","Thunderclap"],"picked":"Rampage"},{"not_picked":["Havoc","Thunderclap"],"picked":"Headbutt"}],"player_experience":529295,"potions_floor_usage":[10,12,12,16,16,29,29,33,36,37,37,40,50],"damage_taken":[{"damage":2,"enemies":"Jaw Worm","floor":1,"turns":3},{"damage":6,"enemies":"Cultist","floor":2,"turns":3},{"damage":7,"enemies":"2 Louse","floor":5,"turns":3},{"damage":26,"enemies":"3 Sentries","floor":8,"turns":5},{"damage":4,"enemies":"Looter","floor":10,"turns":3},{"damage":40,"enemies":"Lagavulin","floor":12,"turns":6},{"damage":4,"enemies":"Slime Boss","floor":16,"turns":5},{"damage":19,"enemies":"Shell Parasite","floor":18,"turns":4},{"damage":19,"enemies":"2 Thieves","floor":28,"turns":3},{"damage":0,"enemies":"Snake Plant","floor":29,"turns":2},{"damage":70,"enemies":"Collector","floor":33,"turns":6},{"damage":4,"enemies":"3 Darklings","floor":35,"turns":1},{"damage":6,"enemies":"Orb Walker","floor":36,"turns":2},{"damage":40,"enemies":"Mysterious Sphere","floor":37,"turns":3},{"damage":48,"enemies":"2 Orb Walkers","floor":40,"turns":4},{"damage":45,"enemies":"3 Darklings","floor":42,"turns":3},{"damage":23,"enemies":"4 Shapes","floor":45,"turns":8},{"damage":90,"enemies":"Time Eater","floor":50,"turns":5}],"event_choices":[{"event_name":"The Lab","player_choice":"Got Potions","floor":3,"damage_taken":0},{"event_name":"Golden Idol","player_choice":"Take Damage","floor":4,"damage_taken":0},{"event_name":"Big Fish","player_choice":"Box","floor":13,"damage_taken":0},{"event_name":"Back to Basics","player_choice":"Elegance","floor":19,"damage_taken":0},{"event_name":"Forgotten Altar","player_choice":"Gave Idol","floor":21,"damage_taken":0},{"event_name":"The Mausoleum","player_choice":"Yes","floor":22,"damage_taken":0},{"event_name":"Drug Dealer","player_choice":"Ignored","floor":24,"damage_taken":0},{"event_name":"Beggar","player_choice":"Gave Gold","floor":31,"damage_taken":0},{"event_name":"Mysterious Sphere","player_choice":"Fight","floor":37,"damage_taken":0},{"event_name":"Bonfire Elementals","player_choice":"BASIC","floor":38,"damage_taken":0},{"event_name":"Duplicator","player_choice":"One dupe","floor":39,"damage_taken":0},{"event_name":"Accursed Blacksmith","player_choice":"Forge","floor":46,"damage_taken":0}],"boss_relics":[{"not_picked":["Black Blood","Velvet Choker"],"picked":"Cursed Key"},{"not_picked":["Question Card","Runic Dome"],"picked":"Tiny House"}],"potions_floor_spawned":[2,5,10,12,16,18,28,35,36,37,42],"seed_played":"-6205617283972974001","killed_by":"Time Eater","ascension_level":5,"is_trial":false}