{"path_per_floor":["M","?","$","?","M","R","$","M","T","M","?","$","$","E","R","B",null,"M","T","T","$","?","R","M","R","T","M","M","$","M","E","R"],"character_chosen":"IRONCLAD","items_purchased":["Flash of Steel","Clash","Offering","Rampage"],"gold_per_floor":[116,116,13,13,33,33,10,26,56,71,71,71,71,105,105,229,267,285,285,285,56,56,56,74,74,146,167,188,50,75,110,110],"floor_reached":33,"campfire_rested":2,"playtime":826,"current_hp_per_floor":[76,76,76,56,56,56,56,51,51,43,43,43,43,43,67,19,85,72,72,72,72,72,72,74,74,74,59,60,60,55,30,55],"items_purged":["Defend_R","Defend_R"],"gold":110,"score":263,"play_id":"40c7d21e-f8c6-43a1-971f-3f56b3160d05","local_time":"20180318174432","is_prod":false,"is_daily":false,"is_ascension_mode":false,"campfire_upgraded":3,"timestamp":1521405872,"path_taken":["M","?","$","?","?","R","$","M","T","?","?","?","$","E","R","BOSS","M","?","?","$","?","R","M","R","T","M","?","$","M","E","R","BOSS"],"build_version":"2018-03-15v3","purchased_purges":2,"victory":false,"master_deck":["Strike_R","Strike_R","Strike_R","Strike_R","Strike_R","Defend_R","Defend_R","Bash+1","Flash of Steel+1","Flex+1","Clash+1","Offering+1","Rampage","Rage"],"max_hp_per_floor":[80,80,80,80,80,80,80,80,80,80,80,80,80,80,80,80,85,85,85,85,85,85,85,85,85,85,85,85,85,85,85,85],"relics":["Burning Blood","Golden Idol","Tiny Chest","Ornamental Fan","Tiny House","Calipers","Gambling Chip","The Courier","Thread and Needle"],"card_choices":[{"not_picked":["Sword Boomerang","Reaper"],"picked":"Flex"},{"not_picked":["Headbutt","Spot Weakness"],"picked":"Rage"}],"player_experience":609448,"potions_floor_usage":[14,16,24,27,31,31],"damage_taken":[{"damage":10,"enemies":"2 Louse","floor":1,"turns":3},{"damage":6,"enemies":"Cultist","floor":5,"turns":3},{"damage":11,"enemies":"Jaw Worm","floor":8,"turns":2},{"damage":14,"enemies":"Blue Slaver","floor":10,"turns":3},{"damage":6,"enemies":"Gremlin Nob","floor":14,"turns":3},{"damage":54,"enemies":"The Guardian","floor":16,"turns":13},{"damage":19,"enemies":"Shell Parasite","floor":18,"turns":5},{"damage":4,"enemies":"Chosen","floor":24,"turns":2},{"damage":33,"enemies":"Snecko","floor":27,"turns":5},{"damage":5,"enemies":"Centurion and Healer","floor":28,"turns":3},{"damage":11,"enemies":"Snake Plant","floor":30,"turns":2},{"damage":31,"enemies":"Slavers","floor":31,"turns":5},{"damage":64,"enemies":"Collector","floor":33,"turns":6}],"event_choices":[{"event_name":"The Lab","player_choice":"Got Potions","floor":2,"damage_taken":0},{"event_name":"Golden Idol","player_choice":"Take Damage","floor":4,"damage_taken":0},{"event_name":"Upgrade Shrine","player_choice":"Upgraded","floor":11,"damage_taken":0},{"event_name":"Beggar","player_choice":"Ignored","floor":22,"damage_taken":0}],"boss_relics":[{"not_picked":["Black Star","Calling Bell"],"picked":"Tiny House"}],"potions_floor_spawned":[1,5,10,27,30],"seed_played":"-2415736988367692976","killed_by":"Collector","ascension_level":0,"is_trial":false}