{"path_per_floor":["M","?","?","?","M","E","$","M","T","?","M","R","M","E","R","B",null,"M","T","?","?","M","R","$","?","T","$","M","E","R","E","R"],"character_chosen":"THE_SILENT","items_purchased":["Slice","Kunai","Backflip"],"gold_per_floor":[114,114,114,114,131,158,58,74,97,97,115,115,129,158,158,256,256,268,268,268,268,281,281,12,12,12,12,29,59,59,85,85],"floor_reached":33,"campfire_rested":3,"playtime":1693,"current_hp_per_floor":[59,59,52,38,38,33,33,30,30,30,30,51,51,50,50,17,57,44,44,44,44,44,44,44,67,67,67,52,45,66,15,36],"items_purged":["Strike_G"],"gold":85,"score":378,"play_id":"a3edd17f-f8c2-40a7-9c87-d01853549dff","is_prod":false,"is_daily":false,"is_ascension_mode":true,"campfire_upgraded":2,"path_taken":["M","?","?","?","M","E","$","M","T","?","M","R","M","E","R","BOSS","M","?","?","?","M","R","?","?","T","$","?","E","R","E","R","BOSS"],"build_version":"2018-02-22-PROD1","purchased_purges":1,"victory":false,"master_deck":["Defend_G+1","Defend_G","Defend_G","Defend_G","Defend_G","Strike_G","Strike_G","Strike_G+1","Strike_G","Survivor","Neutralize","Blade Dance+1","Dagger Spray+1","Grand Finale","Slice","Cloak And Dagger","Unload","Adrenaline","Escape Plan","Backflip","Bullet Time","Riddle With Holes"],"max_hp_per_floor":[70,70,70,70,70,70,70,70,70,70,70,70,70,70,70,70,70,70,70,70,70,70,70,70,70,70,70,70,70,70,70,70],"relics":["Ring of the Snake","Shuriken","Oddly Smooth Stone","Bag of Preparation","Frozen Egg 2","Black Star","Calipers","Kunai","Lantern","Smiling Mask","Darkstone Periapt","Vajra","Ancient Tea Set"],"card_choices":[{"not_picked":["Caltrops","Expertise"],"picked":"Blade Dance"},{"not_picked":["Heel Hook","Crippling Poison"],"picked":"Dagger Spray"},{"not_picked":["Concentrate","Expertise"],"picked":"Grand Finale"},{"not_picked":["Sucker Punch","Distraction"],"picked":"Cloak And Dagger"},{"not_picked":["Underhanded Strike","Quick Slash"],"picked":"Unload"},{"not_picked":["Wraith Form","Tools of the Trade"],"picked":"Adrenaline"},{"not_picked":["Acrobatics","Leg Sweep"],"picked":"Escape Plan"},{"not_picked":["Heel Hook","Noxious Fumes"],"picked":"Bullet Time"},{"not_picked":["Bouncing Flask","Eviscerate"],"picked":"Riddle With Holes"}],"player_experience":250087,"potions_floor_usage":[6,6,14,14,16,16,29,33,33],"damage_taken":[{"damage":4,"enemies":"2 Louse","floor":1,"turns":3},{"damage":0,"enemies":"Cultist","floor":5,"turns":2},{"damage":14,"enemies":"3 Sentries","floor":6,"turns":5},{"damage":3,"enemies":"Small Slimes","floor":8,"turns":3},{"damage":0,"enemies":"Exordium Wildlife","floor":11,"turns":2},{"damage":0,"enemies":"2 Fungi Beasts","floor":13,"turns":3},{"damage":1,"enemies":"Gremlin Nob","floor":14,"turns":3},{"damage":33,"enemies":"Slime Boss","floor":16,"turns":8},{"damage":13,"enemies":"2 Thieves","floor":18,"turns":3},{"damage":0,"enemies":"Chosen","floor":22,"turns":6},{"damage":15,"enemies":"Snake Plant","floor":28,"turns":5},{"damage":7,"enemies":"Slavers","floor":29,"turns":6},{"damage":51,"enemies":"Book of Stabbing","floor":31,"turns":8},{"damage":32,"enemies":"Champ","floor":33,"turns":10}],"event_choices":[{"event_name":"The Lab","player_choice":"Got Potions","floor":2,"damage_taken":0},{"event_name":"Scrap Ooze","player_choice":"success","floor":3,"damage_taken":7},{"event_name":"Shining Light","player_choice":"Entered Light","floor":4,"damage_taken":0},{"event_name":"Match and Keep!","player_choice":"0 cards matched","floor":10,"damage_taken":0},{"event_name":"Cursed Tome","player_choice":"Ignored","floor":20,"damage_taken":0},{"event_name":"Drug Dealer","player_choice":"Ignored","floor":21,"damage_taken":0},{"event_name":"The Library","player_choice":"Heal","floor":25,"damage_taken":0}],"boss_relics":[{"not_picked":["Runic Dome","Velvet Choker"],"picked":"Black Star"}],"potions_floor_spawned":[1,8,11,14,18,28,31],"seed_played":"-6411872486231401314","killed_by":"Champ","ascension_level":6,"is_trial":false}