{"gold_per_floor":[13,32,44,59,75,75,7,7,7,7,20,33,33,108,108,108],"floor_reached":16,"playtime":781,"items_purged":[],"score":141,"play_id":"7592a139-d005-40a3-bcc3-6198edaf4a37","local_time":"20190310194410","is_ascension_mode":true,"campfire_choices":[{"data":"Inflame","floor":6.0,"key":"SMITH"},{"data":"Metallicize","floor":8.0,"key":"SMITH"},{"data":"True Grit","floor":10.0,"key":"SMITH"},{"data":"Berserk","floor":13.0,"key":"SMITH"},{"data":"Defend_R","floor":15.0,"key":"SMITH"}],"neow_cost":"NO_GOLD","seed_source_timestamp":594871197691613,"circlet_count":0,"master_deck":["AscendersBane","Strike_R","Strike_R","Strike_R","Strike_R","Defend_R","Defend_R","Defend_R+1","Bash","Bludgeon","True Grit+1","Warcry","Rampage","Inflame+1","Hemokinesis","Cleave","Metallicize+1","Berserk+1","Cleave"],"special_seed":0,"relics":["Burning Blood","Bottled Lightning"],"potions_floor_usage":[16],"damage_taken":[{"damage":0.0,"enemies":"Cultist","floor":1.0,"turns":3.0},{"damage":2.0,"enemies":"Jaw Worm","floor":2.0,"turns":4.0},{"damage":0.0,"enemies":"Small Slimes","floor":3.0,"turns":3.0},{"damage":25.0,"enemies":"Gremlin Gang","floor":4.0,"turns":6.0},{"damage":14.0,"enemies":"Red Slaver","floor":5.0,"turns":3.0},{"damage":11.0,"enemies":"2 Fungi Beasts","floor":11.0,"turns":3.0},{"damage":19.0,"enemies":"Gremlin Gang","floor":12.0,"turns":5.0},{"damage":43,"enemies":"The Guardian","floor":16,"turns":9}],"seed_played":"327264632332556620","potions_obtained":[{"floor":3.0,"key":"Fruit Juice"},{"floor":5.0,"key":"Regen Potion"},{"floor":12.0,"key":"PowerPotion"}],"is_trial":false,"path_per_floor":["M","M","M","M","M","R","$","R","T","R","M","M","R","?","R","B"],"character_chosen":"IRONCLAD","items_purchased":["Metallicize"],"campfire_rested":0,"item_purchase_floors":[7],"current_hp_per_floor":[78,80,80,66,58,58,58,58,58,58,53,54,54,43,43,0],"gold":108,"neow_bonus":"TRANSFORM_TWO_CARDS","is_prod":false,"is_daily":false,"chose_seed":false,"campfire_upgraded":5,"win_rate":0,"timestamp":1552272250,"path_taken":["M","?","M","M","M","R","$","R","T","R","M","M","R","?","R","BOSS"],"build_version":"2019-01-23","purchased_purges":0,"victory":false,"max_hp_per_floor":[80,80,80,85,85,85,85,85,85,85,85,85,85,85,85,85],"card_choices":[{"not_picked":["Havoc","Wild Strike"],"picked":"Warcry","floor":1.0},{"not_picked":["Headbutt","Perfected Strike"],"picked":"Rampage","floor":2.0},{"not_picked":["Seeing Red","Armaments"],"picked":"Inflame","floor":3.0},{"not_picked":["Wild Strike","Whirlwind"],"picked":"Hemokinesis","floor":4.0},{"not_picked":["Thunderclap","Shrug It Off"],"picked":"Cleave","floor":5.0},{"not_picked":["Anger","Reckless Charge"],"picked":"Berserk","floor":11.0},{"not_picked":["Burning Pact","Reckless Charge"],"picked":"Cleave","floor":12.0}],"player_experience":450444,"relics_obtained":[{"floor":9.0,"key":"Bottled Lightning"}],"event_choices":[{"damage_healed":0.0,"max_hp_gain":0.0,"max_hp_loss":0.0,"gold_gain":75.0,"event_name":"World of Goop","player_choice":"Gather Gold","floor":14.0,"gold_loss":0.0,"damage_taken":11.0}],"is_beta":false,"boss_relics":[],"items_purged_floors":[],"is_endless":false,"potions_floor_spawned":[3,5,12],"killed_by":"The Guardian","ascension_level":10}