{"path_per_floor":["M","?","$","?","?","M","R","?","T","M","T","M","E","?","R","B",null,"M","$","?","M","M","R","M","M","T","R","?","R","?","M","R","B",null,"M","?","$","M","M","R","?","R","T","?","M","$","R","M","R"],"character_chosen":"DEFECT","items_purchased":["Blizzard","FTL","Buffer","Cold Snap"],"gold_per_floor":[113,113,35,35,35,51,51,51,75,88,143,158,193,193,193,322,322,322,81,81,81,81,81,81,81,81,81,81,81,81,81,81,81,81,81,81,81,81,81,81,81,81,81,0,0,0,0,0,0,0],"floor_reached":50,"campfire_rested":3,"playtime":5205,"current_hp_per_floor":[69,69,69,69,74,64,64,57,57,57,57,49,31,31,53,28,74,67,67,67,56,20,20,22,24,24,46,46,46,46,35,57,18,74,74,74,74,74,43,53,53,63,63,63,56,56,66,71,74,0],"items_purged":["Strike_B"],"gold":0,"score":487,"play_id":"16f69a45-0c6b-47e5-b6ab-84601bd1c803","local_time":"20180427074253","is_prod":false,"is_daily":false,"chose_seed":false,"is_ascension_mode":true,"campfire_upgraded":7,"timestamp":1524825773,"path_taken":["M","?","$","?","?","M","R","?","T","?","?","M","E","?","R","BOSS","M","$","?","?","M","R","?","?","T","R","?","R","?","M","R","BOSS","M","?","$","M","M","R","?","R","T","?","?","?","R","M","R","BOSS"],"build_version":"2018-04-26v2","seed_source_timestamp":3973895330353,"purchased_purges":1,"victory":false,"master_deck":["Strike_B","Strike_B","Strike_B","Defend_B","Defend_B","Defend_B","Defend_B","Zap+1","Dualcast+1","Coolheaded","Blizzard+1","Defragment+1","Impulse+1","Static Discharge+1","Reinforced Body+1","Zap","Rainbow","FTL","Cold Snap","Capacitor+1","Loop+1","Chaos+1","Writhe","Go for the Eyes+1","Creative AI+1","Defragment+1","Melter+1","Doom and Gloom+1"],"max_hp_per_floor":[75,69,69,69,74,74,74,74,74,74,74,74,74,74,74,74,74,74,74,74,74,74,74,74,74,74,74,74,74,74,74,74,74,74,74,74,74,74,74,74,74,74,74,74,74,74,74,74,74,74],"relics":["Cracked Core","Bloody Idol","Ancient Tea Set","Blood Vial","Letter Opener","Ectoplasm","Anchor","Molten Egg 2","Eternal Feather","Art of War","Red Mask"],"card_choices":[{"not_picked":["Blizzard","Barrage"],"picked":"Coolheaded","floor":1},{"not_picked":["FTL","Leap"],"picked":"Defragment","floor":6},{"not_picked":["Hologram","Skim"],"picked":"Impulse","floor":10},{"not_picked":["Impulse","Go for the Eyes"],"picked":"Static Discharge","floor":12},{"not_picked":["Machine Learning","Loop"],"picked":"Reinforced Body","floor":13},{"not_picked":["Meteor Strike","All For One"],"picked":"Rainbow","floor":16},{"not_picked":["Leap","Undo"],"picked":"Capacitor","floor":21},{"not_picked":["Skim","Go for the Eyes"],"picked":"Loop","floor":24},{"not_picked":["Glacier","Fission"],"picked":"Chaos","floor":25},{"not_picked":["Melter","Genetic Algorithm"],"picked":"Go for the Eyes","floor":31},{"not_picked":["Reboot","Fusion"],"picked":"Creative AI","floor":33},{"not_picked":["Hologram","Buffer"],"picked":"Defragment","floor":38},{"not_picked":["Steam Power","Hologram"],"picked":"Melter","floor":39},{"not_picked":["Heatsinks","Rebound"],"picked":"Doom and Gloom","floor":48}],"player_experience":763713,"potions_floor_usage":[24,24,33,33,48,50,50],"damage_taken":[{"damage":6,"enemies":"2 Louse","floor":1,"turns":2},{"damage":10,"enemies":"Jaw Worm","floor":6,"turns":4},{"damage":0,"enemies":"Cultist","floor":10,"turns":4},{"damage":10,"enemies":"Large Slime","floor":12,"turns":5},{"damage":20,"enemies":"3 Sentries","floor":13,"turns":7},{"damage":27,"enemies":"Hexaghost","floor":16,"turns":9},{"damage":7,"enemies":"Chosen","floor":18,"turns":6},{"damage":13,"enemies":"3 Byrds","floor":21,"turns":5},{"damage":38,"enemies":"Snake Plant","floor":22,"turns":4},{"damage":0,"enemies":"Chosen and Byrds","floor":24,"turns":6},{"damage":0,"enemies":"Centurion and Healer","floor":25,"turns":7},{"damage":13,"enemies":"Snecko","floor":31,"turns":5},{"damage":41,"enemies":"Champ","floor":33,"turns":11},{"damage":0,"enemies":"Orb Walker","floor":35,"turns":4},{"damage":0,"enemies":"3 Shapes","floor":38,"turns":4},{"damage":31,"enemies":"Sphere and 2 Shapes","floor":39,"turns":7},{"damage":9,"enemies":"Spire Growth","floor":45,"turns":5},{"damage":11,"enemies":"Maw","floor":48,"turns":8},{"damage":90,"enemies":"Time Eater","floor":50,"turns":9}],"event_choices":[{"event_name":"Golden Idol","player_choice":"Lose Max HP","floor":2,"damage_taken":0},{"event_name":"Wheel of Change","player_choice":"Curse","floor":4,"damage_taken":0},{"event_name":"Big Fish","player_choice":"Donut","floor":5,"damage_taken":0},{"event_name":"Golden Wing","player_choice":"Card Removal","floor":8,"damage_taken":0},{"event_name":"Match and Keep!","player_choice":"1 cards matched","floor":14,"damage_taken":0},{"event_name":"Forgotten Altar","player_choice":"Gave Idol","floor":20,"damage_taken":0},{"event_name":"The Mausoleum","player_choice":"Yes","floor":28,"damage_taken":0},{"event_name":"Drug Dealer","player_choice":"Ignored","floor":30,"damage_taken":0},{"event_name":"Upgrade Shrine","player_choice":"Upgraded","floor":41,"damage_taken":0},{"event_name":"Tomb of Lord Red Mask","player_choice":"Paid","floor":44,"damage_taken":0}],"boss_relics":[{"not_picked":["Lizard Tail","Black Star"],"picked":"Ectoplasm"},{"not_picked":["Calling Bell","Velvet Choker"],"picked":"Eternal Feather"}],"potions_floor_spawned":[1,12,13,16,21,22,24,25,33,38,45],"seed_played":"-9156705035389211010","killed_by":"Time Eater","ascension_level":1,"is_trial":false}