{"gold_per_floor":[111,111,131,145,160,160,160,46,46,35,48,64,64,79,79,157,157,173,173,192,208,42,59,59,76,99,99,109,120,20,40,40,40],"floor_reached":33,"playtime":1603,"items_purged":["Strike_G","Writhe"],"score":445,"play_id":"c2416cde-ebd3-43d8-a4ea-d13c708b656b","local_time":"20190121161754","is_ascension_mode":true,"campfire_choices":[{"data":"Neutralize","floor":6,"key":"SMITH"},{"floor":13,"key":"REST"},{"data":"Noxious Fumes","floor":15,"key":"SMITH"},{"data":"Adrenaline","floor":27,"key":"SMITH"},{"floor":32,"key":"REST"}],"neow_cost":"PERCENT_DAMAGE","seed_source_timestamp":19381611797805,"circlet_count":0,"master_deck":["AscendersBane","Defend_G","Defend_G+1","Defend_G+1","Defend_G","Defend_G","Strike_G","Strike_G","Strike_G","Survivor","Neutralize+1","Crippling Poison","Flying Knee","Heel Hook","Footwork","Footwork","Sucker Punch","Dodge and Roll","Cloak And Dagger","Noxious Fumes+1","Adrenaline+1","Bouncing Flask","Backflip","Noxious Fumes","Noxious Fumes","Neutralize","Night Terror"],"relics":["Ring of the Snake","The Specimen","Regal Pillow","Cursed Key","Blood Vial","Orichalcum"],"potions_floor_usage":[10,10,12,28,31,33],"damage_taken":[{"damage":4,"enemies":"Small Slimes","floor":1,"turns":6},{"damage":3,"enemies":"2 Louse","floor":3,"turns":4},{"damage":0,"enemies":"Jaw Worm","floor":4,"turns":7},{"damage":8,"enemies":"Exordium Wildlife","floor":5,"turns":4},{"damage":1,"enemies":"Exordium Thugs","floor":10,"turns":4},{"damage":5,"enemies":"2 Fungi Beasts","floor":11,"turns":4},{"damage":0,"enemies":"Exordium Wildlife","floor":12,"turns":3},{"damage":2,"enemies":"Red Slaver","floor":14,"turns":4},{"damage":23,"enemies":"Slime Boss","floor":16,"turns":12},{"damage":13,"enemies":"2 Thieves","floor":18,"turns":5},{"damage":6,"enemies":"Spheric Guardian","floor":20,"turns":4},{"damage":10,"enemies":"Shelled Parasite and Fungi","floor":21,"turns":5},{"damage":4,"enemies":"Centurion and Healer","floor":23,"turns":6},{"damage":2,"enemies":"Chosen and Byrds","floor":25,"turns":6},{"damage":19,"enemies":"Sentry and Sphere","floor":28,"turns":4},{"damage":1,"enemies":"Shelled Parasite and Fungi","floor":29,"turns":6},{"damage":0,"enemies":"Centurion and Healer","floor":31,"turns":6},{"damage":48,"enemies":"Collector","floor":33,"turns":5}],"seed_played":"4701805661958843360","potions_obtained":[{"floor":1,"key":"Fire Potion"},{"floor":4,"key":"Regen Potion"},{"floor":11,"key":"Fire Potion"},{"floor":16,"key":"GamblersBrew"},{"floor":20,"key":"FearPotion"},{"floor":21,"key":"Swift Potion"},{"floor":31,"key":"SkillPotion"}],"is_trial":false,"path_per_floor":["?","?","?","?","M"],"character_chosen":"THE_SILENT","items_purchased":["Footwork","Blood Vial"],"campfire_rested":2,"item_purchase_floors":[8,22],"current_hp_per_floor":[40,40,37,37,29,29,9,9,9,22,17,17,51,49,49,26,56,43,43,37,27,27,25,25,25,25,25,8,9,9,11,45,0],"gold":40,"neow_bonus":"ONE_RARE_RELIC","is_prod":false,"is_daily":false,"chose_seed":false,"campfire_upgraded":3,"win_rate":0,"timestamp":1548094674,"path_taken":["M","?","M","M","M","R","?","$","T","M","M","M","R","M","R","BOSS","M","?","M","M","$","M","?","M","T","R","?","M","$","M","R","BOSS"],"build_version":"2019-01-20","purchased_purges":2,"victory":false,"max_hp_per_floor":[66,66,66,66,66,66,66,66,66,66,66,66,66,66,66,66,66,66,66,66,66,66,66,66,66,66,66,66,66,66,66,66,66],"card_choices":[{"not_picked":["Eviscerate","Dagger Throw"],"picked":"Crippling Poison","floor":1},{"not_picked":["Blade Dance","Outmaneuver"],"picked":"Flying Knee","floor":3},{"not_picked":["Blade Dance","Bane"],"picked":"Heel Hook","floor":4},{"not_picked":["Bane","Poisoned Stab"],"picked":"Footwork","floor":5},{"not_picked":["Endless Agony","Masterful Stab"],"picked":"Sucker Punch","floor":10},{"not_picked":["Storm of Steel","Endless Agony"],"picked":"Dodge and Roll","floor":11},{"not_picked":["Slice","Expertise"],"picked":"Cloak And Dagger","floor":12},{"not_picked":["Slice","Heel Hook"],"picked":"Noxious Fumes","floor":14},{"not_picked":["Burst","Phantasmal Killer"],"picked":"Adrenaline","floor":16},{"not_picked":["Concentrate","Escape Plan"],"picked":"Bouncing Flask","floor":18},{"not_picked":["Distraction","PiercingWail"],"picked":"Backflip","floor":20},{"not_picked":["Prepared+1","Dodge and Roll"],"picked":"Noxious Fumes","floor":21},{"not_picked":["Quick Slash","Slice"],"picked":"Noxious Fumes","floor":23},{"not_picked":["Deflect","Dodge and Roll","Flying Knee"],"picked":"SKIP","floor":25},{"not_picked":["Bouncing Flask","Caltrops","Expertise"],"picked":"SKIP","floor":28},{"not_picked":["Deflect","Bane+1"],"picked":"Night Terror","floor":29},{"not_picked":["Poisoned Stab","Concentrate","Outmaneuver"],"picked":"SKIP","floor":31}],"player_experience":933198,"relics_obtained":[{"floor":9,"key":"Regal Pillow"},{"floor":26,"key":"Orichalcum"}],"event_choices":[{"cards_removed":["Strike_G"],"damage_healed":0,"gold_gain":0,"player_choice":"Forget","damage_taken":0,"max_hp_gain":0,"max_hp_loss":0,"event_name":"Living Wall","floor":2,"gold_loss":0},{"damage_healed":0,"gold_gain":0,"player_choice":"Entered Light","damage_taken":20,"max_hp_gain":0,"max_hp_loss":0,"event_name":"Shining Light","floor":7,"gold_loss":0,"cards_upgraded":["Defend_G","Defend_G"]},{"damage_healed":0,"gold_gain":0,"player_choice":"Ignored","damage_taken":0,"max_hp_gain":0,"max_hp_loss":0,"event_name":"The Mausoleum","floor":19,"gold_loss":0},{"damage_healed":0,"gold_gain":0,"player_choice":"1 cards matched","damage_taken":0,"max_hp_gain":0,"max_hp_loss":0,"event_name":"Match and Keep!","floor":24,"gold_loss":0,"cards_obtained":["Neutralize"]}],"is_beta":true,"boss_relics":[{"not_picked":["Philosopher\u0027s Stone","White Beast Statue"],"picked":"Cursed Key"}],"items_purged_floors":[8,30],"is_endless":false,"potions_floor_spawned":[1,4,11,16,20,21,23,31],"killed_by":"Collector","ascension_level":16}