{"path_per_floor":["M","?","?","$","M","E","R","E","T","?","M","M","$","M","R","B",null,"M","?","?","?","M","R","E","R","T","?","M"],"character_chosen":"IRONCLAD","items_purchased":["Iron Wave"],"gold_per_floor":[111,111,61,37,54,79,79,110,110,134,148,161,86,100,100,204,204,224,224,224,224,234,234,266,266,266,181,196],"floor_reached":29,"campfire_rested":2,"playtime":1533,"current_hp_per_floor":[80,80,80,80,80,80,80,67,67,65,65,38,38,32,59,18,90,90,90,90,90,90,90,28,55,55,55,12],"items_purged":["Strike_R"],"gold":196,"score":304,"play_id":"a9428ecd-ef73-4fad-aff7-e15f48edc910","is_prod":false,"is_daily":false,"is_ascension_mode":true,"campfire_upgraded":2,"path_taken":["M","?","?","?","M","E","R","E","T","?","M","M","$","M","R","BOSS","M","?","?","?","?","R","E","R","T","?","?","M"],"build_version":"2018-02-22-PROD2","purchased_purges":1,"victory":false,"master_deck":["Strike_R","Strike_R","Strike_R","Defend_R","Defend_R","Defend_R","Defend_R","Bash","Spot Weakness","Iron Wave+1","Thunderclap","Cleave","Armaments+1","Warcry","Whirlwind","Ghostly Armor","Limit Break","Offering","Havoc","Heavy Blade","Rampage+1","Flex+1"],"max_hp_per_floor":[80,80,80,80,80,80,80,90,90,90,90,90,90,90,90,90,90,90,90,90,90,90,90,90,90,90,90,90],"relics":["Black Blood","Art of War","Pear","Pen Nib","Odd Mushroom","Nloth\u0027s Gift","Self Forming Clay","Girya","Toxic Egg 2"],"card_choices":[{"not_picked":["Barricade","Heavy Blade"],"picked":"Spot Weakness"},{"not_picked":["Anger","Havoc"],"picked":"Thunderclap"},{"not_picked":["Combust","Corruption"],"picked":"Cleave"},{"not_picked":["Iron Wave","Searing Blow"],"picked":"Armaments"},{"not_picked":["Combust","Reaper"],"picked":"Warcry"},{"not_picked":["Warcry","Heavy Blade"],"picked":"Whirlwind"},{"not_picked":["Entrench","Anger"],"picked":"Ghostly Armor"},{"not_picked":["Immolate","Berserk"],"picked":"Limit Break"},{"not_picked":["Warcry","Wild Strike"],"picked":"Rampage"},{"not_picked":["Anger","Armaments"],"picked":"Flex"}],"player_experience":322812,"potions_floor_usage":[16,16,16,28,29],"damage_taken":[{"damage":0,"enemies":"Jaw Worm","floor":1,"turns":1},{"damage":0,"enemies":"Cultist","floor":5,"turns":1},{"damage":0,"enemies":"Gremlin Nob","floor":6,"turns":1},{"damage":29,"enemies":"Lagavulin","floor":8,"turns":6},{"damage":8,"enemies":"The Mushroom Lair","floor":10,"turns":4},{"damage":6,"enemies":"2 Louse","floor":11,"turns":2},{"damage":33,"enemies":"Large Slime","floor":12,"turns":6},{"damage":12,"enemies":"Red Slaver","floor":14,"turns":4},{"damage":62,"enemies":"Hexaghost","floor":16,"turns":11},{"damage":4,"enemies":"3 Byrds","floor":18,"turns":4},{"damage":6,"enemies":"Chosen","floor":22,"turns":4},{"damage":72,"enemies":"Book of Stabbing","floor":24,"turns":7},{"damage":53,"enemies":"Sentry and Sphere","floor":28,"turns":8},{"damage":9,"enemies":"Chosen and Byrds","floor":29,"turns":5}],"event_choices":[{"event_name":"The Woman in Blue","player_choice":"Bought 0 Potions","floor":2,"damage_taken":0},{"event_name":"The Cleric","player_choice":"Card Removal","floor":3,"damage_taken":0},{"event_name":"Mushrooms","player_choice":"Fought Mushrooms","floor":10,"damage_taken":0},{"event_name":"Match and Keep!","player_choice":"2 cards matched","floor":19,"damage_taken":0},{"event_name":"N\u0027loth","player_choice":"Traded a NeowsBlessing","floor":20,"damage_taken":0},{"event_name":"The Library","player_choice":"Read","floor":21,"damage_taken":0},{"event_name":"Addict","player_choice":"Obtained Relic","floor":27,"damage_taken":0}],"boss_relics":[{"not_picked":["Velvet Choker","Black Star"],"picked":"Black Blood"}],"potions_floor_spawned":[1,5,10,12,14,22,24],"seed_played":"-8222292224499604520","killed_by":"Chosen and Byrds","ascension_level":2,"is_trial":false}