{"path_per_floor":["M","M","$","?","?","R","M","M","T","R","$","R","E","?","R","B",null,"M","M","$","M","M","R","?","M","T","?"],"character_chosen":"DEFECT","items_purchased":["Rebound"],"gold_per_floor":[119,133,34,109,59,59,75,87,87,87,87,87,120,120,120,217,217,233,243,193,208,227,227,227,239,289,204,204],"floor_reached":28,"campfire_rested":0,"playtime":1575,"current_hp_per_floor":[70,70,70,59,59,59,59,49,49,49,49,49,22,75,75,41,75,65,59,59,57,57,57,57,22,22,22,0],"items_purged":["Strike_B","Strike_B"],"gold":204,"score":229,"play_id":"260a20ec-8265-404c-97dc-ed8beb27e818","local_time":"20180426223846","is_prod":false,"is_daily":false,"chose_seed":false,"is_ascension_mode":true,"campfire_upgraded":5,"timestamp":1524793126,"path_taken":["M","M","$","?","?","R","M","?","T","R","?","R","E","?","R","BOSS","M","M","$","?","M","R","?","M","T","?","M"],"build_version":"2018-04-26","seed_source_timestamp":61238219773368,"purchased_purges":2,"victory":false,"master_deck":["Defend_B","Defend_B","Defend_B","Defend_B","Zap+1","Dualcast+1","Chaos+1","Allocate+1","Rebound","Auto Shields","Capacitor+1","Coolheaded","Multi-Cast","Allocate+1","Coolheaded","Impulse"],"max_hp_per_floor":[75,75,75,75,75,75,75,75,75,75,75,75,75,75,75,75,75,75,75,75,75,75,75,75,75,75,75,75],"relics":["Cracked Core","Frozen Egg 2","Smiling Mask","Sozu","Oddly Smooth Stone","Darkstone Periapt"],"card_choices":[{"not_picked":["Axe Kick","Buffer"],"picked":"Chaos","floor":1},{"not_picked":["Buffer","Undo"],"picked":"Allocate","floor":2},{"not_picked":["Go for the Eyes","Loop"],"picked":"Auto Shields","floor":7},{"not_picked":["Static Discharge","Chaos"],"picked":"Capacitor","floor":8},{"not_picked":["Reinforced Body","Blizzard"],"picked":"Coolheaded","floor":13},{"not_picked":["Prime","Seek"],"picked":"Multi-Cast","floor":16},{"not_picked":["Static Discharge","Go for the Eyes"],"picked":"Allocate","floor":18},{"not_picked":["Hello World","Streamline"],"picked":"Coolheaded","floor":19},{"not_picked":["Heatsinks","Coolheaded"],"picked":"Impulse","floor":21}],"player_experience":757239,"potions_floor_usage":[8,16,21],"damage_taken":[{"damage":5,"enemies":"Jaw Worm","floor":1,"turns":4},{"damage":0,"enemies":"2 Louse","floor":2,"turns":2},{"damage":0,"enemies":"Small Slimes","floor":7,"turns":3},{"damage":10,"enemies":"Gremlin Gang","floor":8,"turns":5},{"damage":27,"enemies":"Gremlin Nob","floor":13,"turns":4},{"damage":34,"enemies":"Slime Boss","floor":16,"turns":12},{"damage":10,"enemies":"3 Byrds","floor":18,"turns":4},{"damage":6,"enemies":"Chosen","floor":19,"turns":6},{"damage":2,"enemies":"Sentry and Sphere","floor":21,"turns":10},{"damage":0,"enemies":"Centurion and Healer","floor":22,"turns":7},{"damage":35,"enemies":"Cultist and Chosen","floor":25,"turns":7},{"damage":22,"enemies":"Chosen and Byrds","floor":28,"turns":4}],"event_choices":[{"event_name":"World of Goop","player_choice":"Gather Gold","floor":4,"damage_taken":0},{"event_name":"The Cleric","player_choice":"Card Removal","floor":5,"damage_taken":0},{"event_name":"Wheel of Change","player_choice":"Full Heal","floor":14,"damage_taken":0},{"event_name":"Cursed Tome","player_choice":"Ignored","floor":24,"damage_taken":0},{"event_name":"Addict","player_choice":"Obtained Relic","floor":27,"damage_taken":0}],"boss_relics":[{"not_picked":["Runic Dome","Cursed Key"],"picked":"Sozu"}],"potions_floor_spawned":[1,13,16,19],"seed_played":"-1919922092942049726","killed_by":"Chosen and Byrds","ascension_level":1,"is_trial":false}