{"path_per_floor":["M","?","?","M","M","R","M","M","T","R","?","E","$","M","R","B",null,"M","?","?","$","M","R","M","R","T","?","E","?","R","M","R","B",null,"M","?","M"],"character_chosen":"THE_SILENT","items_purchased":["Adrenaline","Cloak And Dagger"],"gold_per_floor":[113,113,113,138,154,154,168,189,214,214,164,197,55,73,73,202,202,202,127,127,104,104,104,104,104,104,104,104,104,104,104,104,104,104,104,104,104],"floor_reached":38,"campfire_rested":3,"playtime":2400,"current_hp_per_floor":[59,45,45,44,44,44,44,41,41,41,41,25,25,25,44,22,54,54,54,54,54,41,41,37,65,65,65,56,56,56,25,59,33,57,36,36,26],"items_purged":[],"gold":104,"score":482,"play_id":"1ce5aeae-c2b4-4de4-843d-9a55e2c80078","is_prod":false,"is_daily":false,"is_ascension_mode":true,"campfire_upgraded":3,"path_taken":["M","?","?","M","M","R","M","?","T","R","?","E","$","M","R","BOSS","M","?","?","$","M","R","M","R","T","?","E","?","R","M","R","BOSS","M","?","M","M"],"build_version":"2018-02-22-PROD2","purchased_purges":0,"victory":false,"master_deck":["Defend_G","Defend_G","Defend_G","Defend_G+1","Defend_G","Strike_G","Strike_G+1","Strike_G","Survivor","Neutralize+1","Dagger Spray","Cloak And Dagger+1","Infinite Blades","Accuracy+1","Accuracy","Adrenaline","Malaise","Burst","Accuracy","Writhe","Cloak And Dagger","PiercingWail","Bullet Time","Acrobatics","After Image","Backstab+1"],"max_hp_per_floor":[70,70,65,65,65,65,65,65,65,65,65,65,65,65,65,65,65,65,65,65,65,65,65,65,65,65,65,65,65,65,65,65,65,65,65,65,65],"relics":["Ring of the Snake","Golden Idol","Juzu Bracelet","Shovel","Ectoplasm","Regal Pillow","Girya","Sundial","Cursed Key"],"card_choices":[{"not_picked":["Concentrate","Dagger Throw"],"picked":"Dagger Spray"},{"not_picked":["Riddle With Holes","Malaise"],"picked":"Cloak And Dagger"},{"not_picked":["Poisoned Stab","Dagger Throw"],"picked":"Infinite Blades"},{"not_picked":["Adrenaline","Footwork"],"picked":"Accuracy"},{"not_picked":["Caltrops","Bouncing Flask"],"picked":"Accuracy"},{"not_picked":["Catalyst","Backflip"],"picked":"Malaise"},{"not_picked":["Tactician","Glass Knife"],"picked":"Burst"},{"not_picked":["Endless Agony","Caltrops"],"picked":"Accuracy"},{"not_picked":["Footwork","Backflip"],"picked":"PiercingWail"},{"not_picked":["Backflip","Deadly Poison"],"picked":"Bullet Time"},{"not_picked":["Tactician","Doppelganger"],"picked":"After Image"},{"not_picked":["Bouncing Flask","Eviscerate"],"picked":"Backstab"}],"player_experience":306056,"potions_floor_usage":[24,28,28,33,38],"damage_taken":[{"damage":4,"enemies":"Small Slimes","floor":1,"turns":5},{"damage":1,"enemies":"Jaw Worm","floor":4,"turns":3},{"damage":0,"enemies":"2 Louse","floor":5,"turns":2},{"damage":0,"enemies":"Blue Slaver","floor":7,"turns":4},{"damage":3,"enemies":"Exordium Thugs","floor":8,"turns":4},{"damage":16,"enemies":"Gremlin Nob","floor":12,"turns":4},{"damage":0,"enemies":"Red Slaver","floor":14,"turns":4},{"damage":22,"enemies":"The Guardian","floor":16,"turns":12},{"damage":0,"enemies":"3 Byrds","floor":18,"turns":5},{"damage":13,"enemies":"Spheric Guardian","floor":22,"turns":5},{"damage":7,"enemies":"Centurion and Healer","floor":24,"turns":4},{"damage":9,"enemies":"Gremlin Leader","floor":28,"turns":10},{"damage":31,"enemies":"Sentry and Sphere","floor":31,"turns":4},{"damage":26,"enemies":"Champ","floor":33,"turns":10},{"damage":21,"enemies":"3 Shapes","floor":35,"turns":11},{"damage":10,"enemies":"3 Darklings","floor":37,"turns":6},{"damage":31,"enemies":"Sphere and 2 Shapes","floor":38,"turns":5}],"event_choices":[{"event_name":"Shining Light","player_choice":"Entered Light","floor":2,"damage_taken":0},{"event_name":"Golden Idol","player_choice":"Lose Max HP","floor":3,"damage_taken":0},{"event_name":"The Cleric","player_choice":"Card Removal","floor":11,"damage_taken":0},{"event_name":"Beggar","player_choice":"Gave Gold","floor":19,"damage_taken":0},{"event_name":"The Mausoleum","player_choice":"Yes","floor":20,"damage_taken":0},{"event_name":"Vampires","player_choice":"Ignored","floor":27,"damage_taken":0},{"event_name":"The Library","player_choice":"Read","floor":29,"damage_taken":0},{"event_name":"Wheel of Change","player_choice":"Gold","floor":36,"damage_taken":0}],"boss_relics":[{"not_picked":["Snecko Eye","Orrery"],"picked":"Ectoplasm"},{"not_picked":["Runic Dome","Runic Pyramid"],"picked":"Cursed Key"}],"potions_floor_spawned":[1,12,14,16,22,31,35],"seed_played":"-8065333425533004039","killed_by":"Sphere and 2 Shapes","ascension_level":8,"is_trial":false}