{"path_per_floor":["M","$","?","M","M","R","?","E","T","M","$","M","M","M","R","B",null,"M","$","M","?","$","E","R","M","T","?","R","M","?","M","R"],"character_chosen":"THE_SILENT","items_purchased":["Ornamental Fan","Accuracy","Panache","PiercingWail","Infinite Blades","Panache"],"gold_per_floor":[362,38,38,52,64,64,64,394,394,406,34,52,68,84,84,181,181,199,0,10,10,10,41,41,57,104,104,104,118,33,48,48],"floor_reached":33,"campfire_rested":4,"playtime":2111,"current_hp_per_floor":[61,61,54,53,53,53,53,34,34,24,24,16,1,1,22,11,55,55,55,48,48,48,16,37,34,34,34,55,46,46,12,36],"items_purged":["Regret"],"gold":48,"score":377,"play_id":"a4d7b07d-aae4-4863-9f25-4d90961e9448","is_prod":false,"is_daily":false,"is_ascension_mode":true,"campfire_upgraded":1,"path_taken":["M","$","?","M","M","R","?","E","T","?","?","M","M","M","R","BOSS","M","$","?","?","?","E","R","?","T","?","R","?","?","M","R","BOSS"],"build_version":"2018-02-22-PROD2","purchased_purges":2,"victory":false,"master_deck":["Defend_G","Defend_G","Defend_G","Defend_G","Defend_G","Strike_G","Strike_G","Strike_G","Strike_G","Strike_G","Survivor","Neutralize","Blade Dance+1","Accuracy","Leg Sweep","Acrobatics","Dagger Spray","Panache","PiercingWail","Infinite Blades","Deflect","Footwork","Panache","Deflect"],"max_hp_per_floor":[70,70,70,70,70,70,70,70,70,70,70,70,70,70,70,70,70,70,70,70,70,70,70,70,70,70,70,70,72,72,74,76],"relics":["Ring of the Snake","Ornamental Fan","Girya","Old Coin","Unceasing Top","Sozu","Letter Opener","Singing Bowl","Dream Catcher"],"card_choices":[{"not_picked":["Quick Slash","Bane"],"picked":"Blade Dance"},{"not_picked":["Accuracy","Masterful Stab"],"picked":"Leg Sweep"},{"not_picked":["Outmaneuver","Prepared"],"picked":"Acrobatics"},{"not_picked":["Catalyst","Malaise"],"picked":"Dagger Spray"},{"not_picked":["Distraction","Quick Slash"],"picked":"Deflect"},{"not_picked":["Acrobatics","Sucker Punch"],"picked":"Footwork"},{"not_picked":["Slice","Well Laid Plans"],"picked":"Deflect"}],"player_experience":308456,"potions_floor_usage":[16,16,23],"damage_taken":[{"damage":2,"enemies":"2 Louse","floor":1,"turns":3},{"damage":1,"enemies":"Jaw Worm","floor":4,"turns":5},{"damage":0,"enemies":"Small Slimes","floor":5,"turns":4},{"damage":19,"enemies":"3 Sentries","floor":8,"turns":9},{"damage":10,"enemies":"Red Slaver","floor":10,"turns":7},{"damage":8,"enemies":"Exordium Thugs","floor":12,"turns":4},{"damage":15,"enemies":"Lots of Slimes","floor":13,"turns":3},{"damage":0,"enemies":"Looter","floor":14,"turns":3},{"damage":11,"enemies":"The Guardian","floor":16,"turns":16},{"damage":0,"enemies":"3 Byrds","floor":18,"turns":3},{"damage":7,"enemies":"Spheric Guardian","floor":20,"turns":3},{"damage":32,"enemies":"Book of Stabbing","floor":23,"turns":5},{"damage":3,"enemies":"Chosen and Byrds","floor":25,"turns":5},{"damage":11,"enemies":"Snecko","floor":29,"turns":5},{"damage":36,"enemies":"Sentry and Sphere","floor":31,"turns":6},{"damage":69,"enemies":"Automaton","floor":33,"turns":6}],"event_choices":[{"event_name":"Golden Wing","player_choice":"Card Removal","floor":3,"damage_taken":0},{"event_name":"Big Fish","player_choice":"Box","floor":7,"damage_taken":0},{"event_name":"Vampires","player_choice":"Ignored","floor":21,"damage_taken":0},{"event_name":"Duplicator","player_choice":"Ignored","floor":27,"damage_taken":0},{"event_name":"Addict","player_choice":"Obtained Relic","floor":30,"damage_taken":0}],"boss_relics":[{"not_picked":["Runic Pyramid","Velvet Choker"],"picked":"Sozu"}],"potions_floor_spawned":[1,10,13,14,20,29,31],"seed_played":"-5902904873208071877","killed_by":"Automaton","ascension_level":8,"is_trial":false}