{"gold_per_floor":[114,128,143,154,79,79,94,107,107,122,122,136,9,21,21,125,125,144,154,154,154,64,64,76,76,76,87,87],"floor_reached":28,"playtime":1045,"items_purged":["Strike_B"],"score":313,"play_id":"a9439876-1af0-4f4d-b6d3-833f317a4f9e","local_time":"20190309193838","is_ascension_mode":true,"campfire_choices":[{"data":"Zap","floor":6,"key":"SMITH"},{"data":"Go for the Eyes","floor":11,"key":"SMITH"},{"floor":15,"key":"REST"},{"data":"Self Repair","floor":23,"key":"SMITH"},{"data":"Dualcast","floor":25,"key":"SMITH"}],"neow_cost":"NONE","seed_source_timestamp":114137329021728,"circlet_count":0,"master_deck":["Strike_B","Defend_B","Defend_B","Defend_B+1","Zap+1","Dualcast+1","Sweeping Beam","Compile Driver","Conserve Battery","Seek","Go for the Eyes+1","Conserve Battery","Self Repair+1","Leap","Electrodynamics","Melter+1","Seek","Multi-Cast","Cold Snap+1"],"relics":["Cracked Core","Boot","Gremlin Horn","Inserter","Ancient Tea Set"],"potions_floor_usage":[4,16,16,16,24],"damage_taken":[{"damage":4,"enemies":"Small Slimes","floor":1,"turns":3},{"damage":2,"enemies":"Jaw Worm","floor":2,"turns":4},{"damage":0,"enemies":"2 Louse","floor":3,"turns":3},{"damage":3,"enemies":"Lots of Slimes","floor":4,"turns":2},{"damage":10,"enemies":"2 Fungi Beasts","floor":7,"turns":3},{"damage":11,"enemies":"Exordium Wildlife","floor":8,"turns":4},{"damage":1,"enemies":"Looter","floor":10,"turns":3},{"damage":1,"enemies":"Blue Slaver","floor":12,"turns":3},{"damage":8,"enemies":"Exordium Wildlife","floor":14,"turns":4},{"damage":21,"enemies":"Slime Boss","floor":16,"turns":10},{"damage":12,"enemies":"3 Byrds","floor":18,"turns":3},{"damage":23,"enemies":"2 Thieves","floor":19,"turns":3},{"damage":13,"enemies":"3 Cultists","floor":24,"turns":4},{"damage":24,"enemies":"Chosen and Byrds","floor":27,"turns":5},{"damage":0,"enemies":"Snake Plant","floor":28,"turns":1}],"seed_played":"8239090836779918387","potions_obtained":[{"floor":2,"key":"AttackPotion"},{"floor":7,"key":"SteroidPotion"},{"floor":8,"key":"Strength Potion"},{"floor":10,"key":"PowerPotion"},{"floor":12,"key":"SpeedPotion"},{"floor":16,"key":"Strength Potion"},{"floor":19,"key":"Fruit Juice"},{"floor":27,"key":"LiquidBronze"}],"is_trial":false,"path_per_floor":["M","M","M","M","$","R","M","M","T","M","R","M","$","M","R","B",null,"M","M","?","?","?","R","M","R","T","M","M"],"character_chosen":"DEFECT","items_purchased":["Self Repair","Leap"],"campfire_rested":1,"item_purchase_floors":[13,13],"current_hp_per_floor":[64,62,62,59,59,59,49,38,38,37,37,36,36,35,57,43,67,55,39,39,39,39,39,41,41,41,27,27],"gold":87,"neow_bonus":"RANDOM_COMMON_RELIC","is_prod":false,"is_daily":false,"chose_seed":false,"campfire_upgraded":4,"win_rate":0,"timestamp":1552189118,"path_taken":["M","M","M","M","$","R","M","M","T","M","R","M","$","M","R","BOSS","M","M","?","?","?","R","M","R","T","?","?"],"build_version":"2019-01-23","purchased_purges":1,"victory":false,"max_hp_per_floor":[75,75,75,75,75,75,75,75,75,75,75,75,75,75,75,75,75,75,75,75,75,75,75,80,80,80,80,80],"card_choices":[{"not_picked":["Stack","Turbo"],"picked":"Sweeping Beam","floor":1},{"not_picked":["Steam","Stack"],"picked":"Compile Driver","floor":2},{"not_picked":["Beam Cell","Stack"],"picked":"Conserve Battery","floor":3},{"not_picked":["FTL","Steam Power"],"picked":"Seek","floor":4},{"not_picked":["Doom and Gloom","Hello World","Hologram"],"picked":"SKIP","floor":7},{"not_picked":["Stack","Tempest","Darkness"],"picked":"SKIP","floor":8},{"not_picked":["Stack","All For One"],"picked":"Go for the Eyes","floor":10},{"not_picked":["Rip and Tear","Go for the Eyes"],"picked":"Conserve Battery","floor":12},{"not_picked":["Hologram","Stack","Rip and Tear"],"picked":"SKIP","floor":14},{"not_picked":["Hyperbeam","Fission"],"picked":"Electrodynamics","floor":16},{"not_picked":["Beam Cell","Gash","Reprogram+1"],"picked":"SKIP","floor":18},{"not_picked":["Compile Driver","Steam+1"],"picked":"Melter+1","floor":19},{"not_picked":["Rebound","BootSequence"],"picked":"Cold Snap+1","floor":24},{"not_picked":["Barrage","Loop","Go for the Eyes"],"picked":"SKIP","floor":27}],"player_experience":386060,"relics_obtained":[{"floor":9,"key":"Gremlin Horn"},{"floor":26,"key":"Ancient Tea Set"}],"event_choices":[{"damage_healed":0,"gold_gain":0,"cards_transformed":["Strike_B","Strike_B"],"player_choice":"Became Test Subject","damage_taken":0,"max_hp_gain":0,"max_hp_loss":0,"event_name":"Drug Dealer","floor":20,"gold_loss":0,"cards_obtained":["Seek","Multi-Cast"]},{"damage_healed":0,"gold_gain":0,"player_choice":"Ignored","damage_taken":0,"max_hp_gain":0,"max_hp_loss":0,"event_name":"Ghosts","floor":21,"gold_loss":0},{"cards_removed":["Defend_B"],"damage_healed":0,"gold_gain":0,"player_choice":"Upgrade and Remove","damage_taken":0,"max_hp_gain":0,"max_hp_loss":0,"event_name":"Designer","floor":22,"gold_loss":90,"cards_upgraded":["Defend_B"]}],"is_beta":false,"boss_relics":[{"not_picked":["Pandora\u0027s Box","Calling Bell"],"picked":"Inserter"}],"items_purged_floors":[5],"is_endless":false,"potions_floor_spawned":[2,7,8,10,12,16,19,27],"killed_by":"Snake Plant","ascension_level":9}