{"gold_per_floor":[118,118,128,36,49,77,77,94,94,111,146,169,169,94,94,190,190,210,226,226,242,242,242,267,267,321,338,349,380,380,400,400,505,505,523,523,537,537,548,582,582,614,667,667,683,697,697,290,290,290,290,290,0,29,29],"floor_reached":56,"playtime":13351,"items_purged":["Defend_G","Strike_G"],"score":1280,"play_id":"fecf8407-279f-49ad-8901-0c6d36db9565","local_time":"20190207225744","is_ascension_mode":true,"campfire_choices":[{"data":"Cloak And Dagger","floor":7,"key":"SMITH"},{"data":"Footwork","floor":13,"key":"SMITH"},{"data":"Backflip","floor":15,"key":"SMITH"},{"data":"Tools of the Trade","floor":23,"key":"SMITH"},{"data":"Envenom","floor":25,"key":"SMITH"},{"floor":30,"key":"REST"},{"data":"Well Laid Plans","floor":32,"key":"SMITH"},{"floor":44,"key":"REST"},{"floor":49,"key":"RECALL"},{"data":"Noxious Fumes","floor":52,"key":"SMITH"}],"neow_cost":"NONE","seed_source_timestamp":6046084407799,"circlet_count":0,"master_deck":["Defend_G","Defend_G","Defend_G","Strike_G","Strike_G","Strike_G","Survivor","Neutralize","Backflip+1","Cloak And Dagger+1","Bandage Up","Dash","Dash","Blade Dance","Footwork+1","Tools of the Trade+1","Crippling Poison+1","Corpse Explosion","Envenom+1","Well Laid Plans+1","Adrenaline","Backstab","Blur","Storm of Steel","Well Laid Plans+1","Madness","Madness","Noxious Fumes+1"],"relics":["Ring of the Snake","Incense Burner","Dead Branch","Letter Opener","Oddly Smooth Stone","Calling Bell","Du-Vu Doll","Dream Catcher","Ninja Scroll","Happy Flower","Boot","Juzu Bracelet","Lizard Tail","Bronze Scales","Paper Crane","Omamori","Bag of Preparation","Mango","Lantern"],"potions_floor_usage":[6,33,54,55],"damage_taken":[{"damage":8,"enemies":"Cultist","floor":1,"turns":4},{"damage":2,"enemies":"Jaw Worm","floor":3,"turns":4},{"damage":0,"enemies":"Small Slimes","floor":5,"turns":4},{"damage":6,"enemies":"3 Sentries","floor":6,"turns":16},{"damage":3,"enemies":"Exordium Wildlife","floor":8,"turns":4},{"damage":2,"enemies":"3 Louse","floor":10,"turns":3},{"damage":3,"enemies":"Lagavulin","floor":11,"turns":6},{"damage":10,"enemies":"The Guardian","floor":16,"turns":11},{"damage":3,"enemies":"Shell Parasite","floor":18,"turns":4},{"damage":7,"enemies":"Chosen","floor":19,"turns":4},{"damage":5,"enemies":"Snake Plant","floor":21,"turns":3},{"damage":12,"enemies":"Slavers","floor":24,"turns":4},{"damage":11,"enemies":"Centurion and Healer","floor":27,"turns":5},{"damage":9,"enemies":"Cultist and Chosen","floor":28,"turns":4},{"damage":22,"enemies":"Book of Stabbing","floor":29,"turns":6},{"damage":8,"enemies":"Snake Plant","floor":31,"turns":3},{"damage":24,"enemies":"Collector","floor":33,"turns":8},{"damage":1,"enemies":"Orb Walker","floor":35,"turns":3},{"damage":5,"enemies":"3 Shapes","floor":37,"turns":2},{"damage":0,"enemies":"Jaw Worm Horde","floor":39,"turns":3},{"damage":27,"enemies":"Nemesis","floor":40,"turns":7},{"damage":22,"enemies":"Giant Head","floor":42,"turns":6},{"damage":0,"enemies":"3 Darklings","floor":45,"turns":2},{"damage":7,"enemies":"Maw","floor":46,"turns":6},{"damage":18,"enemies":"Donu and Deca","floor":50,"turns":7},{"damage":57,"enemies":"Shield and Spear","floor":54,"turns":7},{"damage":77,"enemies":"The Heart","floor":55,"turns":11}],"seed_played":"1391049281885506927","potions_obtained":[{"floor":1,"key":"Fruit Juice"},{"floor":5,"key":"PowerPotion"},{"floor":6,"key":"Fire Potion"},{"floor":11,"key":"Block Potion"},{"floor":16,"key":"GhostInAJar"},{"floor":46,"key":"FearPotion"},{"floor":54,"key":"SmokeBomb"}],"is_trial":false,"path_per_floor":["M","?","M","$","M","E","R","M","T","M","E","T","R","$","R","B",null,"M","M","?","M","?","R","E","R","T","M","M","E","R","M","R","B",null,"M","?","M","?","M","E","?","E","T","R","M","M","?","$","R","B",null,"R","$","E","B",null],"character_chosen":"THE_SILENT","items_purchased":["Bandage Up","Noxious Fumes","Bag of Preparation","GhostInAJar","Mango"],"campfire_rested":2,"item_purchase_floors":[4,48,48,48,53],"current_hp_per_floor":[62,37,35,35,39,42,42,43,43,45,46,46,46,46,46,40,75,72,68,68,67,53,53,45,45,45,38,33,15,39,35,35,15,80,79,79,74,74,74,47,47,29,29,51,51,48,39,39,39,25,74,74,88,35,12],"gold":29,"neow_bonus":"REMOVE_CARD","is_prod":false,"is_daily":false,"chose_seed":false,"campfire_upgraded":7,"win_rate":0,"timestamp":1549598264,"path_taken":["M","?","M","?","M","E","R","M","T","M","E","?","R","?","R","BOSS","M","M","?","M","?","R","E","R","T","M","M","E","R","M","R","BOSS","M","?","M","?","M","E","?","E","T","R","M","M","?","$","R","BOSS","R","$","E","BOSS"],"build_version":"2019-01-23","purchased_purges":2,"victory":true,"max_hp_per_floor":[70,70,70,70,70,75,75,75,75,75,75,75,75,75,75,75,75,75,75,75,75,80,80,80,80,80,80,80,80,80,80,80,80,80,80,80,80,74,74,74,74,74,74,74,74,74,74,74,74,74,74,74,88,88,88],"card_choices":[{"not_picked":["Reflex","Slice"],"picked":"Backflip","floor":1},{"not_picked":["Dagger Throw","Outmaneuver"],"picked":"Cloak And Dagger","floor":3},{"not_picked":["Skewer","Poisoned Stab"],"picked":"Dash","floor":5},{"not_picked":["Slice","Blade Dance"],"picked":"Dash","floor":6},{"not_picked":["Flechettes","Poisoned Stab"],"picked":"Blade Dance","floor":8},{"not_picked":["Underhanded Strike","Catalyst","Finisher"],"picked":"SKIP","floor":10},{"not_picked":["Sucker Punch","Caltrops"],"picked":"Footwork","floor":11},{"not_picked":["Doppelganger","Unload"],"picked":"Tools of the Trade","floor":16},{"not_picked":["Prepared+1","Slice+1"],"picked":"Crippling Poison+1","floor":18},{"not_picked":["Crippling Poison+1","All Out Attack","Dodge and Roll"],"picked":"SKIP","floor":19},{"not_picked":["Crippling Poison+1","Bane+1","Outmaneuver"],"picked":"SKIP","floor":21},{"not_picked":["Dagger Spray","Finisher"],"picked":"Envenom","floor":24},{"not_picked":["Cloak And Dagger","Dodge and Roll+1"],"picked":"Well Laid Plans","floor":27},{"not_picked":["Prepared","Die Die Die","PiercingWail"],"picked":"SKIP","floor":28},{"not_picked":["Blade Dance","Flying Knee","Terror"],"picked":"SKIP","floor":29},{"not_picked":["Flechettes+1","Catalyst","Outmaneuver"],"picked":"SKIP","floor":31},{"not_picked":["Glass Knife","Burst"],"picked":"Adrenaline","floor":33},{"not_picked":["Slice+1","Deflect+1","Deadly Poison+1"],"picked":"SKIP","floor":35},{"not_picked":["Finisher+1","Flying Knee+1","Deflect+1"],"picked":"SKIP","floor":37},{"not_picked":["Underhanded Strike","Outmaneuver","PiercingWail"],"picked":"SKIP","floor":39},{"not_picked":["Reflex","Quick Slash+1","Skewer+1"],"picked":"SKIP","floor":40},{"not_picked":["Backflip+1","Deadly Poison+1"],"picked":"Backstab","floor":42},{"not_picked":["Choke+1","Poisoned Stab+1"],"picked":"Blur","floor":44},{"not_picked":["Poisoned Stab+1","PiercingWail+1"],"picked":"Storm of Steel","floor":45},{"not_picked":["Deflect","Caltrops+1"],"picked":"Well Laid Plans+1","floor":46},{"not_picked":["Masterful Stab+1","Caltrops","Outmaneuver+1"],"picked":"SKIP","floor":54}],"player_experience":93594,"relics_obtained":[{"floor":6,"key":"Dead Branch"},{"floor":11,"key":"Letter Opener"},{"floor":12,"key":"Oddly Smooth Stone"},{"floor":17,"key":"Du-Vu Doll"},{"floor":17,"key":"Dream Catcher"},{"floor":17,"key":"Ninja Scroll"},{"floor":24,"key":"Happy Flower"},{"floor":26,"key":"Boot"},{"floor":29,"key":"Juzu Bracelet"},{"floor":40,"key":"Bronze Scales"},{"floor":42,"key":"Paper Crane"},{"floor":43,"key":"Omamori"},{"floor":54,"key":"Lantern"}],"event_choices":[{"damage_healed":0,"gold_gain":0,"player_choice":"Success","damage_taken":25,"relics_obtained":["Incense Burner"],"max_hp_gain":0,"max_hp_loss":0,"event_name":"Scrap Ooze","floor":2,"gold_loss":0},{"damage_healed":0,"gold_gain":0,"player_choice":"Read","damage_taken":0,"max_hp_gain":0,"max_hp_loss":0,"event_name":"The Library","floor":20,"gold_loss":0,"cards_obtained":["Corpse Explosion"]},{"damage_healed":0,"gold_gain":0,"player_choice":"Shed Blood","damage_taken":19,"max_hp_gain":5,"max_hp_loss":0,"event_name":"Forgotten Altar","floor":22,"gold_loss":0},{"cards_removed":["Strike_G"],"damage_healed":0,"gold_gain":0,"player_choice":"Removed Attack","damage_taken":0,"max_hp_gain":0,"max_hp_loss":0,"event_name":"Falling","floor":36,"gold_loss":0},{"cards_removed":["Parasite","Regret","Parasite"],"damage_healed":0,"gold_gain":0,"player_choice":"Removed Curses","damage_taken":0,"max_hp_gain":0,"max_hp_loss":0,"event_name":"Fountain of Cleansing","floor":38,"gold_loss":0},{"damage_healed":0,"gold_gain":0,"player_choice":"Ignored","damage_taken":0,"max_hp_gain":0,"max_hp_loss":0,"event_name":"Mysterious Sphere","floor":41,"gold_loss":0},{"damage_healed":0,"gold_gain":0,"player_choice":"Embrace Madness","damage_taken":9,"max_hp_gain":0,"max_hp_loss":0,"event_name":"Winding Halls","floor":47,"gold_loss":0,"cards_obtained":["Madness","Madness"]}],"is_beta":false,"boss_relics":[{"not_picked":["Astrolabe","Coffee Dripper"],"picked":"Calling Bell"},{"not_picked":["Ring of the Serpent","Runic Dome"],"picked":"Lizard Tail"}],"items_purged_floors":[14,48],"is_endless":false,"potions_floor_spawned":[1,5,6,11,16,18,24,27,31,39,46,54],"ascension_level":1}