{"gold_per_floor":[19,32,48,68,82,82,102,102,125,125,25,25,44,57,57,152,152,152,152,152,152],"floor_reached":21,"playtime":1101,"items_purged":["Strike_R"],"score":219,"play_id":"1b285da7-d343-4b0e-8a9f-93619b729466","local_time":"20190211223553","is_ascension_mode":true,"campfire_choices":[{"data":"Rampage","floor":6,"key":"SMITH"},{"data":"Bash","floor":8,"key":"SMITH"},{"data":"Thunderclap","floor":10,"key":"SMITH"},{"data":"Thunderclap","floor":15,"key":"SMITH"}],"neow_cost":"NO_GOLD","seed_source_timestamp":816782100012537,"circlet_count":0,"master_deck":["Strike_R","Strike_R","Strike_R","Strike_R","Defend_R","Defend_R","Defend_R","Defend_R","Bash+1","Demon Form","Thunderclap+1","Rampage+1","Twin Strike","Headbutt+1","Warcry","Warcry","Havoc","Thunderclap+1","Fiend Fire","Barricade","Shrug It Off","Pain","True Grit"],"relics":["Burning Blood","Ancient Tea Set","Ectoplasm","WarpedTongs"],"potions_floor_usage":[13,16,20,21],"damage_taken":[{"damage":6,"enemies":"Cultist","floor":1,"turns":4},{"damage":9,"enemies":"2 Louse","floor":2,"turns":3},{"damage":0,"enemies":"Small Slimes","floor":3,"turns":3},{"damage":21,"enemies":"Blue Slaver","floor":4,"turns":3},{"damage":2,"enemies":"2 Fungi Beasts","floor":5,"turns":3},{"damage":12,"enemies":"Looter","floor":7,"turns":3},{"damage":4,"enemies":"Exordium Thugs","floor":13,"turns":4},{"damage":0,"enemies":"Lots of Slimes","floor":14,"turns":1},{"damage":54,"enemies":"Hexaghost","floor":16,"turns":9},{"damage":25,"enemies":"Shell Parasite","floor":18,"turns":4},{"damage":19,"enemies":"3 Byrds","floor":20,"turns":5},{"damage":42,"enemies":"Shelled Parasite and Fungi","floor":21,"turns":3}],"seed_played":"8008865111206666642","potions_obtained":[{"floor":1,"key":"AttackPotion"},{"floor":4,"key":"Weak Potion"},{"floor":5,"key":"SteroidPotion"},{"floor":7,"key":"Explosive Potion"},{"floor":13,"key":"Swift Potion"}],"is_trial":false,"path_per_floor":["M","M","M","M","M","R","M","R","T","R","$","?","M","M","R","B",null,"M","?","M","M"],"character_chosen":"IRONCLAD","items_purchased":["Havoc"],"campfire_rested":0,"item_purchase_floors":[11],"current_hp_per_floor":[80,77,80,65,69,69,63,63,63,63,63,63,65,71,71,23,66,47,47,34,0],"gold":152,"neow_bonus":"THREE_RARE_CARDS","is_prod":false,"is_daily":false,"chose_seed":false,"campfire_upgraded":4,"win_rate":0,"timestamp":1549953353,"path_taken":["M","M","?","M","?","R","M","R","T","R","$","?","?","M","R","BOSS","M","?","M","?"],"build_version":"2019-01-23","purchased_purges":1,"victory":false,"max_hp_per_floor":[80,80,80,80,80,80,80,80,80,80,80,80,80,80,80,80,80,80,80,80,80],"card_choices":[{"not_picked":["Reaper","Offering"],"picked":"Demon Form","floor":0},{"not_picked":["Searing Blow","Feel No Pain"],"picked":"Thunderclap","floor":1},{"not_picked":["True Grit","Pummel"],"picked":"Rampage","floor":2},{"not_picked":["Clothesline","Clash"],"picked":"Twin Strike","floor":3},{"not_picked":["Flame Barrier","Inflame"],"picked":"Headbutt","floor":4},{"not_picked":["Body Slam","Shrug It Off"],"picked":"Warcry","floor":5},{"not_picked":["Twin Strike","Armaments"],"picked":"Warcry","floor":7},{"not_picked":["Havoc","Rupture"],"picked":"Thunderclap","floor":13},{"not_picked":["Entrench","Flex"],"picked":"Fiend Fire","floor":14},{"not_picked":["Demon Form","Exhume"],"picked":"Barricade","floor":16},{"not_picked":["Evolve+1","Havoc"],"picked":"Shrug It Off","floor":18},{"not_picked":["Shrug It Off","Flex"],"picked":"True Grit","floor":20}],"player_experience":257044,"relics_obtained":[{"floor":9,"key":"Ancient Tea Set"}],"event_choices":[{"damage_healed":0,"gold_gain":0,"player_choice":"Upgraded","damage_taken":0,"max_hp_gain":0,"max_hp_loss":0,"event_name":"Upgrade Shrine","floor":12,"gold_loss":0,"cards_upgraded":["Headbutt"]},{"damage_healed":0,"gold_gain":0,"player_choice":"Rummage","damage_taken":0,"relics_obtained":["WarpedTongs"],"max_hp_gain":0,"max_hp_loss":0,"event_name":"Accursed Blacksmith","floor":19,"gold_loss":0,"cards_obtained":["Pain"]}],"is_beta":false,"boss_relics":[{"not_picked":["Snecko Eye","Coffee Dripper"],"picked":"Ectoplasm"}],"items_purged_floors":[11],"is_endless":false,"potions_floor_spawned":[1,4,5,7,13],"killed_by":"Shelled Parasite and Fungi","ascension_level":5}