{"gold_per_floor":[115,130,80,93,110,110,110,110,165,207,232,244,270,298,310,422,434,456,488,52,52],"floor_reached":21,"playtime":790,"items_purged":["Decay"],"score":238,"play_id":"dd658e76-759f-4023-9adb-9fab05805a16","local_time":"20190313114004","is_ascension_mode":true,"campfire_choices":[{"data":"Streamline","floor":6.0,"key":"SMITH"},{"data":"Auto Shields","floor":8.0,"key":"SMITH"},{"data":"Chill","floor":12.0,"key":"SMITH"},{"data":"Gash","floor":15.0,"key":"SMITH"}],"neow_cost":"NONE","seed_source_timestamp":390761368438532,"circlet_count":0,"master_deck":["Strike_B","Strike_B","Strike_B","Defend_B","Defend_B","Defend_B+1","Defend_B","Zap","Dualcast+1","FTL","Ball Lightning","Streamline+1","Auto Shields+1","Chill+1","Gash+1","Conserve Battery","Hologram","Reboot","Leap+1","Rebound","Gash","Flash of Steel"],"special_seed":0,"relics":["Cracked Core","Dream Catcher","MawBank","War Paint","Sozu","Ornamental Fan"],"potions_floor_usage":[18],"damage_taken":[{"damage":2.0,"enemies":"Jaw Worm","floor":1.0,"turns":4.0},{"damage":0.0,"enemies":"Small Slimes","floor":2.0,"turns":3.0},{"damage":0.0,"enemies":"Cultist","floor":4.0,"turns":3.0},{"damage":6.0,"enemies":"3 Louse","floor":5.0,"turns":3.0},{"damage":17.0,"enemies":"3 Sentries","floor":10.0,"turns":6.0},{"damage":0.0,"enemies":"Exordium Thugs","floor":11.0,"turns":3.0},{"damage":6.0,"enemies":"2 Fungi Beasts","floor":13.0,"turns":4.0},{"damage":4.0,"enemies":"Exordium Wildlife","floor":14.0,"turns":4.0},{"damage":15.0,"enemies":"Hexaghost","floor":16.0,"turns":11.0},{"damage":14,"enemies":"Shell Parasite","floor":18,"turns":4},{"damage":0,"enemies":"3 Byrds","floor":19,"turns":7},{"damage":57,"enemies":"Cultist and Chosen","floor":21,"turns":5}],"seed_played":"-1250799201132651951","potions_obtained":[{"floor":1.0,"key":"Ancient Potion"},{"floor":2.0,"key":"Ancient Potion"},{"floor":10.0,"key":"EssenceOfSteel"},{"floor":11.0,"key":"Block Potion"},{"floor":16.0,"key":"AttackPotion"}],"is_trial":false,"path_per_floor":["M","M","?","M","M","R","?","R","T","E","M","R","M","M","R","B",null,"M","M","$","M"],"character_chosen":"DEFECT","items_purchased":["Gash","Ornamental Fan","Flash of Steel"],"campfire_rested":0,"item_purchase_floors":[20,20,20],"current_hp_per_floor":[66,66,66,66,60,60,60,60,60,43,43,43,37,33,33,18,61,47,47,47,0],"gold":52,"neow_bonus":"RANDOM_COMMON_RELIC","is_prod":false,"is_daily":false,"chose_seed":false,"campfire_upgraded":4,"win_rate":0,"timestamp":1552495204,"path_taken":["M","M","?","M","M","R","?","R","T","E","?","R","M","M","R","BOSS","M","M","$","M"],"build_version":"2019-01-23","purchased_purges":1,"victory":false,"max_hp_per_floor":[75,75,75,75,75,75,75,75,75,75,75,75,75,75,75,75,75,75,75,75,75],"card_choices":[{"not_picked":["Barrage","Steam"],"picked":"FTL","floor":1.0},{"not_picked":["Compile Driver","Leap"],"picked":"Ball Lightning","floor":2.0},{"not_picked":["Compile Driver","Cold Snap"],"picked":"Streamline","floor":4.0},{"not_picked":["All For One","Undo"],"picked":"Auto Shields","floor":5.0},{"not_picked":["FTL","Thunder Strike"],"picked":"Chill","floor":10.0},{"not_picked":["Compile Driver","Redo"],"picked":"Gash","floor":11.0},{"not_picked":["Steam Power","Skim"],"picked":"Conserve Battery","floor":13.0},{"not_picked":["Conserve Battery","Compile Driver"],"picked":"Hologram","floor":14.0},{"not_picked":["Buffer","Electrodynamics"],"picked":"Reboot","floor":16.0},{"not_picked":["Defragment","Go for the Eyes"],"picked":"Leap+1","floor":18},{"not_picked":["Barrage+1","Cold Snap+1"],"picked":"Rebound","floor":19}],"player_experience":346416,"relics_obtained":[{"floor":9.0,"key":"MawBank"},{"floor":10.0,"key":"War Paint"}],"event_choices":[{"cards_removed":["Strike_B"],"damage_healed":0.0,"max_hp_gain":0.0,"max_hp_loss":0.0,"gold_gain":0.0,"event_name":"The Cleric","player_choice":"Card Removal","floor":3.0,"gold_loss":50.0,"damage_taken":0.0},{"damage_healed":0.0,"max_hp_gain":0.0,"max_hp_loss":0.0,"gold_gain":0.0,"event_name":"Wheel of Change","player_choice":"Cursed","floor":7.0,"gold_loss":0.0,"damage_taken":0.0,"cards_obtained":["Decay"]}],"is_beta":false,"boss_relics":[{"not_picked":["Ectoplasm","Black Star"],"picked":"Sozu"}],"items_purged_floors":[20],"is_endless":false,"potions_floor_spawned":[1,2,10,11,14,16,18],"killed_by":"Cultist and Chosen","ascension_level":6}