{"gold_per_floor":[365,222,242,242,258,258,290,290,290,290,316,336,336,336,336,434,434,422,422,422,422],"floor_reached":21,"playtime":720,"items_purged":["Defend_R"],"score":259,"play_id":"d7fad584-5eaf-47c5-bb6d-27e129912c96","local_time":"20180723122841","is_ascension_mode":true,"campfire_choices":[{"data":"True Grit","floor":6,"key":"SMITH"},{"data":"Iron Wave","floor":8,"key":"SMITH"},{"data":"Thunderclap","floor":15,"key":"SMITH"}],"neow_cost":"TEN_PERCENT_HP_LOSS","seed_source_timestamp":9021525102405,"circlet_count":0,"master_deck":["Strike_R","Defend_R","Defend_R","Bash","Cleave","Iron Wave+1","Flex","True Grit+1","Thunderclap+1","Barricade+1","Sentinel","Feed","Body Slam+1","Pummel+1","Bloodletting+1","Entrench+1","RitualDagger"],"relics":["Burning Blood","Frozen Egg 2","Mummified Hand","Smiling Mask","Pear","Astrolabe"],"potions_floor_usage":[11,16],"damage_taken":[{"damage":6,"enemies":"Cultist","floor":1,"turns":4},{"damage":2,"enemies":"Jaw Worm","floor":3,"turns":3},{"damage":0,"enemies":"2 Louse","floor":5,"turns":3},{"damage":34,"enemies":"Gremlin Nob","floor":7,"turns":5},{"damage":24,"enemies":"3 Sentries","floor":11,"turns":8},{"damage":18,"enemies":"Exordium Thugs","floor":12,"turns":5},{"damage":30,"enemies":"Hexaghost","floor":16,"turns":12},{"damage":35,"enemies":"2 Thieves","floor":18,"turns":4},{"damage":41,"enemies":"3 Byrds","floor":21,"turns":3}],"seed_played":"-2047036164139877212","potions_obtained":[{"floor":3,"key":"Regen Potion"},{"floor":12,"key":"SkillPotion"},{"floor":16,"key":"Strength Potion"}],"is_trial":false,"path_per_floor":["M","$","M","?","M","R","E","R","T","?","E","M","?","T","R","B",null,"M","?","?"],"character_chosen":"IRONCLAD","items_purchased":["Iron Wave","Flex"],"campfire_rested":0,"item_purchase_floors":[2,2],"current_hp_per_floor":[72,72,72,65,71,71,43,43,43,43,39,27,51,61,61,37,71,42,42,36,0],"gold":422,"neow_bonus":"TWO_FIFTY_GOLD","is_prod":false,"is_daily":false,"chose_seed":false,"campfire_upgraded":3,"win_rate":0,"timestamp":1532359721,"path_taken":["M","$","M","?","M","R","E","R","T","?","E","M","?","?","R","BOSS","M","?","?","M"],"build_version":"2018-07-19","purchased_purges":1,"victory":false,"max_hp_per_floor":[72,72,72,72,72,72,72,72,72,72,72,72,72,82,82,82,82,82,82,82,82],"card_choices":[{"not_picked":["Armaments","Headbutt"],"picked":"Cleave","floor":1},{"not_picked":["Warcry","Anger"],"picked":"True Grit","floor":3},{"not_picked":["Perfected Strike","Headbutt"],"picked":"Thunderclap","floor":5},{"not_picked":["Blood for Blood","Clothesline"],"picked":"Barricade","floor":7},{"not_picked":["Clothesline","Blood for Blood","Havoc"],"picked":"SKIP","floor":11},{"not_picked":["Shockwave","Pommel Strike"],"picked":"Sentinel","floor":12},{"not_picked":["Reaper","Exhume"],"picked":"Feed","floor":16},{"not_picked":["Infernal Blade","Ghostly Armor+1"],"picked":"Entrench+1","floor":18}],"player_experience":836920,"relics_obtained":[{"floor":7,"key":"Frozen Egg 2"},{"floor":9,"key":"Mummified Hand"},{"floor":11,"key":"Smiling Mask"},{"floor":14,"key":"Pear"}],"event_choices":[{"event_name":"Golden Wing","player_choice":"Card Removal","floor":4,"damage_taken":0},{"event_name":"Living Wall","player_choice":"Forget","floor":10,"damage_taken":0},{"event_name":"Big Fish","player_choice":"Banana","floor":13,"damage_taken":0},{"event_name":"Ghosts","player_choice":"Ignored","floor":19,"damage_taken":0},{"event_name":"Nest","player_choice":"Joined the Cult","floor":20,"damage_taken":0}],"is_beta":true,"boss_relics":[{"not_picked":["Black Blood","Velvet Choker"],"picked":"Astrolabe"}],"items_purged_floors":[2],"is_endless":false,"potions_floor_spawned":[3,12,16],"killed_by":"3 Byrds","ascension_level":8}