{"gold_per_floor":[18,28,28,28,28,28,49,82,129,31,52,52,70,70,70,200,200,213,231,131,131,6,42,42,65,118,142,165,165,178,277,277,277],"floor_reached":33,"playtime":2778,"items_purged":["Defend_G","Normality","Doubt"],"score":267,"play_id":"e0922bf6-12ad-4f30-9757-e7284fc3f826","local_time":"20180721154904","is_ascension_mode":false,"campfire_choices":[{"data":"Distraction","floor":6,"key":"SMITH"},{"data":"Dagger Spray","floor":12,"key":"SMITH"},{"floor":15,"key":"REST"},{"floor":24,"key":"REST"},{"data":"After Image","floor":29,"key":"SMITH"},{"floor":32,"key":"REST"}],"neow_cost":"NO_GOLD","seed_source_timestamp":90930014095200,"circlet_count":0,"master_deck":["Defend_G","Defend_G","Strike_G","Strike_G","Strike_G","Strike_G+1","Survivor","Neutralize+1","Distraction+1","Slice","Dagger Spray+1","Phantasmal Killer","Outmaneuver","Blur","Dagger Spray","After Image+1","Writhe","Caltrops","Flying Knee","Well Laid Plans","Prepared+1","All Out Attack+1","Escape Plan","Skewer"],"relics":["Ring of the Snake","Golden Idol","Whetstone","Lantern","Snake Skull","Calling Bell","Bronze Scales","Ninja Scroll","Nunchaku","Question Card","Strawberry"],"potions_floor_usage":[8,16,25,25,25,28,28,33,33,33],"damage_taken":[{"damage":0,"enemies":"Jaw Worm","floor":1,"turns":5},{"damage":0,"enemies":"Cultist","floor":2,"turns":4},{"damage":0,"enemies":"Small Slimes","floor":7,"turns":3},{"damage":11,"enemies":"3 Sentries","floor":8,"turns":5},{"damage":3,"enemies":"Blue Slaver","floor":11,"turns":4},{"damage":17,"enemies":"Exordium Thugs","floor":13,"turns":3},{"damage":31,"enemies":"Hexaghost","floor":16,"turns":11},{"damage":4,"enemies":"3 Byrds","floor":18,"turns":5},{"damage":22,"enemies":"2 Thieves","floor":19,"turns":3},{"damage":27,"enemies":"Gremlin Leader","floor":23,"turns":7},{"damage":4,"enemies":"Snecko","floor":25,"turns":4},{"damage":2,"enemies":"3 Cultists","floor":27,"turns":4},{"damage":11,"enemies":"Centurion and Healer","floor":28,"turns":6},{"damage":17,"enemies":"Cultist and Chosen","floor":30,"turns":5},{"damage":71,"enemies":"Collector","floor":33,"turns":7}],"seed_played":"-2256563319659225948","potions_obtained":[{"floor":1,"key":"GamblersBrew"},{"floor":7,"key":"Explosive Potion"},{"floor":8,"key":"GhostInAJar"},{"floor":13,"key":"Strength Potion"},{"floor":19,"key":"SkillPotion"},{"floor":23,"key":"EntropicBrew"},{"floor":28,"key":"Regen Potion"}],"is_trial":false,"path_per_floor":["M","M","?","?","T","R","M","E","T","$","M","R","M","$","R","B",null,"M","M","$","?","$","E","R","M","T","M","M","R","M","?","R"],"character_chosen":"THE_SILENT","items_purchased":["Outmaneuver"],"campfire_rested":3,"item_purchase_floors":[10],"current_hp_per_floor":[70,70,53,53,53,53,53,42,42,42,39,39,22,22,43,12,70,66,44,44,44,44,17,38,34,41,39,43,43,26,26,49,0],"gold":277,"neow_bonus":"REMOVE_TWO","is_prod":false,"is_daily":false,"chose_seed":false,"campfire_upgraded":3,"win_rate":0,"timestamp":1532213344,"path_taken":["M","M","?","?","?","R","M","E","T","?","M","R","?","?","R","BOSS","M","M","$","?","$","E","R","M","T","M","M","R","?","?","R","BOSS"],"build_version":"2018-07-19v2","purchased_purges":3,"victory":false,"max_hp_per_floor":[70,70,70,70,70,70,70,70,70,70,70,70,70,70,70,70,70,70,70,70,70,70,70,70,70,77,77,77,77,77,77,77,77],"card_choices":[{"not_picked":["Quick Slash","Choke"],"picked":"Distraction","floor":1},{"not_picked":["Footwork","Predator"],"picked":"Slice","floor":2},{"not_picked":["Sucker Punch","Blur"],"picked":"Dagger Spray","floor":7},{"not_picked":["Dagger Throw","Quick Slash"],"picked":"Phantasmal Killer","floor":8},{"not_picked":["Underhanded Strike","Acrobatics"],"picked":"Blur","floor":11},{"not_picked":["Quick Slash","Backflip"],"picked":"Dagger Spray","floor":13},{"not_picked":["Wraith Form v2","Unload"],"picked":"After Image","floor":16},{"not_picked":["Flying Knee","PiercingWail"],"picked":"Caltrops","floor":18},{"not_picked":["Underhanded Strike","Predator"],"picked":"Flying Knee","floor":19},{"not_picked":["Catalyst+1","Deadly Poison"],"picked":"Well Laid Plans","floor":23},{"not_picked":["Flying Knee+1","Caltrops","Terror"],"picked":"Prepared+1","floor":25},{"not_picked":["Dodge and Roll+1","Flying Knee","Eviscerate"],"picked":"All Out Attack+1","floor":27},{"not_picked":["Bane+1","Acrobatics+1","Underhanded Strike"],"picked":"Escape Plan","floor":28},{"not_picked":["Poisoned Stab","Outmaneuver","Acrobatics"],"picked":"Skewer","floor":30}],"player_experience":55658,"relics_obtained":[{"floor":5,"key":"Whetstone"},{"floor":8,"key":"Lantern"},{"floor":9,"key":"Snake Skull"},{"floor":17,"key":"Bronze Scales"},{"floor":17,"key":"Ninja Scroll"},{"floor":17,"key":"Nunchaku"},{"floor":23,"key":"Question Card"},{"floor":26,"key":"Strawberry"}],"event_choices":[{"event_name":"Golden Idol","player_choice":"Take Damage","floor":3,"damage_taken":0},{"event_name":"Living Wall","player_choice":"Forget","floor":4,"damage_taken":0},{"event_name":"Addict","player_choice":"Ignored","floor":21,"damage_taken":0},{"event_name":"Nest","player_choice":"Stole From Cult","floor":31,"damage_taken":0}],"is_beta":false,"boss_relics":[{"not_picked":["Runic Pyramid","Velvet Choker"],"picked":"Calling Bell"}],"items_purged_floors":[10,20,22],"is_endless":false,"potions_floor_spawned":[1,7,8,13,19,23,28],"killed_by":"Collector","ascension_level":0}