{"gold_per_floor":[112,187,199,229,229,229,256,268,337,239,253,272,16,16,16,120,120,130,130,116,41,59,59,59,59,59,59,79,92,103,53,53,156,156,176,176],"floor_reached":36,"playtime":2073,"items_purged":["Strike_R","Decay"],"score":389,"play_id":"ade6b8b2-9afb-4af5-a8fa-40f74eb8ab19","local_time":"20190310012004","is_ascension_mode":false,"campfire_choices":[{"data":"Bash","floor":6,"key":"SMITH"},{"data":"Disarm","floor":15,"key":"SMITH"},{"data":"Disarm","floor":23,"key":"SMITH"},{"data":"Armaments","floor":27,"key":"SMITH"},{"data":"Dual Wield","floor":32,"key":"SMITH"}],"neow_cost":"NONE","seed_source_timestamp":7442403874321,"circlet_count":0,"master_deck":["Defend_R","Defend_R","Defend_R","Defend_R","Bash+1","Clothesline","Pommel Strike","Headbutt","Armaments+1","Disarm+1","Demon Form","Disarm+1","Shrug It Off+1","Bite","Bite","Bite","Bite","Bite","Dual Wield+1","Reaper"],"relics":["Burning Blood","Smiling Mask","Tiny Chest","Oddly Smooth Stone","Kunai","Singing Bowl","Sozu","Bottled Flame","Question Card","Snecko Eye"],"potions_floor_usage":[7,16,28,36],"damage_taken":[{"damage":0,"enemies":"2 Louse","floor":1,"turns":3},{"damage":7,"enemies":"Jaw Worm","floor":3,"turns":4},{"damage":19,"enemies":"Lagavulin","floor":7,"turns":5},{"damage":0,"enemies":"Small Slimes","floor":8,"turns":3},{"damage":3,"enemies":"Exordium Wildlife","floor":11,"turns":5},{"damage":2,"enemies":"Looter","floor":12,"turns":3},{"damage":36,"enemies":"Hexaghost","floor":16,"turns":13},{"damage":0,"enemies":"3 Byrds","floor":18,"turns":8},{"damage":9,"enemies":"2 Thieves","floor":20,"turns":4},{"damage":19,"enemies":"Centurion and Healer","floor":22,"turns":8},{"damage":13,"enemies":"Chosen and Byrds","floor":28,"turns":8},{"damage":18,"enemies":"Cultist and Chosen","floor":29,"turns":8},{"damage":17,"enemies":"Centurion and Healer","floor":30,"turns":8},{"damage":51,"enemies":"Champ","floor":33,"turns":17},{"damage":14,"enemies":"Orb Walker","floor":35,"turns":4},{"damage":108,"enemies":"2 Orb Walkers","floor":36,"turns":6}],"seed_played":"-4697972674635989175","potions_obtained":[{"floor":3,"key":"EssenceOfSteel"},{"floor":8,"key":"AttackPotion"},{"floor":11,"key":"SpeedPotion"},{"floor":12,"key":"Poison Potion"}],"is_trial":false,"path_per_floor":["M","?","M","?","?","R","E","M","T","$","M","M","$","?","R","B",null,"M","?","M","$","M","R","?","T","T","R","M","M","M","$","R","B",null,"M","?"],"character_chosen":"IRONCLAD","items_purchased":["Armaments","Singing Bowl","Disarm"],"campfire_rested":0,"item_purchase_floors":[10,13,21],"current_hp_per_floor":[80,69,68,50,43,43,30,36,36,36,39,43,43,48,48,18,85,87,87,86,86,73,73,62,62,62,62,64,66,66,66,66,51,66,68,0],"gold":176,"neow_bonus":"RANDOM_COMMON_RELIC","is_prod":false,"is_daily":false,"chose_seed":false,"campfire_upgraded":5,"win_rate":0,"timestamp":1552198804,"path_taken":["M","?","M","?","?","R","E","?","T","$","M","M","$","?","R","BOSS","M","?","?","$","M","R","?","?","T","R","M","M","?","$","R","BOSS","M","?"],"build_version":"2019-01-23","purchased_purges":2,"victory":false,"max_hp_per_floor":[80,80,80,80,80,80,80,80,80,80,80,80,80,85,85,85,85,87,87,89,89,89,89,62,62,62,62,64,66,66,66,66,66,66,68,68],"card_choices":[{"not_picked":["Wild Strike","Pommel Strike"],"picked":"Clothesline","floor":1},{"not_picked":["Feel No Pain","Blood for Blood"],"picked":"Pommel Strike","floor":3},{"not_picked":["Dropkick","Evolve","Brutality"],"picked":"SKIP","floor":7},{"not_picked":["Sword Boomerang","Body Slam"],"picked":"Headbutt","floor":8},{"not_picked":["Havoc","Armaments","Power Through"],"picked":"SKIP","floor":11},{"not_picked":["Second Wind","Wild Strike"],"picked":"Disarm","floor":12},{"not_picked":["Dark Embrace","Juggernaut"],"picked":"Demon Form","floor":16},{"not_picked":["Flex","Clothesline","Whirlwind"],"picked":"Singing Bowl","floor":18},{"not_picked":["Iron Wave","Sentinel+1","Clothesline+1"],"picked":"Singing Bowl","floor":20},{"not_picked":["Pommel Strike","Brutality"],"picked":"Shrug It Off+1","floor":22},{"not_picked":["Headbutt","Twin Strike","Cleave","Armaments"],"picked":"Singing Bowl","floor":28},{"not_picked":["Clash+1","Heavy Blade+1","Havoc","Shrug It Off"],"picked":"Singing Bowl","floor":29},{"not_picked":["Sword Boomerang","Thunderclap+1","Twin Strike"],"picked":"Dual Wield","floor":30},{"not_picked":["Feed","Exhume","Berserk"],"picked":"Reaper","floor":33},{"not_picked":["Flex","Perfected Strike","Corruption+1","Rampage+1"],"picked":"Singing Bowl","floor":35}],"player_experience":566643,"relics_obtained":[{"floor":7,"key":"Oddly Smooth Stone"},{"floor":9,"key":"Kunai"},{"floor":25,"key":"Bottled Flame"},{"floor":26,"key":"Question Card"}],"event_choices":[{"damage_healed":0,"gold_gain":75,"player_choice":"Gather Gold","damage_taken":11,"max_hp_gain":0,"max_hp_loss":0,"event_name":"World of Goop","floor":2,"gold_loss":0},{"damage_healed":0,"gold_gain":0,"player_choice":"Success","damage_taken":18,"relics_obtained":["Tiny Chest"],"max_hp_gain":0,"max_hp_loss":0,"event_name":"Scrap Ooze","floor":4,"gold_loss":0},{"cards_removed":["Strike_R"],"damage_healed":0,"gold_gain":0,"player_choice":"Card Removal","damage_taken":7,"max_hp_gain":0,"max_hp_loss":0,"event_name":"Golden Wing","floor":5,"gold_loss":0},{"damage_healed":0,"gold_gain":0,"player_choice":"Donut","damage_taken":0,"max_hp_gain":5,"max_hp_loss":0,"event_name":"Big Fish","floor":14,"gold_loss":0},{"damage_healed":0,"gold_gain":0,"player_choice":"Cursed","damage_taken":0,"max_hp_gain":0,"max_hp_loss":0,"event_name":"Wheel of Change","floor":19,"gold_loss":0,"cards_obtained":["Decay"]},{"damage_healed":0,"gold_gain":0,"player_choice":"Became a vampire","damage_taken":0,"max_hp_gain":0,"max_hp_loss":27,"event_name":"Vampires","floor":24,"gold_loss":0,"cards_obtained":["Bite","Bite","Bite","Bite","Bite"]},{"damage_healed":0,"gold_gain":0,"player_choice":"Fight","damage_taken":0,"max_hp_gain":0,"max_hp_loss":0,"event_name":"Mysterious Sphere","floor":36,"gold_loss":0}],"is_beta":false,"boss_relics":[{"not_picked":["Philosopher\u0027s Stone","Runic Cube"],"picked":"Sozu"},{"not_picked":["Runic Pyramid","Orrery"],"picked":"Snecko Eye"}],"items_purged_floors":[10,31],"is_endless":false,"potions_floor_spawned":[3,8,11,12,20,22,30],"killed_by":"2 Orb Walkers","ascension_level":0}