{"path_per_floor":["M","?","$","M","$","R","E","M","T","?","?","R","M","M","R","B",null,"M","?","?","?","$","R","E","M","T","?","R","M","M","T","R"],"character_chosen":"THE_SILENT","items_purchased":["Dagger Throw","Tactician","Dash","Madness"],"gold_per_floor":[109,109,34,44,20,20,50,67,90,90,190,190,207,221,221,323,323,343,343,343,343,45,45,70,85,85,85,85,101,113,137,137],"floor_reached":33,"campfire_rested":5,"playtime":1480,"current_hp_per_floor":[63,70,70,70,70,70,19,19,19,16,16,37,32,28,49,9,55,52,36,36,36,36,57,26,19,19,19,40,36,34,34,55],"items_purged":["Strike_G"],"gold":137,"score":381,"play_id":"2ead9894-2226-4b8e-a666-23cfd9497806","is_prod":false,"is_daily":false,"is_ascension_mode":true,"campfire_upgraded":1,"path_taken":["M","?","?","M","$","R","E","M","T","?","?","R","M","M","R","BOSS","M","?","?","?","$","R","E","M","T","?","R","M","?","?","R","BOSS"],"build_version":"2018-02-22-PROD2","purchased_purges":1,"victory":false,"master_deck":["Defend_G+1","Defend_G+1","Defend_G+1","Defend_G+1","Defend_G+1","Strike_G+1","Strike_G+1","Strike_G+1","Survivor","Neutralize+1","Unload","Backstab","Dagger Throw","Flying Knee","PiercingWail","Terror","Noxious Fumes","Escape Plan","Dagger Spray","Unload","Flying Knee+1","Tactician","Dash","Madness","Doubt","Envenom","Prepared","Decay","Unload"],"max_hp_per_floor":[70,70,70,70,70,70,70,70,70,70,70,70,70,70,70,70,70,70,70,70,70,70,70,70,70,70,70,70,70,70,70,70],"relics":["Ring of the Snake","Bag of Marbles","Dream Catcher","Blood Vial","Cursed Key","Nilry\u0027s Codex","Matryoshka","Bag of Preparation","Tingsha","Vajra","Happy Flower"],"card_choices":[{"not_picked":["Masterful Stab","Deflect"],"picked":"Unload"},{"not_picked":["Poisoned Stab","Slice"],"picked":"Backstab"},{"not_picked":["Dagger Throw","Prepared"],"picked":"Flying Knee"},{"not_picked":["Prepared","Crippling Poison"],"picked":"PiercingWail"},{"not_picked":["Deadly Poison","Dagger Spray"],"picked":"Terror"},{"not_picked":["Heel Hook","Doppelganger"],"picked":"Noxious Fumes"},{"not_picked":["Deflect","Concentrate"],"picked":"Escape Plan"},{"not_picked":["Terror","Crippling Poison"],"picked":"Dagger Spray"},{"not_picked":["Corpse Explosion","Doppelganger"],"picked":"Unload"},{"not_picked":["Bane","Choke"],"picked":"Flying Knee"},{"not_picked":["Masterful Stab","Finisher"],"picked":"Prepared"},{"not_picked":["Underhanded Strike","Slice"],"picked":"Unload"}],"player_experience":342744,"potions_floor_usage":[7,16,16,29,33],"damage_taken":[{"damage":0,"enemies":"Small Slimes","floor":1,"turns":4},{"damage":0,"enemies":"Cultist","floor":4,"turns":4},{"damage":51,"enemies":"Lagavulin","floor":7,"turns":7},{"damage":0,"enemies":"2 Louse","floor":8,"turns":1},{"damage":7,"enemies":"Large Slime","floor":13,"turns":5},{"damage":6,"enemies":"Exordium Thugs","floor":14,"turns":3},{"damage":42,"enemies":"Slime Boss","floor":16,"turns":8},{"damage":5,"enemies":"Chosen","floor":18,"turns":4},{"damage":33,"enemies":"Book of Stabbing","floor":24,"turns":5},{"damage":9,"enemies":"3 Byrds","floor":25,"turns":5},{"damage":6,"enemies":"Snake Plant","floor":29,"turns":3},{"damage":4,"enemies":"Chosen and Byrds","floor":30,"turns":5},{"damage":61,"enemies":"Collector","floor":33,"turns":7}],"event_choices":[{"event_name":"Wheel of Change","player_choice":"Full Heal","floor":2,"damage_taken":0},{"event_name":"Scrap Ooze","player_choice":"success","floor":10,"damage_taken":3},{"event_name":"Golden Shrine","player_choice":"Pray","floor":11,"damage_taken":0},{"event_name":"Cursed Tome","player_choice":"Obtained Book","floor":19,"damage_taken":0},{"event_name":"Drug Dealer","player_choice":"Ignored","floor":20,"damage_taken":0},{"event_name":"Back to Basics","player_choice":"Simplicity","floor":21,"damage_taken":0},{"event_name":"Transmorgrifier","player_choice":"Transform","floor":27,"damage_taken":0}],"boss_relics":[{"not_picked":["Snecko Eye","Runic Dome"],"picked":"Cursed Key"}],"potions_floor_spawned":[1,13,14,30],"seed_played":"2557123123731063298","killed_by":"Collector","ascension_level":9,"is_trial":false}