{"gold_per_floor":[115,40,53,53,69,99,99,49,123,45,65,78,78,78,78,178,178,193,193,93,106,117,117,152,152,152,152,167,167,167,181,181,181],"floor_reached":33,"playtime":1001,"items_purged":["Defend_R","Bite"],"score":409,"play_id":"5319bc8d-6e29-4491-bc68-2bbe27455338","local_time":"20180728002711","is_ascension_mode":true,"campfire_choices":[{"data":"Fiend Fire","floor":7,"key":"SMITH"},{"floor":15,"key":"REST"},{"data":"Rampage","floor":23,"key":"SMITH"},{"data":"Dual Wield","floor":25,"key":"SMITH"},{"floor":27,"key":"REST"},{"data":"Sever Soul","floor":32,"key":"SMITH"}],"neow_cost":"NONE","seed_source_timestamp":46554555424769,"circlet_count":0,"master_deck":["Defend_R","Defend_R","Bash","Shrug It Off","Dual Wield+1","Fiend Fire+1","Rampage+1","Headbutt","Immolate","True Grit+1","Bite","Bite","Bite","Bite","Clash","Sever Soul+1"],"relics":["Black Blood","Bag of Marbles","Paper Frog","Mummified Hand","Girya","StoneCalendar"],"potions_floor_usage":[6,12,28],"damage_taken":[{"damage":6,"enemies":"Cultist","floor":1,"turns":3},{"damage":12,"enemies":"Jaw Worm","floor":3,"turns":2},{"damage":0,"enemies":"2 Louse","floor":5,"turns":3},{"damage":56,"enemies":"3 Sentries","floor":6,"turns":13},{"damage":0,"enemies":"Large Slime","floor":11,"turns":2},{"damage":21,"enemies":"Exordium Wildlife","floor":12,"turns":3},{"damage":41,"enemies":"Hexaghost","floor":16,"turns":9},{"damage":22,"enemies":"2 Thieves","floor":18,"turns":3},{"damage":12,"enemies":"Chosen","floor":21,"turns":3},{"damage":24,"enemies":"Snake Plant","floor":22,"turns":2},{"damage":48,"enemies":"Gremlin Leader","floor":24,"turns":8},{"damage":22,"enemies":"Sentry and Sphere","floor":28,"turns":4},{"damage":20,"enemies":"Cultist and Chosen","floor":31,"turns":5},{"damage":46,"enemies":"Automaton","floor":33,"turns":6}],"seed_played":"-5589347161808287098","potions_obtained":[{"floor":1,"key":"Weak Potion"},{"floor":11,"key":"Fruit Juice"},{"floor":24,"key":"SteroidPotion"},{"floor":31,"key":"Block Potion"}],"is_trial":false,"path_per_floor":["M","$","M","$","M","E","R","?","T","$","M","M","T","?","R","B",null,"M","?","$","M","M","R","E","R","T","R","M","?","?","M","R"],"character_chosen":"IRONCLAD","items_purchased":["Rampage"],"campfire_rested":2,"item_purchase_floors":[10],"current_hp_per_floor":[72,72,66,66,72,22,22,22,22,22,28,18,18,18,43,8,66,54,54,54,58,44,44,16,16,16,33,23,42,42,40,40,0],"gold":181,"neow_bonus":"REMOVE_CARD","is_prod":false,"is_daily":false,"chose_seed":false,"campfire_upgraded":4,"win_rate":0,"timestamp":1532748431,"path_taken":["M","$","?","$","?","E","R","?","T","?","M","M","?","?","R","BOSS","M","?","$","M","M","R","E","R","T","R","M","?","?","M","R","BOSS"],"build_version":"2018-07-26","purchased_purges":2,"victory":false,"max_hp_per_floor":[80,80,80,80,80,80,80,80,80,80,80,85,85,85,85,85,85,85,59,59,59,59,59,59,59,59,59,59,59,59,59,59,59],"card_choices":[{"not_picked":["Pummel","Sword Boomerang"],"picked":"Shrug It Off","floor":1},{"not_picked":["Corruption","Heavy Blade"],"picked":"Dual Wield","floor":3},{"not_picked":["Combust","Corruption","Perfected Strike"],"picked":"SKIP","floor":5},{"not_picked":["Bloodletting","Brutality"],"picked":"Fiend Fire","floor":6},{"not_picked":["Cleave","Reckless Charge","True Grit"],"picked":"SKIP","floor":11},{"not_picked":["Reckless Charge","True Grit"],"picked":"Headbutt","floor":12},{"not_picked":["Impervious","Fiend Fire"],"picked":"Immolate","floor":16},{"not_picked":["Pummel","Evolve"],"picked":"True Grit+1","floor":18},{"not_picked":["Reckless Charge","Shrug It Off","True Grit+1"],"picked":"SKIP","floor":21},{"not_picked":["Anger+1","Iron Wave","Disarm+1"],"picked":"SKIP","floor":22},{"not_picked":["Perfected Strike","Cleave+1"],"picked":"Clash","floor":24},{"not_picked":["Dual Wield","Perfected Strike"],"picked":"Sever Soul","floor":28},{"not_picked":["Anger","Searing Blow+1","Reckless Charge+1"],"picked":"SKIP","floor":31}],"player_experience":849952,"relics_obtained":[{"floor":6,"key":"Bag of Marbles"},{"floor":9,"key":"Paper Frog"},{"floor":13,"key":"Mummified Hand"},{"floor":24,"key":"Girya"},{"floor":26,"key":"StoneCalendar"}],"event_choices":[{"event_name":"The Cleric","player_choice":"Card Removal","floor":8,"damage_taken":0},{"event_name":"Golden Idol","player_choice":"Ignored","floor":14,"damage_taken":0},{"event_name":"Vampires","player_choice":"Became a vampire","floor":19,"damage_taken":0},{"event_name":"The Library","player_choice":"Heal","floor":29,"damage_taken":0},{"event_name":"Ghosts","player_choice":"Ignored","floor":30,"damage_taken":0}],"is_beta":true,"boss_relics":[{"not_picked":["Calling Bell","Busted Crown"],"picked":"Black Blood"}],"items_purged_floors":[2,20],"is_endless":false,"potions_floor_spawned":[1,11,24,31],"killed_by":"Automaton","ascension_level":9}