{"path_per_floor":["M","?","?","?","$","R","E","M","T","R","M","$","?","M","R","B",null,"M","M","$","?","M","R"],"character_chosen":"DEFECT","items_purchased":["Go for the Eyes","Beam Cell","Echo Form"],"gold_per_floor":[110,110,110,110,12,12,40,59,59,59,79,33,33,48,48,143,173,183,199,47,47,60,60,60],"floor_reached":24,"campfire_rested":0,"playtime":1395,"current_hp_per_floor":[75,68,53,50,50,50,50,50,50,50,50,50,60,60,60,52,90,78,78,78,78,61,61,0],"items_purged":["Strike_B"],"gold":60,"score":255,"play_id":"8d03a6c7-12cb-4b7d-8a01-8f22fe1c17d7","local_time":"20180430163540","is_prod":false,"is_daily":false,"chose_seed":false,"is_ascension_mode":true,"campfire_upgraded":4,"timestamp":1525116940,"path_taken":["M","?","?","?","$","R","E","M","T","R","?","$","?","M","R","BOSS","M","?","$","?","M","R","E"],"build_version":"2018-04-27v3","seed_source_timestamp":0,"purchased_purges":1,"victory":false,"master_deck":["Strike_B","Strike_B","Defend_B+1","Defend_B+1","Defend_B","Defend_B","Zap+1","Dualcast+1","Go for the Eyes+1","Loop+1","Tempest","Glacier","Beam Cell","Regret","Axe Kick","Amplify","Heatsinks","Ball Lightning","Echo Form+1","Flux Capacitor+1"],"max_hp_per_floor":[75,75,75,75,75,75,75,75,75,75,75,75,85,85,85,85,90,90,90,90,90,90,90,90],"relics":["Cracked Core","NeowsBlessing","Regal Pillow","Bag of Marbles","Centennial Puzzle","Pear","Tiny House"],"card_choices":[{"not_picked":["Turbo","Buffer"],"picked":"Loop","floor":7.0},{"not_picked":["Reprogram","Force Field"],"picked":"Tempest","floor":8.0},{"not_picked":["Coolheaded","Stack"],"picked":"Glacier","floor":11.0},{"not_picked":["Beam Cell","Skim"],"picked":"Axe Kick","floor":14.0},{"not_picked":["Multi-Cast","Prime"],"picked":"Amplify","floor":16},{"not_picked":["Cold Snap","Sweeping Beam"],"picked":"Heatsinks","floor":17},{"not_picked":["Glacier","Skim"],"picked":"Ball Lightning","floor":19},{"not_picked":["Heatsinks","Tempest"],"picked":"Flux Capacitor","floor":22}],"player_experience":778580,"potions_floor_usage":[16,18,18],"damage_taken":[{"damage":0.0,"enemies":"Cultist","floor":1.0,"turns":1.0},{"damage":0.0,"enemies":"Gremlin Nob","floor":7.0,"turns":1.0},{"damage":0.0,"enemies":"2 Louse","floor":8.0,"turns":2.0},{"damage":0.0,"enemies":"Small Slimes","floor":11.0,"turns":3.0},{"damage":0.0,"enemies":"Blue Slaver","floor":14.0,"turns":4.0},{"damage":8,"enemies":"The Guardian","floor":16,"turns":15},{"damage":12,"enemies":"2 Thieves","floor":18,"turns":5},{"damage":0,"enemies":"Shell Parasite","floor":19,"turns":13},{"damage":17,"enemies":"Centurion and Healer","floor":22,"turns":13},{"damage":70,"enemies":"Slavers","floor":24,"turns":5}],"event_choices":[{"event_name":"Golden Wing","player_choice":"Card Removal","floor":2.0,"damage_taken":0.0},{"event_name":"Shining Light","player_choice":"Entered Light","floor":3.0,"damage_taken":0.0},{"event_name":"Scrap Ooze","player_choice":"success","floor":4.0,"damage_taken":3.0},{"event_name":"Big Fish","player_choice":"Box","floor":13.0,"damage_taken":0.0},{"event_name":"Vampires","player_choice":"Ignored","floor":21,"damage_taken":0}],"boss_relics":[{"not_picked":["Runic Pyramid","Eternal Feather"],"picked":"Tiny House"}],"potions_floor_spawned":[8,16],"seed_played":"-5616152158537491119","killed_by":"Slavers","ascension_level":1,"is_trial":false}