{"gold_per_floor":[113,113,131,56,75,75,75,75,100,118,118,134,134,159,159,256,256,267,267,279,279,179,179,211,211,236,246,246,275,275,288,288,393,393,407,407,427,165,88,119,136,161,227,249,288,320,344,356,368,380],"floor_reached":51,"playtime":3875,"items_purged":["Regret","Strike_B"],"score":1085,"play_id":"406773e9-062c-41e0-a005-101a2e943278","local_time":"20190309132858","is_ascension_mode":true,"campfire_choices":[{"data":"Loop","floor":6,"key":"SMITH"},{"data":"Zap","floor":8,"key":"SMITH"},{"data":"Chill","floor":11,"key":"SMITH"},{"data":"Defend_B","floor":15,"key":"SMITH"},{"floor":23,"key":"REST"},{"data":"Hologram","floor":25,"key":"SMITH"},{"floor":30,"key":"REST"},{"data":"Conserve Battery","floor":32,"key":"SMITH"},{"data":"Conserve Battery","floor":49,"key":"SMITH"}],"neow_cost":"NONE","seed_source_timestamp":486564889985300,"circlet_count":0,"master_deck":["Defend_B+1","Defend_B","Defend_B","Zap+1","Dualcast","Loop+1","BootSequence","Reboot","Capacitor","Chill+1","Rebound+1","Ball Lightning","Electrodynamics+1","Buffer+1","Barrage+1","Melter+1","Discovery","Hologram+1","Conserve Battery+1","Creative AI+1","FTL+1","Cold Snap+1","Conserve Battery+1","Machine Learning+1","Beam Cell+1","Defragment+1","Loop+1","Barrage+1","Defragment+1","Chill","Conserve Battery+1"],"relics":["Cracked Core","Meat on the Bone","Dream Catcher","Frozen Egg 2","Lizard Tail","Incense Burner","Ornamental Fan","Strawberry","Bottled Tornado","Pantograph","Black Star","Runic Capacitor","Bronze Scales","Ice Cream","MawBank","Bag of Preparation","Lantern","Singing Bowl","Whetstone"],"potions_floor_usage":[16,24,33,50,50],"damage_taken":[{"damage":7,"enemies":"Small Slimes","floor":1,"turns":4},{"damage":1,"enemies":"Jaw Worm","floor":3,"turns":3},{"damage":0,"enemies":"2 Louse","floor":5,"turns":2},{"damage":18,"enemies":"Exordium Thugs","floor":10,"turns":5},{"damage":7,"enemies":"Lots of Slimes","floor":12,"turns":6},{"damage":6,"enemies":"3 Sentries","floor":14,"turns":7},{"damage":0,"enemies":"Slime Boss","floor":16,"turns":5},{"damage":16,"enemies":"3 Byrds","floor":18,"turns":4},{"damage":11,"enemies":"Spheric Guardian","floor":20,"turns":4},{"damage":2,"enemies":"Gremlin Leader","floor":24,"turns":6},{"damage":7,"enemies":"Snake Plant","floor":27,"turns":4},{"damage":29,"enemies":"Book of Stabbing","floor":29,"turns":5},{"damage":13,"enemies":"Cultist and Chosen","floor":31,"turns":4},{"damage":31,"enemies":"Collector","floor":33,"turns":9},{"damage":11,"enemies":"3 Darklings","floor":35,"turns":4},{"damage":0,"enemies":"3 Shapes","floor":37,"turns":4},{"damage":21,"enemies":"Reptomancer","floor":40,"turns":6},{"damage":6,"enemies":"Spire Growth","floor":41,"turns":4},{"damage":10,"enemies":"Giant Head","floor":42,"turns":7},{"damage":0,"enemies":"4 Shapes","floor":44,"turns":2},{"damage":31,"enemies":"Nemesis","floor":45,"turns":5},{"damage":0,"enemies":"Jaw Worm Horde","floor":46,"turns":3},{"damage":0,"enemies":"Sphere and 2 Shapes","floor":47,"turns":3},{"damage":23,"enemies":"Awakened One","floor":50,"turns":9}],"seed_played":"-7225502386091840686","potions_obtained":[{"floor":5,"key":"Energy Potion"},{"floor":10,"key":"Swift Potion"},{"floor":14,"key":"Dexterity Potion"},{"floor":24,"key":"SteroidPotion"},{"floor":27,"key":"FocusPotion"},{"floor":31,"key":"SpeedPotion"},{"floor":35,"key":"Swift Potion"},{"floor":37,"key":"Swift Potion"},{"floor":46,"key":"Strength Potion"}],"is_trial":false,"path_per_floor":["M","?","M","$","M","R","?","R","T","M","R","M","?","E","R","B",null,"M","?","M","?","$","R","E","R","T","M","T","E","R","M","R","B",null,"M","?","M","$","$","E","M","E","T","M","E","M","M","?","R","B",null],"character_chosen":"DEFECT","items_purchased":["Runic Capacitor","Static Discharge+1","Defragment+1"],"campfire_rested":2,"item_purchase_floors":[38,38,39],"current_hp_per_floor":[61,61,60,60,60,60,60,60,60,42,42,47,47,41,41,41,67,51,51,40,26,26,48,46,46,53,46,46,29,53,52,52,46,73,62,62,62,62,62,53,47,49,49,49,32,44,46,86,86,63],"gold":392,"neow_bonus":"TRANSFORM_CARD","is_prod":false,"is_daily":false,"chose_seed":false,"campfire_upgraded":7,"win_rate":0,"timestamp":1552166938,"path_taken":["M","?","M","$","M","R","?","R","T","M","R","M","?","E","R","BOSS","M","?","?","?","?","R","E","R","T","M","?","E","R","M","R","BOSS","M","?","M","?","$","E","M","E","T","M","E","?","M","?","R","BOSS"],"build_version":"2019-01-23","purchased_purges":2,"victory":true,"max_hp_per_floor":[75,75,75,75,75,75,75,75,75,75,75,75,75,75,75,75,75,75,75,75,75,75,75,75,75,82,82,82,82,82,82,82,82,82,82,82,82,82,82,82,82,82,82,82,84,84,86,86,86,86],"card_choices":[{"not_picked":["Steam","Beam Cell"],"picked":"BootSequence","floor":1},{"not_picked":["Steam","Beam Cell"],"picked":"Reboot","floor":3},{"not_picked":["Streamline","Barrage"],"picked":"Capacitor","floor":5},{"not_picked":["Compile Driver","Go for the Eyes"],"picked":"Rebound","floor":10},{"not_picked":["Reinforced Body","Biased Cognition"],"picked":"Ball Lightning","floor":12},{"not_picked":["Echo Form","Static Discharge"],"picked":"Electrodynamics","floor":14},{"not_picked":["Hyperbeam","All For One"],"picked":"Buffer+1","floor":16},{"not_picked":["Gash+1","Stack"],"picked":"Barrage+1","floor":18},{"not_picked":["Turbo","Conserve Battery"],"picked":"Melter+1","floor":20},{"not_picked":["Lockon","Force Field"],"picked":"Hologram","floor":23},{"not_picked":["Stack+1","Chill"],"picked":"Conserve Battery","floor":24},{"not_picked":["Steam","Heatsinks+1"],"picked":"Creative AI+1","floor":27},{"not_picked":["Recycle","Coolheaded"],"picked":"FTL+1","floor":29},{"not_picked":["Hologram","Stack"],"picked":"Cold Snap","floor":30},{"not_picked":["Steam","Streamline"],"picked":"Conserve Battery+1","floor":31},{"not_picked":["Meteor Strike","Reboot"],"picked":"Machine Learning+1","floor":33},{"not_picked":["Coolheaded+1","Compile Driver+1"],"picked":"Beam Cell+1","floor":35},{"not_picked":["Steam","Gash","Coolheaded"],"picked":"SKIP","floor":37},{"not_picked":["Turbo","Reprogram"],"picked":"Loop+1","floor":40},{"not_picked":["Recycle","Turbo+1"],"picked":"Barrage+1","floor":41},{"not_picked":["Melter","Loop+1"],"picked":"Defragment+1","floor":42},{"not_picked":["Streamline+1","Tempest"],"picked":"Chill","floor":44},{"not_picked":["Fusion","Streamline+1","Compile Driver+1"],"picked":"Singing Bowl","floor":45},{"not_picked":["Rebound+1","Sweeping Beam"],"picked":"Conserve Battery","floor":46},{"not_picked":["Fusion","Gash+1","Coolheaded"],"picked":"Singing Bowl","floor":47}],"player_experience":425617,"relics_obtained":[{"floor":9,"key":"Dream Catcher"},{"floor":14,"key":"Frozen Egg 2"},{"floor":24,"key":"Ornamental Fan"},{"floor":26,"key":"Strawberry"},{"floor":28,"key":"Bottled Tornado"},{"floor":29,"key":"Pantograph"},{"floor":40,"key":"Bronze Scales"},{"floor":40,"key":"Ice Cream"},{"floor":42,"key":"MawBank"},{"floor":42,"key":"Bag of Preparation"},{"floor":43,"key":"Lantern"},{"floor":45,"key":"Singing Bowl"},{"floor":45,"key":"Whetstone"}],"event_choices":[{"damage_healed":0,"gold_gain":0,"player_choice":"Box","damage_taken":0,"relics_obtained":["Meat on the Bone"],"max_hp_gain":0,"max_hp_loss":0,"event_name":"Big Fish","floor":2,"gold_loss":0,"cards_obtained":["Regret"]},{"damage_healed":0,"gold_gain":0,"cards_transformed":["Strike_B"],"player_choice":"Change","damage_taken":0,"max_hp_gain":0,"max_hp_loss":0,"event_name":"Living Wall","floor":7,"gold_loss":0,"cards_obtained":["Chill"]},{"cards_removed":["Strike_B"],"damage_healed":0,"gold_gain":0,"player_choice":"Purged","damage_taken":0,"max_hp_gain":0,"max_hp_loss":0,"event_name":"Purifier","floor":13,"gold_loss":0},{"damage_healed":0,"gold_gain":0,"player_choice":"Gave Potion","damage_taken":0,"relics_obtained":["Incense Burner"],"max_hp_gain":0,"max_hp_loss":0,"event_name":"WeMeetAgain","floor":19,"gold_loss":0},{"damage_healed":0,"gold_gain":0,"player_choice":"CARD ","damage_taken":14,"max_hp_gain":0,"max_hp_loss":0,"event_name":"Knowing Skull","floor":21,"potions_obtained":[],"gold_loss":0,"cards_obtained":["Discovery"]},{"cards_removed":["Defend_B"],"damage_healed":0,"gold_gain":0,"player_choice":"Card Removal","damage_taken":0,"max_hp_gain":0,"max_hp_loss":0,"event_name":"Wheel of Change","floor":36,"gold_loss":0},{"cards_removed":["Static Discharge"],"damage_healed":40,"gold_gain":0,"player_choice":"Offered Uncommon","damage_taken":0,"max_hp_gain":0,"max_hp_loss":0,"event_name":"Bonfire Elementals","floor":48,"gold_loss":0}],"is_beta":false,"boss_relics":[{"not_picked":["Fusion Hammer","White Beast Statue"],"picked":"Lizard Tail"},{"not_picked":["FrozenCore","Philosopher\u0027s Stone"],"picked":"Black Star"}],"items_purged_floors":[4,22],"is_endless":false,"potions_floor_spawned":[5,10,14,24,27,31,35,37,46,47],"ascension_level":8}