{"path_per_floor":["M","$","?","M","M","R","$","E","T","?","M","R","$","?","R","B",null,"M","M","?","?","?","R","M","M","T","M","$","?","$","?","R"],"character_chosen":"THE_SILENT","items_purchased":["Dash","Masterful Stab","Footwork","Apotheosis"],"gold_per_floor":[114,35,210,221,236,236,85,111,137,137,156,156,77,55,55,160,190,207,217,217,217,142,142,158,174,198,212,24,24,24,24,24],"floor_reached":33,"campfire_rested":2,"playtime":2272,"current_hp_per_floor":[57,57,57,57,55,55,55,38,38,24,24,45,45,45,45,2,58,45,38,38,38,38,38,43,38,45,38,38,38,38,38,55],"items_purged":["Doubt"],"gold":24,"score":366,"play_id":"f4232c30-adf3-42e9-8cf1-6a51d1f73e45","is_prod":false,"is_daily":false,"is_ascension_mode":true,"campfire_upgraded":3,"path_taken":["M","$","?","?","M","R","$","E","T","?","M","R","?","?","R","BOSS","M","M","?","?","?","R","M","M","T","M","$","?","$","?","R","BOSS"],"build_version":"2018-02-22-PROD2","purchased_purges":2,"victory":false,"master_deck":["Defend_G","Defend_G","Defend_G+1","Defend_G","Survivor","Neutralize+1","Sucker Punch","Dash","Bullet Time+1","Masterful Stab","Adrenaline+1","Dagger Throw","Footwork+1","A Thousand Cuts+1","Quick Slash","Bite","Bite","Bite","Bite","Infinite Blades","Heel Hook+1","Apotheosis","Decay"],"max_hp_per_floor":[70,70,70,70,70,70,70,70,70,70,70,70,70,70,70,70,75,75,75,52,52,52,52,52,52,59,59,59,59,59,59,59],"relics":["Ring of the Snake","Whetstone","Anchor","Tiny House","Strawberry"],"card_choices":[{"not_picked":["Escape Plan","Expertise"],"picked":"Sucker Punch"},{"not_picked":["Concentrate","Underhanded Strike"],"picked":"Bullet Time"},{"not_picked":["Caltrops","Accuracy"],"picked":"Adrenaline"},{"not_picked":["Flying Knee","Backflip"],"picked":"Dagger Throw"},{"not_picked":["Tactician","Envenom"],"picked":"A Thousand Cuts"},{"not_picked":["Slice","Poisoned Stab"],"picked":"Quick Slash"},{"not_picked":["Blade Dance","Cloak And Dagger"],"picked":"Infinite Blades"},{"not_picked":["Caltrops","Dagger Throw"],"picked":"Heel Hook"}],"player_experience":330931,"potions_floor_usage":[16,19,24,24,24,27],"damage_taken":[{"damage":6,"enemies":"Jaw Worm","floor":1,"turns":5},{"damage":0,"enemies":"Small Slimes","floor":4,"turns":4},{"damage":2,"enemies":"Cultist","floor":5,"turns":4},{"damage":17,"enemies":"3 Sentries","floor":8,"turns":12},{"damage":0,"enemies":"Looter","floor":11,"turns":2},{"damage":43,"enemies":"Hexaghost","floor":16,"turns":16},{"damage":13,"enemies":"3 Byrds","floor":18,"turns":5},{"damage":7,"enemies":"Shell Parasite","floor":19,"turns":9},{"damage":5,"enemies":"Snake Plant","floor":24,"turns":4},{"damage":17,"enemies":"Centurion and Healer","floor":25,"turns":6},{"damage":21,"enemies":"3 Cultists","floor":27,"turns":7},{"damage":63,"enemies":"Collector","floor":33,"turns":12}],"event_choices":[{"event_name":"Liars Game","player_choice":"agreed","floor":3,"damage_taken":0},{"event_name":"Shining Light","player_choice":"Entered Light","floor":10,"damage_taken":0},{"event_name":"World of Goop","player_choice":"Left","floor":14,"damage_taken":0},{"event_name":"Vampires","player_choice":"Became a vampire","floor":20,"damage_taken":0},{"event_name":"Back to Basics","player_choice":"Elegance","floor":21,"damage_taken":0},{"event_name":"Beggar","player_choice":"Gave Gold","floor":22,"damage_taken":0},{"event_name":"Cursed Tome","player_choice":"Ignored","floor":29,"damage_taken":0},{"event_name":"Forgotten Altar","player_choice":"Smashed Altar","floor":31,"damage_taken":0}],"boss_relics":[{"not_picked":["White Beast Statue","Orrery"],"picked":"Tiny House"}],"potions_floor_spawned":[1,4,5,8,19,25],"seed_played":"-4611323858637840116","killed_by":"Collector","ascension_level":8,"is_trial":false}