{"gold_per_floor":[114,129,109,209,224,224,239,239,239,269,284,284,384,399,399,499,499,514,529,529,304,54,54,69,69,144,144,144],"floor_reached":28,"playtime":2891,"items_purged":["Zap","Skim"],"score":268,"play_id":"f0adec61-e818-40b6-9d5c-85635fb6b6da","local_time":"20180708130440","daily_mods":["Insanity","Time Dilation","Binary"],"is_ascension_mode":false,"campfire_choices":[{"floor":6,"key":"REST"},{"data":"BootSequence","floor":8,"key":"SMITH"},{"data":"Turbo","floor":12,"key":"SMITH"},{"data":"Conserve Battery","floor":15,"key":"SMITH"},{"floor":27,"key":"REST"}],"neow_cost":"","seed_source_timestamp":0,"circlet_count":0,"master_deck":["Echo Form","Force Field","Hologram","Compile Driver","Force Field","Conserve Battery+1","Sunder","All For One","Ball Lightning","Steam Power","FTL","Rainbow","Seek","Glacier","Defragment","White Noise","Auto Shields","Buffer","Darkness","Reprogram","BootSequence+1","Chaos","Rainbow","Rip and Tear","Turbo+1","Leap","Dualcast","Defragment","Beam Cell","Turbo","Echo Form","Self Repair","Lockon","Hyperbeam","Consume","Defragment","Amplify","Genetic Algorithm","Rebound","Echo Form","Defend_B","Force Field","Hologram","Fusion","Storm","White Noise","Fusion","Consume","Streamline","Ball Lightning","Auto Shields","Redo","Creative AI","Beam Cell","Ball Lightning","Electrodynamics","FTL","Storm+1","Writhe"],"special_seed":17720,"relics":["Cracked Core","Blue Candle","Letter Opener","DataDisk","Singing Bowl","Oddly Smooth Stone","Gremlin Horn"],"potions_floor_usage":[24],"damage_taken":[{"damage":0,"enemies":"2 Louse","floor":1,"turns":2},{"damage":15,"enemies":"Cultist","floor":2,"turns":4},{"damage":6,"enemies":"Small Slimes","floor":5,"turns":3},{"damage":12,"enemies":"Looter","floor":7,"turns":4},{"damage":19,"enemies":"Lagavulin","floor":10,"turns":4},{"damage":0,"enemies":"Gremlin Gang","floor":11,"turns":4},{"damage":12,"enemies":"Blue Slaver","floor":14,"turns":3},{"damage":18,"enemies":"Slime Boss","floor":16,"turns":10},{"damage":27,"enemies":"2 Thieves","floor":18,"turns":3},{"damage":0,"enemies":"Chosen","floor":19,"turns":4},{"damage":25,"enemies":"Slaver and Parasite","floor":24,"turns":5},{"damage":57,"enemies":"Gremlin Leader","floor":28,"turns":5}],"seed_played":"5952392564398475268","potions_obtained":[{"floor":2,"key":"LiquidBronze"},{"floor":5,"key":"Weak Potion"},{"floor":7,"key":"FocusPotion"},{"floor":11,"key":"EssenceOfSteel"},{"floor":14,"key":"SkillPotion"},{"floor":24,"key":"Ancient Potion"}],"is_trial":false,"path_per_floor":["M","M","?","?","M","R","M","R","T","E","M","R","?","M","R","B",null,"M","M","?","$","$","?","M","$","T","R"],"character_chosen":"DEFECT","items_purchased":["DataDisk","Singing Bowl"],"campfire_rested":2,"item_purchase_floors":[21,22],"current_hp_per_floor":[75,60,60,60,61,75,70,70,70,58,65,65,65,60,60,49,75,48,48,48,48,48,48,32,32,32,55,0],"gold":144,"neow_bonus":"","is_prod":false,"is_daily":true,"chose_seed":false,"campfire_upgraded":3,"win_rate":0.0,"timestamp":1531080280,"path_taken":["M","M","?","?","?","R","M","R","T","E","M","R","?","M","R","BOSS","M","M","?","?","$","?","M","$","T","R","E"],"build_version":"2018-07-05","purchased_purges":2,"victory":false,"max_hp_per_floor":[75,75,75,75,75,75,75,75,75,75,75,75,75,75,75,75,75,75,75,75,75,75,75,77,77,77,77,77],"card_choices":[{"not_picked":["Gash"],"picked":"Streamline","floor":1},{"not_picked":["Chaos"],"picked":"Ball Lightning","floor":2},{"not_picked":["Turbo"],"picked":"Auto Shields","floor":5},{"not_picked":["Loop"],"picked":"Redo","floor":7},{"not_picked":["Scrape"],"picked":"Creative AI","floor":10},{"not_picked":["Chaos"],"picked":"Beam Cell","floor":11},{"not_picked":["Darkness","Ball Lightning"],"picked":"SKIP","floor":14},{"not_picked":["Darkness"],"picked":"Ball Lightning","floor":14},{"not_picked":["Buffer"],"picked":"Electrodynamics","floor":16},{"not_picked":["Tempest+1"],"picked":"FTL","floor":18},{"not_picked":["Compile Driver+1"],"picked":"Storm+1","floor":19},{"not_picked":["Static Discharge+1","Lockon"],"picked":"Singing Bowl","floor":24}],"player_experience":8364,"relics_obtained":[{"floor":9,"key":"Blue Candle"},{"floor":10,"key":"Letter Opener"},{"floor":26,"key":"Gremlin Horn"}],"event_choices":[{"event_name":"World of Goop","player_choice":"Left","floor":3,"damage_taken":0},{"event_name":"Golden Shrine","player_choice":"Pray","floor":4,"damage_taken":0},{"event_name":"Wheel of Change","player_choice":"Gold","floor":13,"damage_taken":0},{"event_name":"Drug Dealer","player_choice":"Ignored","floor":20,"damage_taken":0},{"event_name":"The Mausoleum","player_choice":"Yes","floor":23,"damage_taken":0}],"boss_relics":[{"not_picked":[]}],"items_purged_floors":[21,22],"is_endless":false,"potions_floor_spawned":[2,5,7,11,14,19,24],"killed_by":"Gremlin Leader","ascension_level":0}