{"gold_per_floor":[118,128,128,128,139,139,214,214,282,309,328,27,27,53,53,152,152,170,21,21,39,52,52,85,104,104,104],"floor_reached":27,"playtime":1088,"items_purged":["Strike_R","Strike_R"],"score":278,"play_id":"c60367d4-411b-4ff2-b56c-54bc25b1e085","local_time":"20190214093107","is_ascension_mode":true,"campfire_choices":[{"data":"Rampage","floor":6,"key":"SMITH"},{"data":"Clothesline","floor":8,"key":"SMITH"},{"data":"Armaments","floor":13,"key":"SMITH"},{"data":"Headbutt","floor":15,"key":"SMITH"},{"data":"Bash","floor":23,"key":"SMITH"}],"neow_cost":"NONE","seed_source_timestamp":35038541185989,"circlet_count":0,"master_deck":["Strike_R+1","Strike_R","Strike_R+1","Defend_R","Defend_R","Defend_R","Defend_R","Bash+1","Clothesline+1","Rampage+1","Thunderclap","Headbutt+1","Armaments+1","Bandage Up","True Grit+1","Cleave"],"relics":["Burning Blood","Frozen Egg 2","Singing Bowl","Bag of Preparation","Blood Vial","Mark of Pain","Molten Egg 2","Smiling Mask"],"potions_floor_usage":[14,14,21,27],"damage_taken":[{"damage":4,"enemies":"Small Slimes","floor":1,"turns":3},{"damage":7,"enemies":"2 Louse","floor":2,"turns":3},{"damage":3,"enemies":"Jaw Worm","floor":5,"turns":3},{"damage":26,"enemies":"Lagavulin","floor":10,"turns":5},{"damage":1,"enemies":"Exordium Wildlife","floor":11,"turns":3},{"damage":10,"enemies":"Gremlin Nob","floor":14,"turns":4},{"damage":16,"enemies":"Slime Boss","floor":16,"turns":8},{"damage":0,"enemies":"Chosen","floor":18,"turns":4},{"damage":13,"enemies":"2 Thieves","floor":21,"turns":4},{"damage":24,"enemies":"Centurion and Healer","floor":22,"turns":7},{"damage":48,"enemies":"Book of Stabbing","floor":24,"turns":7},{"damage":14,"enemies":"Snecko","floor":25,"turns":5},{"damage":70,"enemies":"Slavers","floor":27,"turns":5}],"seed_played":"8605532495252879977","potions_obtained":[{"floor":11,"key":"GamblersBrew"},{"floor":14,"key":"Fruit Juice"},{"floor":25,"key":"Dexterity Potion"}],"is_trial":false,"path_per_floor":["M","M","?","?","M","R","?","R","T","E","M","$","R","E","R","B",null,"M","$","?","M","M","R","E","M","T","E"],"character_chosen":"IRONCLAD","items_purchased":["Bag of Preparation","Bandage Up","Explosive Potion"],"campfire_rested":0,"item_purchase_floors":[12,12,19],"current_hp_per_floor":[88,87,69,74,77,77,66,66,66,46,51,51,51,58,58,58,102,102,102,102,99,91,91,57,59,59,0],"gold":104,"neow_bonus":"TEN_PERCENT_HP_BONUS","is_prod":false,"is_daily":false,"chose_seed":false,"campfire_upgraded":5,"win_rate":0,"timestamp":1550158267,"path_taken":["M","M","?","?","M","R","?","R","T","E","?","$","R","E","R","BOSS","M","$","?","M","?","R","E","?","T","E"],"build_version":"2019-01-23","purchased_purges":2,"victory":false,"max_hp_per_floor":[88,88,88,93,93,93,93,93,93,93,93,93,93,100,100,102,102,102,102,102,102,104,104,106,108,108,108],"card_choices":[{"not_picked":["Warcry","Rupture"],"picked":"Clothesline","floor":1},{"not_picked":["Anger","Intimidate"],"picked":"Rampage","floor":2},{"not_picked":["Flex","Sword Boomerang"],"picked":"Thunderclap","floor":5},{"not_picked":["Sword Boomerang","Heavy Blade"],"picked":"Headbutt","floor":10},{"not_picked":["Iron Wave","Warcry"],"picked":"Armaments","floor":11},{"not_picked":["Barricade+1","Perfected Strike","Blood for Blood"],"picked":"Singing Bowl","floor":14},{"not_picked":["Limit Break","Dark Embrace+1","Barricade+1"],"picked":"Singing Bowl","floor":16},{"not_picked":["Havoc","Armaments+1"],"picked":"True Grit+1","floor":18},{"not_picked":["Blood for Blood","Thunderclap"],"picked":"Cleave","floor":21},{"not_picked":["Iron Wave","Perfected Strike","Disarm"],"picked":"Singing Bowl","floor":22},{"not_picked":["Impervious","Intimidate","Wild Strike+1"],"picked":"Singing Bowl","floor":24},{"not_picked":["Clothesline+1","Armaments","Clash+1"],"picked":"Singing Bowl","floor":25}],"player_experience":164222,"relics_obtained":[{"floor":9,"key":"Frozen Egg 2"},{"floor":10,"key":"Singing Bowl"},{"floor":14,"key":"Blood Vial"},{"floor":24,"key":"Molten Egg 2"},{"floor":26,"key":"Smiling Mask"}],"event_choices":[{"damage_healed":0,"gold_gain":0,"player_choice":"Entered Light","damage_taken":18,"max_hp_gain":0,"max_hp_loss":0,"event_name":"Shining Light","floor":3,"gold_loss":0,"cards_upgraded":["Strike_R","Strike_R"]},{"damage_healed":0,"gold_gain":0,"player_choice":"Donut","damage_taken":0,"max_hp_gain":5,"max_hp_loss":0,"event_name":"Big Fish","floor":4,"gold_loss":0},{"damage_healed":0,"gold_gain":75,"player_choice":"Gather Gold","damage_taken":11,"max_hp_gain":0,"max_hp_loss":0,"event_name":"World of Goop","floor":7,"gold_loss":0},{"damage_healed":0,"gold_gain":0,"player_choice":"Ignored","damage_taken":0,"max_hp_gain":0,"max_hp_loss":0,"event_name":"Transmorgrifier","floor":20,"gold_loss":0}],"is_beta":false,"boss_relics":[{"not_picked":["White Beast Statue","Pandora\u0027s Box"],"picked":"Mark of Pain"}],"items_purged_floors":[12,19],"is_endless":false,"potions_floor_spawned":[11,14,25],"killed_by":"Slavers","ascension_level":1}