{"path_per_floor":["M","$","?","?","?","E","M","E","T","R","$","?","M","M","R","B",null,"M","?","M","M"],"character_chosen":"IRONCLAD","items_purchased":[],"gold_per_floor":[119,44,44,44,44,74,93,120,120,120,20,20,44,59,59,185,185,176,276,294,315],"floor_reached":22,"campfire_rested":0,"playtime":830,"current_hp_per_floor":[80,80,86,86,79,85,86,67,67,67,67,67,73,78,78,58,80,69,69,44,31],"items_purged":["Strike_R","Strike_R"],"gold":315,"score":252,"play_id":"d6a00b2d-29e7-4976-8292-216849946dc6","local_time":"20180305184726","is_prod":false,"is_daily":false,"is_ascension_mode":true,"campfire_upgraded":2,"timestamp":1520286446,"path_taken":["M","$","?","?","?","E","M","E","T","R","$","?","M","M","R","BOSS","M","?","?","M","M"],"build_version":"2018-03-01-PROD1","purchased_purges":2,"victory":false,"master_deck":["Strike_R","Strike_R","Strike_R","Defend_R","Defend_R","Defend_R","Defend_R","Bash","Armaments+1","Flex+1","Thunderclap","Twin Strike","Shrug It Off","Double Tap"],"max_hp_per_floor":[80,80,86,86,86,86,86,86,86,86,86,80,80,80,80,80,80,80,80,80,80],"relics":["Burning Blood","NeowsBlessing","Darkstone Periapt","Shuriken","Happy Flower","Mercury Hourglass","Golden Idol","Black Star"],"card_choices":[{"not_picked":["Wild Strike","Shrug It Off"],"picked":"Armaments"},{"not_picked":["Pommel Strike","Heavy Blade"],"picked":"Flex"},{"not_picked":["Berserk","Infernal Blade"],"picked":"Thunderclap"},{"not_picked":["Corruption","Battle Trance"],"picked":"Twin Strike"},{"not_picked":["Feel No Pain","Iron Wave"],"picked":"Shrug It Off"},{"not_picked":["Juggernaut","Bludgeon"],"picked":"Double Tap"}],"player_experience":442280,"potions_floor_usage":[8,16,16,22],"damage_taken":[{"damage":0,"enemies":"2 Louse","floor":1,"turns":1},{"damage":0,"enemies":"Lagavulin","floor":6,"turns":1},{"damage":0,"enemies":"Small Slimes","floor":7,"turns":1},{"damage":25,"enemies":"Gremlin Nob","floor":8,"turns":4},{"damage":0,"enemies":"Jaw Worm","floor":13,"turns":3},{"damage":1,"enemies":"Lots of Slimes","floor":14,"turns":2},{"damage":26,"enemies":"Slime Boss","floor":16,"turns":9},{"damage":17,"enemies":"2 Thieves","floor":18,"turns":4},{"damage":31,"enemies":"3 Byrds","floor":20,"turns":5},{"damage":19,"enemies":"3 Cultists","floor":21,"turns":5},{"damage":26,"enemies":"Snake Plant","floor":22,"turns":4}],"event_choices":[{"event_name":"Big Fish","player_choice":"Box","floor":3,"damage_taken":0},{"event_name":"The Cleric","player_choice":"Leave","floor":4,"damage_taken":0},{"event_name":"Golden Wing","player_choice":"Card Removal","floor":5,"damage_taken":0},{"event_name":"Golden Idol","player_choice":"Lose Max HP","floor":12,"damage_taken":0},{"event_name":"Golden Shrine","player_choice":"Pray","floor":19,"damage_taken":0}],"boss_relics":[{"not_picked":["Question Card","Philosopher\u0027s Stone"],"picked":"Black Star"}],"potions_floor_spawned":[6,8,14,21],"seed_played":"5009989280956894167","killed_by":"Snake Plant","ascension_level":3,"is_trial":false}