{"gold_per_floor":[112,112,126,53,65,93,104,104,104,29,57,132,151,162,162,261,261,281,29,43,43,0,0,31,50,102,121,131,42,54,67,67,169,169,187,137,156,171,182,202,0,0,0,0,0],"floor_reached":45,"playtime":2662,"items_purged":["Strike_B","Dualcast","Shame","Zap"],"score":476,"play_id":"95f88f60-0872-4553-b58b-b3af94b2f3b8","local_time":"20190315101509","is_ascension_mode":false,"campfire_choices":[{"floor":8,"key":"REST"},{"floor":15,"key":"REST"},{"data":"Scrape","floor":23,"key":"SMITH"},{"floor":32,"key":"REST"},{"floor":44,"key":"REST"}],"neow_cost":"NONE","seed_source_timestamp":157291817059500,"circlet_count":0,"master_deck":["Strike_B","Strike_B","Defend_B","Defend_B","Defend_B","Defend_B","Rebound","Scrape+1","Gash","Go for the Eyes","Gash","Gash","Machine Learning","Beam Cell","Coolheaded","White Noise","FTL","Buffer","Gash","FTL","Reprogram","Gash","All For One","Go for the Eyes","Gash","Reboot","Redo+1","Steam+1","Steam","Scrape+1","Beam Cell+1","Apotheosis"],"relics":["FrozenCore","Strawberry","Oddly Smooth Stone","Letter Opener","Orichalcum","Question Card","Bottled Lightning","Smiling Mask","Orrery","Red Mask","Bottled Tornado"],"potions_floor_usage":[16,16,24,27,27,31,31,33,38,40,45],"damage_taken":[{"damage":11,"enemies":"Jaw Worm","floor":1,"turns":2},{"damage":0,"enemies":"Small Slimes","floor":3,"turns":2},{"damage":2,"enemies":"2 Louse","floor":5,"turns":3},{"damage":54,"enemies":"Lagavulin","floor":6,"turns":7},{"damage":2,"enemies":"Blue Slaver","floor":7,"turns":3},{"damage":10,"enemies":"Gremlin Nob","floor":11,"turns":4},{"damage":0,"enemies":"3 Louse","floor":13,"turns":2},{"damage":9,"enemies":"Exordium Thugs","floor":14,"turns":3},{"damage":21,"enemies":"The Guardian","floor":16,"turns":8},{"damage":1,"enemies":"3 Byrds","floor":18,"turns":5},{"damage":0,"enemies":"Chosen","floor":20,"turns":4},{"damage":38,"enemies":"Book of Stabbing","floor":24,"turns":7},{"damage":8,"enemies":"Snecko","floor":25,"turns":8},{"damage":21,"enemies":"Snake Plant","floor":27,"turns":5},{"damage":2,"enemies":"Centurion and Healer","floor":28,"turns":6},{"damage":13,"enemies":"3 Cultists","floor":30,"turns":6},{"damage":0,"enemies":"Snecko","floor":31,"turns":5},{"damage":7,"enemies":"Champ","floor":33,"turns":9},{"damage":3,"enemies":"3 Darklings","floor":35,"turns":3},{"damage":1,"enemies":"Orb Walker","floor":37,"turns":3},{"damage":8,"enemies":"Maw","floor":38,"turns":6},{"damage":58,"enemies":"4 Shapes","floor":39,"turns":5},{"damage":10,"enemies":"Sphere and 2 Shapes","floor":40,"turns":4},{"damage":38,"enemies":"2 Orb Walkers","floor":45,"turns":4}],"seed_played":"-299375286201580199","potions_obtained":[{"floor":6,"key":"Ancient Potion"},{"floor":11,"key":"PowerPotion"},{"floor":13,"key":"SteroidPotion"},{"floor":16,"key":"Block Potion"},{"floor":24,"key":"SteroidPotion"},{"floor":25,"key":"Explosive Potion"},{"floor":30,"key":"Weak Potion"},{"floor":31,"key":"Ancient Potion"},{"floor":35,"key":"Weak Potion"},{"floor":37,"key":"Block Potion"},{"floor":39,"key":"EssenceOfSteel"}],"is_trial":false,"path_per_floor":["M","?","M","$","M","E","M","R","T","$","E","?","M","M","R","B",null,"M","$","M","?","?","R","E","M","T","M","M","$","M","M","R","B",null,"M","$","M","M","M","M","?","?","T","R","?"],"character_chosen":"DEFECT","items_purchased":["Scrape","Orichalcum","FTL"],"campfire_rested":4,"item_purchase_floors":[4,19,29],"current_hp_per_floor":[71,64,64,64,62,15,13,39,39,39,29,18,18,9,35,14,89,88,88,88,88,88,88,50,42,42,21,19,19,6,6,32,25,89,86,86,85,77,19,9,9,9,9,35,0],"gold":0,"neow_bonus":"TEN_PERCENT_HP_BONUS","is_prod":false,"is_daily":false,"chose_seed":false,"campfire_upgraded":1,"win_rate":0.0,"timestamp":1552666509,"path_taken":["M","?","M","$","M","E","M","R","T","$","E","?","M","M","R","BOSS","M","$","M","?","?","R","E","M","T","M","M","$","M","?","R","BOSS","M","$","M","M","M","M","?","?","T","R","?"],"build_version":"2019-01-23","purchased_purges":4,"victory":false,"max_hp_per_floor":[82,82,82,82,82,89,89,89,89,89,89,89,89,89,89,89,89,89,89,89,89,89,89,89,89,89,89,89,89,89,89,89,89,89,89,89,89,89,89,89,89,89,89,89,89],"card_choices":[{"not_picked":["Streamline","Compile Driver"],"picked":"Rebound","floor":1},{"not_picked":["Sweeping Beam","Sunder","Blizzard"],"picked":"SKIP","floor":3},{"not_picked":["Steam","Rebound"],"picked":"Gash","floor":5},{"not_picked":["Turbo","Hologram"],"picked":"Go for the Eyes","floor":6},{"not_picked":["Coolheaded","Buffer"],"picked":"Gash","floor":7},{"not_picked":["Sweeping Beam","Cold Snap","Tempest"],"picked":"SKIP","floor":11},{"not_picked":["Go for the Eyes","Sweeping Beam"],"picked":"Gash","floor":13},{"not_picked":["Ball Lightning","Stack","Capacitor"],"picked":"SKIP","floor":14},{"not_picked":["Creative AI","Seek"],"picked":"Machine Learning","floor":16},{"not_picked":["Ball Lightning","Compile Driver"],"picked":"Beam Cell","floor":18},{"not_picked":["Streamline","Sweeping Beam+1"],"picked":"Coolheaded","floor":20},{"not_picked":["Steam+1","Reprogram+1","Stack+1"],"picked":"White Noise","floor":24},{"not_picked":["Rainbow","Cold Snap+1","Recycle+1"],"picked":"FTL","floor":25},{"not_picked":["Barrage","Sweeping Beam","Stack"],"picked":"Buffer","floor":27},{"not_picked":["Steam","Conserve Battery+1","Sweeping Beam+1"],"picked":"Gash","floor":28},{"not_picked":["Turbo","Compile Driver","Recycle"],"picked":"Reprogram","floor":30},{"not_picked":["Hologram","Fusion","Turbo"],"picked":"Gash","floor":31},{"not_picked":["Thunder Strike","Amplify","Creative AI"],"picked":"All For One","floor":33},{"not_picked":["Conserve Battery+1","Lockon","Turbo"],"picked":"Go for the Eyes","floor":34},{"not_picked":["Blizzard","Skim","Steam+1"],"picked":"Gash","floor":34},{"not_picked":["Sweeping Beam","Hologram+1","Ball Lightning"],"picked":"Reboot","floor":34},{"not_picked":["Sweeping Beam","Undo+1","Beam Cell"],"picked":"Redo+1","floor":35},{"not_picked":["Compile Driver+1","Redo","Chaos+1"],"picked":"Steam+1","floor":37},{"not_picked":["Leap+1","Conserve Battery+1","Glacier+1"],"picked":"Steam","floor":38},{"not_picked":["Rebound","Turbo","Reinforced Body+1"],"picked":"Scrape+1","floor":39},{"not_picked":["Reinforced Body","Force Field+1","Tempest+1"],"picked":"Beam Cell+1","floor":40},{"not_picked":["Deep Breath","Purity","Good Instincts"],"picked":"Apotheosis","floor":42}],"player_experience":329641,"relics_obtained":[{"floor":6,"key":"Strawberry"},{"floor":9,"key":"Oddly Smooth Stone"},{"floor":11,"key":"Letter Opener"},{"floor":24,"key":"Bottled Lightning"},{"floor":26,"key":"Smiling Mask"},{"floor":43,"key":"Bottled Tornado"}],"event_choices":[{"cards_removed":["Strike_B"],"damage_healed":0,"gold_gain":0,"player_choice":"Card Removal","damage_taken":7,"max_hp_gain":0,"max_hp_loss":0,"event_name":"Golden Wing","floor":2,"gold_loss":0},{"damage_healed":0,"gold_gain":75,"player_choice":"Gather Gold","damage_taken":11,"max_hp_gain":0,"max_hp_loss":0,"event_name":"World of Goop","floor":12,"gold_loss":0},{"damage_healed":0,"gold_gain":0,"player_choice":"Stole Relic","damage_taken":0,"relics_obtained":["Question Card"],"max_hp_gain":0,"max_hp_loss":0,"event_name":"Addict","floor":21,"gold_loss":0,"cards_obtained":["Shame"]},{"damage_healed":0,"gold_gain":0,"player_choice":"Paid Fearfully","damage_taken":0,"max_hp_gain":0,"max_hp_loss":0,"event_name":"Masked Bandits","floor":22,"gold_loss":43},{"damage_healed":0,"gold_gain":0,"player_choice":"Paid","damage_taken":0,"relics_obtained":["Red Mask"],"max_hp_gain":0,"max_hp_loss":0,"event_name":"Tomb of Lord Red Mask","floor":41,"gold_loss":202},{"damage_healed":0,"gold_gain":0,"player_choice":"Memory 1","damage_taken":0,"max_hp_gain":0,"max_hp_loss":0,"event_name":"SensoryStone","floor":42,"gold_loss":0},{"damage_healed":0,"gold_gain":0,"player_choice":"Fight","damage_taken":0,"max_hp_gain":0,"max_hp_loss":0,"event_name":"Mysterious Sphere","floor":45,"gold_loss":0}],"is_beta":false,"boss_relics":[{"not_picked":["Tiny House","Runic Dome"],"picked":"FrozenCore"},{"not_picked":["Philosopher\u0027s Stone","Astrolabe"],"picked":"Orrery"}],"items_purged_floors":[10,19,29,36],"is_endless":false,"potions_floor_spawned":[6,11,13,16,24,25,30,31,35,37,39],"killed_by":"2 Orb Walkers","ascension_level":0}