{"path_per_floor":["M","M","?","M","M","R","M","R","T","R","E","?","?","$","R","B",null,"M","M","$"],"character_chosen":"IRONCLAD","items_purchased":["Madness","Flex"],"gold_per_floor":[109,124,199,219,239,239,259,259,310,310,335,585,585,405,405,500,500,516,531,377],"floor_reached":21,"campfire_rested":1,"playtime":919,"current_hp_per_floor":[80,71,60,60,52,52,42,66,66,66,62,62,62,62,62,54,80,66,47,47],"items_purged":["Strike_R","Defend_R"],"gold":377,"score":206,"play_id":"7d067af4-548d-44e7-be0a-e453e7499cd1","local_time":"20180305193955","is_prod":false,"is_daily":false,"is_ascension_mode":true,"campfire_upgraded":3,"timestamp":1520289595,"path_taken":["M","M","?","M","M","R","M","R","T","R","E","?","?","?","R","BOSS","M","M","$","M"],"build_version":"2018-03-01-PROD1","purchased_purges":2,"victory":false,"master_deck":["Strike_R","Strike_R","Strike_R","Strike_R","Defend_R","Defend_R","Defend_R","Bash","Armaments+1","Iron Wave+1","Madness+1","Feed","Headbutt+1","Rage+1","Flex"],"max_hp_per_floor":[80,80,80,80,80,80,80,80,80,80,80,80,80,80,80,80,80,83,86,86],"relics":["Burning Blood","Lantern","Ornamental Fan","Lizard Tail"],"card_choices":[{"not_picked":["Body Slam","True Grit"],"picked":"Armaments"},{"not_picked":["Warcry","Dropkick"],"picked":"Iron Wave"},{"not_picked":["Immolate","Impervious"],"picked":"Feed"},{"not_picked":["Warcry","Infernal Blade"],"picked":"Headbutt"},{"not_picked":["Searing Blow","Wild Strike"],"picked":"Rage"}],"player_experience":445182,"potions_floor_usage":[16,16,19],"damage_taken":[{"damage":1.0,"enemies":"Cultist","floor":1.0,"turns":3.0},{"damage":15.0,"enemies":"Small Slimes","floor":2.0,"turns":3.0},{"damage":6.0,"enemies":"2 Louse","floor":4.0,"turns":3.0},{"damage":14.0,"enemies":"Red Slaver","floor":5.0,"turns":5.0},{"damage":16.0,"enemies":"2 Fungi Beasts","floor":7.0,"turns":4.0},{"damage":10.0,"enemies":"3 Sentries","floor":11.0,"turns":10.0},{"damage":14,"enemies":"Hexaghost","floor":16,"turns":9},{"damage":23,"enemies":"Shell Parasite","floor":18,"turns":7},{"damage":28,"enemies":"Spheric Guardian","floor":19,"turns":6},{"damage":104,"enemies":"Snecko","floor":21,"turns":10}],"event_choices":[{"event_name":"World of Goop","player_choice":"Gather Gold","floor":3.0,"damage_taken":0.0},{"event_name":"Golden Shrine","player_choice":"Desecrate","floor":12,"damage_taken":0},{"event_name":"Fountain of Cleansing","player_choice":"Removed Curse","floor":13,"damage_taken":0}],"boss_relics":[{"not_picked":["Snecko Eye","Mark of Pain"],"picked":"Lizard Tail"}],"potions_floor_spawned":[2,5,7,11,18],"seed_played":"-5840903389792529213","killed_by":"Snecko","ascension_level":3,"is_trial":false}