{"gold_per_floor":[115,128,128,59,71,71,102,113,113,113,144,18,18,36,36,36],"floor_reached":16,"playtime":535,"items_purged":[],"score":141,"play_id":"f0efadd7-1b4c-4d66-a2c2-cd3c79fbc050","local_time":"20190216135129","is_ascension_mode":true,"campfire_choices":[{"data":"Offering","floor":6,"key":"SMITH"},{"data":"Armaments","floor":13,"key":"SMITH"},{"data":"Searing Blow","floor":15,"key":"SMITH"}],"neow_cost":"PERCENT_DAMAGE","seed_source_timestamp":107728769195263,"circlet_count":0,"master_deck":["Strike_R","Strike_R+1","Strike_R","Strike_R+1","Strike_R","Defend_R","Defend_R","Defend_R","Defend_R","Bash","Spot Weakness","Searing Blow+1","Offering+1","Perfected Strike","Shrug It Off","Sword Boomerang","Cleave","Flex","Armaments+1","Flame Barrier"],"relics":["Burning Blood","Meat on the Bone","Gremlin Horn","FaceOfCleric","Art of War"],"potions_floor_usage":[7,8,14],"damage_taken":[{"damage":1,"enemies":"Cultist","floor":1,"turns":3},{"damage":6,"enemies":"2 Louse","floor":2,"turns":2},{"damage":6,"enemies":"Small Slimes","floor":5,"turns":3},{"damage":27,"enemies":"Lagavulin","floor":7,"turns":4},{"damage":5,"enemies":"3 Louse","floor":8,"turns":3},{"damage":14,"enemies":"Gremlin Nob","floor":11,"turns":3},{"damage":11,"enemies":"Large Slime","floor":14,"turns":3},{"damage":60,"enemies":"The Guardian","floor":16,"turns":11}],"seed_played":"3484281412734741372","potions_obtained":[{"floor":1,"key":"AttackPotion"},{"floor":5,"key":"Fire Potion"},{"floor":7,"key":"BloodPotion"}],"is_trial":false,"path_per_floor":["M","M","?","$","M","R","E","M","T","?","E","$","R","M","R","B"],"character_chosen":"IRONCLAD","items_purchased":["Offering","Cleave","Flex","Armaments"],"campfire_rested":0,"item_purchase_floors":[4,12,12,12],"current_hp_per_floor":[77,77,58,58,58,58,37,59,59,59,64,64,64,60,60,0],"gold":36,"neow_bonus":"TWENTY_PERCENT_HP_BONUS","is_prod":false,"is_daily":false,"chose_seed":false,"campfire_upgraded":3,"win_rate":0,"timestamp":1550346689,"path_taken":["M","M","?","$","M","R","E","M","T","?","E","$","R","M","R","BOSS"],"build_version":"2019-01-23","purchased_purges":0,"victory":false,"max_hp_per_floor":[96,96,96,96,96,96,96,96,96,96,97,97,97,98,98,98],"card_choices":[{"not_picked":["Corruption","Clothesline"],"picked":"Spot Weakness","floor":1},{"not_picked":["Evolve","Intimidate"],"picked":"Searing Blow","floor":2},{"not_picked":["Power Through","Rampage"],"picked":"Perfected Strike","floor":5},{"not_picked":["Bloodletting","Iron Wave"],"picked":"Shrug It Off","floor":7},{"not_picked":["Entrench","Blood for Blood"],"picked":"Sword Boomerang","floor":8},{"not_picked":["Havoc","Seeing Red","Searing Blow"],"picked":"SKIP","floor":11},{"not_picked":["Seeing Red","Evolve"],"picked":"Flame Barrier","floor":14}],"player_experience":195868,"relics_obtained":[{"floor":7,"key":"Meat on the Bone"},{"floor":9,"key":"Gremlin Horn"},{"floor":11,"key":"Art of War"}],"event_choices":[{"damage_healed":0,"gold_gain":0,"player_choice":"Entered Light","damage_taken":19,"max_hp_gain":0,"max_hp_loss":0,"event_name":"Shining Light","floor":3,"gold_loss":0,"cards_upgraded":["Strike_R","Strike_R"]},{"damage_healed":0,"gold_gain":0,"player_choice":"Trade","damage_taken":0,"relics_obtained":["FaceOfCleric"],"max_hp_gain":0,"max_hp_loss":0,"event_name":"FaceTrader","floor":10,"gold_loss":0}],"is_beta":false,"boss_relics":[],"items_purged_floors":[],"is_endless":false,"potions_floor_spawned":[1,5,7],"killed_by":"The Guardian","ascension_level":1}