{"gold_per_floor":[116,116,132,143,156,156,185,185,238,266,266,286,297,49,49,148,148,148,148,148,1,1,1,1,1,1,1,1,1,1,1,1,1,1,1,1,1,1,1,1,1,1,1,1,1,1,1,1,1,1],"floor_reached":50,"playtime":2084,"items_purged":["Strike_B"],"score":620,"play_id":"ff86c261-8de0-4e85-9766-6b2fbf5fd542","local_time":"20190302190000","is_ascension_mode":true,"campfire_choices":[{"data":"Streamline","floor":6,"key":"SMITH"},{"data":"Creative AI","floor":8,"key":"SMITH"},{"data":"Hologram","floor":11,"key":"SMITH"},{"data":"Storm","floor":15,"key":"SMITH"},{"floor":25,"key":"REST"},{"data":"Defragment","floor":32,"key":"SMITH"},{"data":"Seek","floor":40,"key":"SMITH"},{"floor":45,"key":"REST"},{"data":"Double Energy","floor":49,"key":"SMITH"}],"neow_cost":"TEN_PERCENT_HP_LOSS","seed_source_timestamp":126123756884575,"circlet_count":0,"master_deck":["Zap","Dualcast","Hologram+1","Conserve Battery","Streamline+1","FTL","Creative AI+1","Undo","Storm+1","Defragment","Defragment","Leap","Core Surge","Defragment+1","Static Discharge","Rebound","Sweeping Beam","Zap","Amplify","Defragment+1","Seek+1","Turbo","Static Discharge","Chaos","Force Field","Double Energy+1","Beam Cell","Thunder Strike","Heatsinks+1","Defragment+1","Force Field","BootSequence","Thinking Ahead","Parasite"],"relics":["Cracked Core","Torii","CultistMask","Mummified Hand","Blood Vial","Dream Catcher","DollysMirror","Ectoplasm","Regal Pillow","Strawberry","DataDisk","Pandora\u0027s Box","Dead Branch","Juzu Bracelet"],"potions_floor_usage":[10,13,36,36,44],"damage_taken":[{"damage":1,"enemies":"Jaw Worm","floor":1,"turns":3},{"damage":2,"enemies":"Cultist","floor":3,"turns":4},{"damage":1,"enemies":"2 Louse","floor":4,"turns":3},{"damage":0,"enemies":"2 Fungi Beasts","floor":5,"turns":3},{"damage":21,"enemies":"Lagavulin","floor":7,"turns":7},{"damage":7,"enemies":"3 Sentries","floor":10,"turns":8},{"damage":1,"enemies":"Looter","floor":12,"turns":3},{"damage":2,"enemies":"Gremlin Gang","floor":13,"turns":4},{"damage":22,"enemies":"Slime Boss","floor":16,"turns":5},{"damage":1,"enemies":"Spheric Guardian","floor":18,"turns":3},{"damage":2,"enemies":"Shell Parasite","floor":19,"turns":5},{"damage":13,"enemies":"Sentry and Sphere","floor":22,"turns":4},{"damage":31,"enemies":"Slavers","floor":23,"turns":5},{"damage":7,"enemies":"Centurion and Healer","floor":27,"turns":5},{"damage":0,"enemies":"Chosen and Byrds","floor":28,"turns":3},{"damage":34,"enemies":"Book of Stabbing","floor":30,"turns":4},{"damage":1,"enemies":"3 Cultists","floor":31,"turns":3},{"damage":11,"enemies":"Automaton","floor":33,"turns":6},{"damage":19,"enemies":"3 Darklings","floor":35,"turns":3},{"damage":30,"enemies":"2 Orb Walkers","floor":36,"turns":3},{"damage":16,"enemies":"Orb Walker","floor":38,"turns":2},{"damage":0,"enemies":"Spire Growth","floor":39,"turns":3},{"damage":0,"enemies":"Sphere and 2 Shapes","floor":42,"turns":3},{"damage":19,"enemies":"Jaw Worm Horde","floor":44,"turns":2},{"damage":0,"enemies":"Writhing Mass","floor":48,"turns":2},{"damage":51,"enemies":"Time Eater","floor":50,"turns":4}],"seed_played":"7062255860850692829","potions_obtained":[{"floor":3,"key":"Ancient Potion"},{"floor":4,"key":"Regen Potion"},{"floor":10,"key":"PowerPotion"},{"floor":12,"key":"SpeedPotion"},{"floor":22,"key":"Explosive Potion"},{"floor":30,"key":"Fire Potion"},{"floor":33,"key":"AttackPotion"},{"floor":38,"key":"Weak Potion"},{"floor":42,"key":"Poison Potion"}],"is_trial":false,"path_per_floor":["M","?","M","M","M","R","E","R","T","E","R","M","M","$","R","B",null,"M","M","?","$","M","E","?","R","T","M","M","?","E","M","R","B",null,"M","?","?","M","M","R","$","M","T","M","R","T","?","M","R","B"],"character_chosen":"DEFECT","items_purchased":["DollysMirror","Leap","Defragment"],"campfire_rested":2,"item_purchase_floors":[14,14,21],"current_hp_per_floor":[67,67,65,64,64,64,43,43,43,53,53,54,54,54,54,34,68,67,66,54,54,43,14,14,50,57,52,54,54,22,23,23,14,80,61,33,33,19,21,21,21,23,23,6,45,45,45,47,47,0],"gold":1,"neow_bonus":"ONE_RARE_RELIC","is_prod":false,"is_daily":false,"chose_seed":false,"campfire_upgraded":7,"win_rate":0,"timestamp":1551574800,"path_taken":["M","?","?","M","?","R","E","R","T","E","R","M","M","$","R","BOSS","M","M","?","$","M","E","?","R","T","M","M","?","E","?","R","BOSS","M","?","?","M","?","R","?","M","T","M","R","?","?","M","R","BOSS"],"build_version":"2019-01-23","purchased_purges":1,"victory":false,"max_hp_per_floor":[68,68,68,68,68,68,68,68,68,68,68,68,68,68,68,68,68,68,68,73,73,73,73,73,73,80,80,80,80,80,80,80,80,80,80,80,80,80,80,80,80,80,80,80,80,80,80,80,80,80],"card_choices":[{"not_picked":["Go for the Eyes","Melter"],"picked":"Hologram","floor":1},{"not_picked":["Double Energy","Rebound"],"picked":"Conserve Battery","floor":3},{"not_picked":["Stack","Fusion"],"picked":"Streamline","floor":4},{"not_picked":["Sweeping Beam","Force Field"],"picked":"FTL","floor":5},{"not_picked":["Tempest","Loop"],"picked":"Creative AI","floor":7},{"not_picked":["Coolheaded","Redo"],"picked":"Undo","floor":10},{"not_picked":["Capacitor","Chill"],"picked":"Storm","floor":12},{"not_picked":["FTL","Go for the Eyes"],"picked":"Defragment","floor":13},{"not_picked":["Meteor Strike","Hyperbeam"],"picked":"Core Surge","floor":16},{"not_picked":["Reprogram","Gash","Skim"],"picked":"SKIP","floor":18},{"not_picked":["Conserve Battery","Ball Lightning","Redo"],"picked":"SKIP","floor":19},{"not_picked":["Beam Cell+1","Streamline"],"picked":"Static Discharge","floor":22},{"not_picked":["Beam Cell+1","Stack"],"picked":"Rebound","floor":23},{"not_picked":["Steam","Ball Lightning"],"picked":"Sweeping Beam","floor":27},{"not_picked":["Ball Lightning","Conserve Battery","Stack+1"],"picked":"SKIP","floor":28},{"not_picked":["Glacier","Capacitor"],"picked":"Amplify","floor":30},{"not_picked":["Capacitor","Gash"],"picked":"Defragment+1","floor":31},{"not_picked":["Multi-Cast","Machine Learning"],"picked":"Seek","floor":33},{"not_picked":["Compile Driver","Steam+1"],"picked":"Heatsinks+1","floor":35},{"not_picked":["Sweeping Beam","Steam"],"picked":"Defragment+1","floor":36},{"not_picked":["Scrape","Sweeping Beam+1","Coolheaded"],"picked":"SKIP","floor":38},{"not_picked":["Gash+1","Cold Snap+1","Reboot"],"picked":"SKIP","floor":39},{"not_picked":["Go for the Eyes+1","Streamline+1","Ball Lightning"],"picked":"SKIP","floor":42},{"not_picked":["Ball Lightning+1","Beam Cell","Coolheaded"],"picked":"SKIP","floor":44},{"not_picked":["Melter","Beam Cell"],"picked":"BootSequence","floor":45},{"not_picked":["Chrysalis","Forethought"],"picked":"Thinking Ahead","floor":47},{"not_picked":["Turbo+1","Redo","Coolheaded"],"picked":"SKIP","floor":48}],"player_experience":280440,"relics_obtained":[{"floor":7,"key":"Mummified Hand"},{"floor":9,"key":"Blood Vial"},{"floor":10,"key":"Dream Catcher"},{"floor":23,"key":"Regal Pillow"},{"floor":26,"key":"Strawberry"},{"floor":30,"key":"DataDisk"},{"floor":36,"key":"Dead Branch"},{"floor":43,"key":"Juzu Bracelet"}],"event_choices":[{"damage_healed":0,"gold_gain":0,"player_choice":"Trade","damage_taken":0,"relics_obtained":["CultistMask"],"max_hp_gain":0,"max_hp_loss":0,"event_name":"FaceTrader","floor":2,"gold_loss":0},{"damage_healed":0,"gold_gain":0,"player_choice":"Shed Blood","damage_taken":17,"max_hp_gain":5,"max_hp_loss":0,"event_name":"Forgotten Altar","floor":20,"gold_loss":0},{"damage_healed":0,"gold_gain":0,"player_choice":"Ignored","damage_taken":0,"max_hp_gain":0,"max_hp_loss":0,"event_name":"Beggar","floor":24,"gold_loss":0},{"damage_healed":0,"gold_gain":0,"player_choice":"1 cards matched","damage_taken":0,"max_hp_gain":0,"max_hp_loss":0,"event_name":"Match and Keep!","floor":29,"gold_loss":0,"cards_obtained":["Zap"]},{"damage_healed":0,"gold_gain":0,"player_choice":"Fight","damage_taken":0,"max_hp_gain":0,"max_hp_loss":0,"event_name":"Mysterious Sphere","floor":36,"gold_loss":0},{"damage_healed":0,"gold_gain":0,"player_choice":"1 cards matched","damage_taken":0,"max_hp_gain":0,"max_hp_loss":0,"event_name":"Match and Keep!","floor":37,"gold_loss":0,"cards_obtained":["Force Field"]},{"damage_healed":0,"gold_gain":0,"player_choice":"Memory 1","damage_taken":0,"max_hp_gain":0,"max_hp_loss":0,"event_name":"SensoryStone","floor":47,"gold_loss":0}],"is_beta":false,"boss_relics":[{"not_picked":["Empty Cage","White Beast Statue"],"picked":"Ectoplasm"},{"not_picked":["Velvet Choker","Busted Crown"],"picked":"Pandora\u0027s Box"}],"items_purged_floors":[21],"is_endless":false,"potions_floor_spawned":[3,4,10,12,22,23,27,30,33,35,38,42],"killed_by":"Time Eater","ascension_level":4}