{"gold_per_floor":[114,114,131,37,49,75,75,104,172,183,57,73,73,86,86,185,185,198,209,209,229,229,229,261,176,226,226,186,186,186],"floor_reached":30,"playtime":1405,"items_purged":["Strike_B"],"score":310,"play_id":"7ee950da-e2ee-4215-84ae-9fa970f52e63","local_time":"20190227235926","is_ascension_mode":true,"campfire_choices":[{"data":"Scrape","floor":7,"key":"SMITH"},{"floor":13,"key":"REST"},{"data":"Zap","floor":15,"key":"SMITH"},{"floor":23,"key":"REST"},{"data":"Hologram","floor":29,"key":"SMITH"}],"neow_cost":"NONE","seed_source_timestamp":82071611216569,"circlet_count":0,"master_deck":["Defend_B","Defend_B","Defend_B","Defend_B","Zap+1","Gash","BootSequence","Scrape+1","Hologram+1","Leap","Steam","FTL","Rebound","Gash","Steam","Buffer","Genetic Algorithm+1","Recycle+1","Streamline+1","Go for the Eyes","Chill","Beam Cell"],"relics":["Cracked Core","NeowsBlessing","Nunchaku","Bag of Preparation","Astrolabe","Dodecahedron","Anchor","Potion Belt"],"potions_floor_usage":[2,6,8,8,14,19,24,30,30],"damage_taken":[{"damage":0,"enemies":"Small Slimes","floor":1,"turns":1},{"damage":0,"enemies":"Cultist","floor":3,"turns":1},{"damage":0,"enemies":"2 Louse","floor":5,"turns":1},{"damage":26,"enemies":"3 Sentries","floor":6,"turns":9},{"damage":28,"enemies":"Gremlin Nob","floor":8,"turns":5},{"damage":5,"enemies":"2 Fungi Beasts","floor":10,"turns":4},{"damage":4,"enemies":"3 Louse","floor":12,"turns":3},{"damage":0,"enemies":"Gremlin Gang","floor":14,"turns":4},{"damage":49,"enemies":"Hexaghost","floor":16,"turns":10},{"damage":26,"enemies":"2 Thieves","floor":18,"turns":5},{"damage":10,"enemies":"Shell Parasite","floor":19,"turns":8},{"damage":19,"enemies":"Sentry and Sphere","floor":21,"turns":7},{"damage":21,"enemies":"Book of Stabbing","floor":24,"turns":6},{"damage":35,"enemies":"Snecko","floor":30,"turns":6}],"seed_played":"657922806034798380","potions_obtained":[{"floor":2,"key":"Fruit Juice"},{"floor":2,"key":"Ancient Potion"},{"floor":2,"key":"SmokeBomb"},{"floor":5,"key":"Energy Potion"},{"floor":6,"key":"Regen Potion"},{"floor":8,"key":"SteroidPotion"},{"floor":12,"key":"Poison Potion"},{"floor":16,"key":"Regen Potion"},{"floor":18,"key":"LiquidBronze"},{"floor":24,"key":"FearPotion"},{"floor":28,"key":"FearPotion"},{"floor":28,"key":"EssenceOfSteel"},{"floor":28,"key":"PowerPotion"}],"is_trial":false,"path_per_floor":["M","?","M","$","M","E","R","E","T","M","$","M","R","M","R","B",null,"M","M","?","M","?","R","E","?","T","?","?","R","M"],"character_chosen":"DEFECT","items_purchased":["Scrape","Hologram","Rebound"],"campfire_rested":2,"item_purchase_floors":[4,4,11],"current_hp_per_floor":[75,80,80,80,80,54,54,38,38,33,33,29,53,53,53,4,80,54,58,43,24,24,49,28,28,28,28,28,28,0],"gold":186,"neow_bonus":"THREE_ENEMY_KILL","is_prod":false,"is_daily":false,"chose_seed":false,"campfire_upgraded":3,"win_rate":0,"timestamp":1551333566,"path_taken":["M","?","M","$","M","E","R","E","T","?","$","M","R","M","R","BOSS","M","M","?","M","?","R","E","?","T","?","?","R","M"],"build_version":"2019-01-23","purchased_purges":1,"victory":false,"max_hp_per_floor":[75,80,80,80,80,80,80,80,80,80,80,80,80,80,80,80,80,80,80,85,85,85,85,85,85,85,85,85,85,85],"card_choices":[{"not_picked":["Redo","Barrage"],"picked":"Gash","floor":1},{"not_picked":["Cold Snap","Compile Driver"],"picked":"BootSequence","floor":3},{"not_picked":["Heatsinks","Lockon"],"picked":"Leap","floor":5},{"not_picked":["Lockon","Leap"],"picked":"Steam","floor":6},{"not_picked":["Rip and Tear","Reinforced Body","Hello World"],"picked":"SKIP","floor":8},{"not_picked":["Streamline","Redo"],"picked":"FTL","floor":10},{"not_picked":["Beam Cell","Lockon"],"picked":"Gash","floor":12},{"not_picked":["Fusion","Doom and Gloom"],"picked":"Steam","floor":14},{"not_picked":["Core Surge","Amplify"],"picked":"Buffer","floor":16},{"not_picked":["Storm","Fusion"],"picked":"Go for the Eyes","floor":18},{"not_picked":["Redo","Steam+1"],"picked":"Chill","floor":19},{"not_picked":["Double Energy+1","Redo"],"picked":"Beam Cell","floor":21},{"not_picked":["Hello World","Turbo","Conserve Battery+1"],"picked":"SKIP","floor":24}],"player_experience":267793,"relics_obtained":[{"floor":6,"key":"Nunchaku"},{"floor":8,"key":"Bag of Preparation"},{"floor":24,"key":"Dodecahedron"},{"floor":26,"key":"Potion Belt"}],"event_choices":[{"damage_healed":0,"gold_gain":0,"player_choice":"Got Potions","damage_taken":0,"max_hp_gain":0,"max_hp_loss":0,"event_name":"Lab","floor":2,"gold_loss":0},{"damage_healed":0,"gold_gain":0,"player_choice":"Shed Blood","damage_taken":20,"max_hp_gain":5,"max_hp_loss":0,"event_name":"Forgotten Altar","floor":20,"gold_loss":0},{"damage_healed":0,"gold_gain":0,"player_choice":"Ignored","damage_taken":0,"max_hp_gain":0,"max_hp_loss":0,"event_name":"Vampires","floor":22,"gold_loss":0},{"damage_healed":0,"gold_gain":0,"player_choice":"Obtained Relic","damage_taken":0,"relics_obtained":["Anchor"],"max_hp_gain":0,"max_hp_loss":0,"event_name":"Addict","floor":25,"gold_loss":85},{"cards_removed":["Dualcast"],"damage_healed":0,"gold_gain":0,"player_choice":"Elegance","damage_taken":0,"max_hp_gain":0,"max_hp_loss":0,"event_name":"Back to Basics","floor":27,"gold_loss":0},{"damage_healed":0,"gold_gain":0,"player_choice":"Bought 3 Potions","damage_taken":0,"max_hp_gain":0,"max_hp_loss":0,"event_name":"The Woman in Blue","floor":28,"gold_loss":0}],"is_beta":false,"boss_relics":[{"not_picked":["Snecko Eye","Sozu"],"picked":"Astrolabe"}],"items_purged_floors":[11],"is_endless":false,"potions_floor_spawned":[5,6,8,12,16,18,24],"killed_by":"Snecko","ascension_level":4}