{"gold_per_floor":[211,230,240,240,17,17,28,44,44,44,44,70,20,39,39,39],"floor_reached":16,"playtime":557,"items_purged":["Defend_R"],"score":163,"play_id":"34d71bb2-aa32-4168-bb6f-4ab75526ffe0","local_time":"20190124134645","is_ascension_mode":true,"campfire_choices":[{"data":"Rampage","floor":6,"key":"SMITH"},{"data":"Berserk","floor":11,"key":"SMITH"},{"floor":15,"key":"REST"}],"neow_cost":"NONE","seed_source_timestamp":7580456320160,"circlet_count":0,"master_deck":["AscendersBane","Strike_R","Strike_R","Strike_R","Strike_R","Strike_R","Defend_R","Defend_R","Bash","Shrug It Off","Rampage+1","Berserk+1","Armaments","Searing Blow"],"relics":["Burning Blood","Art of War","Bag of Marbles","Happy Flower","Singing Bowl"],"potions_floor_usage":[12,14,16],"damage_taken":[{"damage":11,"enemies":"Cultist","floor":1,"turns":4},{"damage":12,"enemies":"Small Slimes","floor":2,"turns":3},{"damage":12,"enemies":"Jaw Worm","floor":3,"turns":5},{"damage":9,"enemies":"2 Fungi Beasts","floor":7,"turns":4},{"damage":2,"enemies":"Red Slaver","floor":8,"turns":4},{"damage":28,"enemies":"Lagavulin","floor":12,"turns":5},{"damage":15,"enemies":"Large Slime","floor":14,"turns":7},{"damage":34,"enemies":"Hexaghost","floor":16,"turns":9}],"seed_played":"2840918714739856432","potions_obtained":[{"floor":7,"key":"EssenceOfSteel"},{"floor":12,"key":"Fire Potion"},{"floor":14,"key":"SteroidPotion"}],"is_trial":false,"path_per_floor":["M","M","M","?","$","R","M","M","T","$","R","E","?","M","R","B"],"character_chosen":"IRONCLAD","items_purchased":["Bag of Marbles"],"campfire_rested":1,"item_purchase_floors":[5],"current_hp_per_floor":[67,61,55,37,37,37,34,38,38,38,38,16,16,7,31,0],"gold":39,"neow_bonus":"HUNDRED_GOLD","is_prod":false,"is_daily":false,"chose_seed":false,"campfire_upgraded":2,"win_rate":0,"timestamp":1548344805,"path_taken":["M","M","?","?","$","R","M","M","T","?","R","E","?","M","R","BOSS"],"build_version":"2019-01-23","purchased_purges":1,"victory":false,"max_hp_per_floor":[80,80,80,80,80,80,80,80,80,80,80,80,80,80,80,80],"card_choices":[{"not_picked":["Sword Boomerang","Cleave"],"picked":"Shrug It Off","floor":1},{"not_picked":["Clash","Flex","Warcry"],"picked":"SKIP","floor":2},{"not_picked":["Shrug It Off","Evolve"],"picked":"Rampage","floor":3},{"not_picked":["Body Slam","Anger","Heavy Blade"],"picked":"SKIP","floor":7},{"not_picked":["Clash","Shrug It Off"],"picked":"Berserk","floor":8},{"not_picked":["Heavy Blade","Seeing Red"],"picked":"Armaments","floor":12},{"not_picked":["Disarm","Flame Barrier"],"picked":"Searing Blow","floor":14}],"player_experience":945874,"relics_obtained":[{"floor":9,"key":"Happy Flower"},{"floor":12,"key":"Singing Bowl"}],"event_choices":[{"damage_healed":0,"gold_gain":0,"player_choice":"Success","damage_taken":18,"relics_obtained":["Art of War"],"max_hp_gain":0,"max_hp_loss":0,"event_name":"Scrap Ooze","floor":4,"gold_loss":0},{"cards_removed":["Defend_R"],"damage_healed":0,"gold_gain":0,"player_choice":"Card Removal","damage_taken":0,"max_hp_gain":0,"max_hp_loss":0,"event_name":"The Cleric","floor":13,"gold_loss":50}],"is_beta":true,"boss_relics":[],"items_purged_floors":[5],"is_endless":false,"potions_floor_spawned":[7,12,14],"killed_by":"Hexaghost","ascension_level":12}