{"path_per_floor":["M","?","M","M","?","E","M","R","T","$","M","$","M","?","R","B",null,"M","$","T","?","M","R","E","M","T","R","M","?","M","$","R","B",null,"M","?","M","?","?","R","E","T","T","M","M","M","M","$","R"],"character_chosen":"IRONCLAD","items_purchased":["Flash of Steel","Shuriken","Finesse"],"gold_per_floor":[111,111,124,142,142,176,195,195,252,177,187,92,103,103,103,199,199,210,110,185,185,203,203,231,244,326,326,342,342,354,304,304,400,400,412,412,430,430,430,430,457,457,457,467,487,503,523,122,122],"floor_reached":50,"campfire_rested":5,"playtime":2613,"current_hp_per_floor":[58,58,58,57,54,18,15,36,36,36,42,42,30,30,51,35,72,42,42,42,42,51,51,20,14,14,38,33,33,14,14,40,28,90,72,60,51,51,51,51,45,45,45,27,29,31,24,24,54],"items_purged":["Defend_R","Strike_R","Defend_R","Strike_R"],"gold":122,"score":536,"play_id":"4ed76e5f-4b54-4a6c-a357-db71cedca1a7","local_time":"20180304135114","is_prod":false,"is_daily":false,"is_ascension_mode":true,"campfire_upgraded":1,"timestamp":1520182274,"path_taken":["M","?","M","M","?","E","M","R","T","$","?","$","M","?","R","BOSS","M","$","?","?","?","R","E","M","T","R","M","?","M","?","R","BOSS","M","?","M","?","?","R","E","?","T","M","M","M","M","$","R","BOSS"],"build_version":"2018-03-01-PROD1","purchased_purges":5,"victory":false,"master_deck":["Bash","Flex","Pommel Strike","Dropkick","Double Tap+1","Flash of Steel","Feed","Flash of Steel","Dual Wield+1","Madness","Madness","Rage","Finesse"],"max_hp_per_floor":[72,72,72,72,72,72,72,72,72,72,72,72,72,72,72,72,72,75,75,75,75,78,78,81,81,81,81,84,84,87,87,87,90,90,93,93,96,96,96,96,99,99,99,102,102,102,102,102,102],"relics":["Burning Blood","Vajra","Blue Candle","Tiny Chest","Philosopher\u0027s Stone","Frozen Egg 2","Shovel","Smiling Mask","Lizard Tail","Red Skull","Pantograph","Girya","Paper Frog","Shuriken"],"card_choices":[{"not_picked":["Metallicize","Headbutt"],"picked":"Flex"},{"not_picked":["Shrug It Off","Carnage"],"picked":"Dropkick"},{"not_picked":["Body Slam","Wild Strike"],"picked":"Double Tap"},{"not_picked":["Impervious","Barricade"],"picked":"Feed"},{"not_picked":["Thunderclap","Uppercut"],"picked":"Rage"}],"player_experience":401864,"potions_floor_usage":[7,16,16,25,33,33,44,45,45,50],"damage_taken":[{"damage":20,"enemies":"Small Slimes","floor":1,"turns":3},{"damage":6,"enemies":"Cultist","floor":3,"turns":3},{"damage":7,"enemies":"Jaw Worm","floor":4,"turns":3},{"damage":42,"enemies":"3 Sentries","floor":6,"turns":10},{"damage":9,"enemies":"2 Fungi Beasts","floor":7,"turns":3},{"damage":0,"enemies":"Large Slime","floor":11,"turns":2},{"damage":18,"enemies":"Lots of Slimes","floor":13,"turns":4},{"damage":22,"enemies":"Slime Boss","floor":16,"turns":8},{"damage":39,"enemies":"Spheric Guardian","floor":18,"turns":4},{"damage":0,"enemies":"Chosen","floor":22,"turns":3},{"damage":40,"enemies":"Book of Stabbing","floor":24,"turns":3},{"damage":12,"enemies":"Snecko","floor":25,"turns":3},{"damage":14,"enemies":"Slaver and Parasite","floor":28,"turns":2},{"damage":28,"enemies":"3 Cultists","floor":30,"turns":4},{"damage":21,"enemies":"Champ","floor":33,"turns":4},{"damage":27,"enemies":"3 Shapes","floor":35,"turns":3},{"damage":18,"enemies":"Orb Walker","floor":37,"turns":2},{"damage":15,"enemies":"Giant Head","floor":41,"turns":3},{"damage":27,"enemies":"Sphere and 2 Shapes","floor":44,"turns":2},{"damage":57,"enemies":"4 Shapes","floor":45,"turns":3},{"damage":4,"enemies":"3 Darklings","floor":46,"turns":4},{"damage":13,"enemies":"Sphere and 2 Shapes","floor":47,"turns":3},{"damage":88,"enemies":"Time Eater","floor":50,"turns":5}],"event_choices":[{"event_name":"Transmorgrifier","player_choice":"Transform","floor":2,"damage_taken":0},{"event_name":"Scrap Ooze","player_choice":"success","floor":5,"damage_taken":3},{"event_name":"Bonfire Elementals","player_choice":"BASIC","floor":14,"damage_taken":0},{"event_name":"Duplicator","player_choice":"One dupe","floor":21,"damage_taken":0},{"event_name":"The Library","player_choice":"Read","floor":29,"damage_taken":0},{"event_name":"Winding Halls","player_choice":"Embrace Madness","floor":36,"damage_taken":0},{"event_name":"Upgrade Shrine","player_choice":"Upgraded","floor":38,"damage_taken":0}],"boss_relics":[{"not_picked":["Runic Dome","Velvet Choker"],"picked":"Philosopher\u0027s Stone"},{"not_picked":["Black Star","Cursed Key"],"picked":"Lizard Tail"}],"potions_floor_spawned":[1,7,13,16,24,28,30,33,41,44,47],"seed_played":"7895888712446189613","killed_by":"Time Eater","ascension_level":3,"is_trial":false}