{"path_per_floor":["M","?","?","?","M","R","?","?","T","M","$","$","R","M","R","B",null,"M","$","?","?","M","R","M","E","T"],"character_chosen":"THE_SILENT","items_purchased":["Shuriken","Cloak And Dagger","Noxious Fumes"],"gold_per_floor":[216,291,291,291,305,305,305,305,383,398,323,33,33,44,44,141,141,156,20,20,20,34,34,49,77,104,104],"floor_reached":27,"campfire_rested":3,"playtime":1085,"current_hp_per_floor":[50,39,39,25,25,46,46,46,46,45,45,45,45,38,59,36,62,50,50,50,37,37,59,43,16,16,0],"items_purged":["Regret","Injury"],"gold":104,"score":350,"play_id":"8b07b42b-22a7-4aeb-afe1-614ecb1d0fb4","local_time":"20180330184931","is_prod":false,"is_daily":false,"is_ascension_mode":true,"campfire_upgraded":1,"timestamp":1522446571,"path_taken":["M","?","?","?","M","R","?","?","T","?","?","$","R","?","R","BOSS","M","$","?","?","?","R","M","E","T","M"],"build_version":"2018-03-29v2","purchased_purges":2,"victory":false,"master_deck":["Defend_G+1","Defend_G","Defend_G","Defend_G","Defend_G","Strike_G","Strike_G","Strike_G+1","Strike_G","Survivor","Neutralize","AscendersBane","Flying Knee+1","Escape Plan","Catalyst","Poisoned Stab","Cloak And Dagger+1","Backflip","After Image","Deadly Poison","Noxious Fumes","Envenom","Corpse Explosion","Storm of Steel","Clumsy"],"max_hp_per_floor":[70,70,70,70,70,70,70,70,70,70,70,70,70,70,70,70,70,70,70,70,75,75,75,75,75,75,75],"relics":["Ring of the Snake","Paper Crane","Shuriken","Cursed Key","Nloth\u0027s Gift","Pen Nib","Oddly Smooth Stone"],"card_choices":[{"not_picked":["Outmaneuver","Bane"],"picked":"Flying Knee","floor":1},{"not_picked":["Outmaneuver","Bane"],"picked":"Escape Plan","floor":5},{"not_picked":["Flying Knee","Tools of the Trade","Infinite Blades"],"picked":"Poisoned Stab","floor":10},{"not_picked":["Dodge and Roll","Prepared","Crippling Poison"],"picked":"Backflip","floor":14},{"not_picked":["Tactician","Storm of Steel","Wraith Form"],"picked":"After Image","floor":16},{"not_picked":["Eviscerate","Slice","Dagger Spray"],"picked":"Deadly Poison","floor":18},{"not_picked":["Outmaneuver","Sucker Punch"],"picked":"Envenom","floor":22},{"not_picked":["Noxious Fumes","Concentrate"],"picked":"Corpse Explosion","floor":24},{"not_picked":["PiercingWail","Phantasmal Killer"],"picked":"Storm of Steel","floor":25}],"player_experience":652880,"potions_floor_usage":[18,24,25,27],"damage_taken":[{"damage":13,"enemies":"Jaw Worm","floor":1,"turns":4},{"damage":0,"enemies":"2 Louse","floor":5,"turns":3},{"damage":1,"enemies":"Cultist","floor":10,"turns":5},{"damage":7,"enemies":"Blue Slaver","floor":14,"turns":3},{"damage":23,"enemies":"The Guardian","floor":16,"turns":12},{"damage":12,"enemies":"3 Byrds","floor":18,"turns":7},{"damage":0,"enemies":"Chosen","floor":22,"turns":5},{"damage":16,"enemies":"Snake Plant","floor":24,"turns":5},{"damage":39,"enemies":"Slavers","floor":25,"turns":8},{"damage":40,"enemies":"Cultist and Chosen","floor":27,"turns":6}],"event_choices":[{"event_name":"World of Goop","player_choice":"Gather Gold","floor":2,"damage_taken":0},{"event_name":"Accursed Blacksmith","player_choice":"Forge","floor":3,"damage_taken":0},{"event_name":"Shining Light","player_choice":"Entered Light","floor":4,"damage_taken":0},{"event_name":"Big Fish","player_choice":"Box","floor":7,"damage_taken":0},{"event_name":"Transmorgrifier","player_choice":"Transform","floor":8,"damage_taken":0},{"event_name":"N\u0027loth","player_choice":"Traded a Question Card","floor":20,"damage_taken":0},{"event_name":"Forgotten Altar","player_choice":"Shed Blood","floor":21,"damage_taken":0}],"boss_relics":[{"not_picked":["Snecko Eye","Eternal Feather"],"picked":"Cursed Key"}],"potions_floor_spawned":[5,10,22,25],"seed_played":"7783042040035697786","killed_by":"Cultist and Chosen","ascension_level":12,"is_trial":false}