{"path_per_floor":["M","?","M","?","M","R","E","$","T","M","M","R","?","M","R","B",null,"M","M","$","M","?","R","M","M","T","$","R","?","R","M","R","B",null,"M","$","?"],"character_chosen":"IRONCLAD","items_purchased":["Gremlin Horn","Paper Frog"],"gold_per_floor":[359,359,377,377,390,390,417,88,112,129,142,142,217,227,227,330,330,340,350,9,27,27,27,37,56,109,109,109,34,34,49,49,144,144,163,38,38],"floor_reached":38,"campfire_rested":2,"playtime":1747,"current_hp_per_floor":[66,59,65,51,53,53,43,43,43,47,50,50,39,47,47,10,57,52,57,57,31,31,52,44,43,43,43,43,43,43,41,62,14,58,18,18,36],"items_purged":["Defend_R","Defend_R","Juggernaut"],"gold":38,"score":489,"play_id":"20be3a4f-4ed5-4b0c-9e65-b913e2684474","local_time":"20180317121808","is_prod":false,"is_daily":false,"is_ascension_mode":true,"campfire_upgraded":5,"timestamp":1521299888,"path_taken":["M","?","?","?","M","R","E","$","T","M","M","R","?","M","R","BOSS","M","M","?","M","?","R","M","M","T","$","R","?","R","?","R","BOSS","M","$","?","M"],"build_version":"2018-03-15v2","purchased_purges":3,"victory":false,"master_deck":["Strike_R","Strike_R+1","Strike_R+1","Strike_R+1","Strike_R+1","Defend_R+1","Bash+1","Rage+1","Inflame+1","Rage+1","Iron Wave","Rampage+1","Writhe"],"max_hp_per_floor":[72,72,72,72,72,72,72,72,72,72,72,72,72,72,72,72,72,72,72,72,72,72,72,72,72,72,72,72,72,72,72,72,72,72,72,72,72],"relics":["Black Blood","War Paint","Happy Flower","Gremlin Horn","Blood Vial","Paper Frog","Vajra","Orrery"],"card_choices":[{"not_picked":["Armaments","Body Slam"],"picked":"Rage"},{"not_picked":["Twin Strike","Searing Blow"],"picked":"Inflame"},{"not_picked":["Power Through","Sword Boomerang"],"picked":"Rage"},{"not_picked":["Bludgeon","Impervious"],"picked":"Juggernaut"},{"not_picked":["Armaments","Headbutt"],"picked":"Iron Wave"},{"not_picked":["Iron Wave","Anger"],"picked":"Rampage"}],"player_experience":575206,"potions_floor_usage":[7,7,14,16,21,25],"damage_taken":[{"damage":12,"enemies":"Jaw Worm","floor":1,"turns":3},{"damage":0,"enemies":"Cultist","floor":3,"turns":4},{"damage":4,"enemies":"Small Slimes","floor":5,"turns":3},{"damage":16,"enemies":"3 Sentries","floor":7,"turns":11},{"damage":4,"enemies":"Exordium Wildlife","floor":10,"turns":4},{"damage":5,"enemies":"Looter","floor":11,"turns":2},{"damage":0,"enemies":"Gremlin Gang","floor":14,"turns":2},{"damage":45,"enemies":"The Guardian","floor":16,"turns":10},{"damage":17,"enemies":"Chosen","floor":18,"turns":5},{"damage":7,"enemies":"Spheric Guardian","floor":19,"turns":4},{"damage":38,"enemies":"Snake Plant","floor":21,"turns":3},{"damage":20,"enemies":"Cultist and Chosen","floor":24,"turns":6},{"damage":13,"enemies":"Snecko","floor":25,"turns":4},{"damage":14,"enemies":"Chosen and Byrds","floor":31,"turns":5},{"damage":60,"enemies":"Automaton","floor":33,"turns":11},{"damage":52,"enemies":"3 Shapes","floor":35,"turns":5},{"damage":40,"enemies":"3 Darklings","floor":38,"turns":2}],"event_choices":[{"event_name":"Scrap Ooze","player_choice":"success","floor":2,"damage_taken":7},{"event_name":"Shining Light","player_choice":"Entered Light","floor":4,"damage_taken":0},{"event_name":"World of Goop","player_choice":"Gather Gold","floor":13,"damage_taken":0},{"event_name":"Addict","player_choice":"Ignored","floor":22,"damage_taken":0},{"event_name":"Beggar","player_choice":"Gave Gold","floor":29,"damage_taken":0},{"event_name":"Winding Halls","player_choice":"Writhe","floor":37,"damage_taken":0}],"boss_relics":[{"not_picked":["Calling Bell","Tiny House"],"picked":"Black Blood"},{"not_picked":["Snecko Eye","White Beast Statue"],"picked":"Orrery"}],"potions_floor_spawned":[1,5,7,14,16,18],"seed_played":"-28798140912757076","killed_by":"3 Darklings","ascension_level":6,"is_trial":false}