{"gold_per_floor":[115,130,145,163,183,183,202,237,237,312,312,347,347,347,347,347],"floor_reached":16,"playtime":605,"items_purged":[],"score":194,"play_id":"c42e5e14-d069-4fcd-85c6-aab06be1ef9e","local_time":"20190227103005","is_ascension_mode":true,"campfire_choices":[{"data":"Havoc","floor":6,"key":"SMITH"},{"floor":11,"key":"REST"},{"floor":13,"key":"REST"},{"data":"Warcry","floor":15,"key":"SMITH"}],"neow_cost":"NONE","seed_source_timestamp":0,"circlet_count":0,"master_deck":["Strike_R","Strike_R","Strike_R","Strike_R","Strike_R","Defend_R","Defend_R","Defend_R","Defend_R","Bash","Headbutt","Havoc+1","Sword Boomerang","Iron Wave","Clothesline","Shrug It Off","Warcry+1","Feel No Pain"],"special_seed":0,"relics":["Burning Blood","Centennial Puzzle","Pen Nib","Bag of Preparation","PreservedInsect"],"potions_floor_usage":[5,8],"damage_taken":[{"damage":1.0,"enemies":"Cultist","floor":1.0,"turns":3.0},{"damage":4.0,"enemies":"Jaw Worm","floor":2.0,"turns":5.0},{"damage":6,"enemies":"2 Louse","floor":3,"turns":3},{"damage":15,"enemies":"2 Fungi Beasts","floor":4,"turns":3},{"damage":21,"enemies":"Gremlin Gang","floor":5,"turns":4},{"damage":12,"enemies":"3 Louse","floor":7,"turns":3},{"damage":38,"enemies":"Gremlin Nob","floor":8,"turns":5},{"damage":27,"enemies":"3 Sentries","floor":12,"turns":10},{"damage":24,"enemies":"The Guardian","floor":16,"turns":6}],"seed_played":"-2726373590360315071","potions_obtained":[{"floor":3,"key":"Weak Potion"},{"floor":4,"key":"Fire Potion"},{"floor":8,"key":"Ancient Potion"}],"is_trial":false,"path_per_floor":["M","M","M","M","M","R","M","E","T","?","R","E","R","?","R","B"],"character_chosen":"IRONCLAD","items_purchased":[],"campfire_rested":2,"item_purchase_floors":[],"current_hp_per_floor":[80,80,80,71,56,56,50,18,18,7,31,10,34,34,34,10],"gold":347,"neow_bonus":"RANDOM_COMMON_RELIC","is_prod":false,"is_daily":false,"chose_seed":false,"campfire_upgraded":2,"win_rate":0,"timestamp":1551285005,"path_taken":["M","M","M","M","M","R","M","E","T","?","R","E","R","?","R","BOSS"],"build_version":"2019-01-23","purchased_purges":0,"victory":false,"max_hp_per_floor":[80,80,80,80,80,80,80,80,80,80,80,80,80,80,80,80],"card_choices":[{"not_picked":["Wild Strike","Evolve"],"picked":"Headbutt","floor":1.0},{"not_picked":["Wild Strike","Second Wind"],"picked":"Havoc","floor":2.0},{"not_picked":["Perfected Strike","Entrench"],"picked":"Sword Boomerang","floor":3},{"not_picked":["Thunderclap","Armaments"],"picked":"Iron Wave","floor":4},{"not_picked":["Flex","Anger"],"picked":"Clothesline","floor":5},{"not_picked":["Flex","Thunderclap"],"picked":"Shrug It Off","floor":7},{"not_picked":["Reckless Charge","Fire Breathing"],"picked":"Warcry","floor":8},{"not_picked":["Exhume","Brutality"],"picked":"Feel No Pain","floor":12}],"player_experience":253958,"relics_obtained":[{"floor":8,"key":"Pen Nib"},{"floor":9,"key":"Bag of Preparation"},{"floor":12,"key":"PreservedInsect"}],"event_choices":[{"damage_healed":0,"gold_gain":75,"player_choice":"Gather Gold","damage_taken":11,"max_hp_gain":0,"max_hp_loss":0,"event_name":"World of Goop","floor":10,"gold_loss":0},{"damage_healed":0,"gold_gain":0,"player_choice":"Ignored","damage_taken":0,"max_hp_gain":0,"max_hp_loss":0,"event_name":"Liars Game","floor":14,"gold_loss":0}],"is_beta":false,"boss_relics":[],"items_purged_floors":[],"is_endless":false,"potions_floor_spawned":[3,4,8],"killed_by":"The Guardian","ascension_level":4}