{"path_per_floor":["M","?","?","?","$","E","R","E","T","R","?","?","?","M","R","B",null,"M","$","$","?","?","R","E","T","T","E","?","M","$","?","R","B",null,"M","?","M","$","$","R","M"],"character_chosen":"THE_SILENT","items_purchased":["Shuriken","Sucker Punch","Gremlin Horn","Cloak And Dagger","Backflip"],"gold_per_floor":[110,110,110,285,20,51,51,86,109,109,184,284,314,325,325,399,399,418,47,47,47,47,47,81,135,135,163,163,176,76,76,76,154,154,174,174,184,59,6,6,21,21],"floor_reached":42,"campfire_rested":4,"playtime":1300,"current_hp_per_floor":[59,59,59,59,59,22,43,21,21,42,31,31,31,31,52,27,59,20,20,20,20,20,34,33,33,33,37,37,39,39,39,39,33,52,54,54,55,55,55,55,57,0],"items_purged":["Doubt","Bite","Bite"],"gold":21,"score":741,"play_id":"631c83ce-a66c-4de6-8eb8-39ca8971525a","local_time":"20180417164414","is_prod":false,"is_daily":false,"chose_seed":false,"is_ascension_mode":true,"campfire_upgraded":2,"timestamp":1523994254,"path_taken":["M","?","?","?","$","E","R","E","T","R","?","?","?","M","R","BOSS","M","?","$","?","?","R","E","?","T","E","?","M","?","?","R","BOSS","M","?","M","?","$","R","M","E"],"build_version":"2018-04-12","seed_source_timestamp":19668573164658,"purchased_purges":3,"victory":false,"master_deck":["Defend_G","Defend_G","Defend_G","Survivor","Neutralize+1","AscendersBane","Sucker Punch","Blade Dance","A Thousand Cuts+1","Dagger Spray","Cloak And Dagger","Bite","Bite","All Out Attack","Burst+1","Backflip"],"max_hp_per_floor":[70,70,70,70,70,70,70,70,70,70,70,70,70,70,70,70,70,70,70,70,70,49,49,49,49,49,51,51,53,53,53,53,53,53,55,55,57,57,57,57,59,59],"relics":["Ring of the Snake","Bag of Preparation","Juzu Bracelet","Shuriken","Toolbox","Ancient Tea Set","Whetstone","Runic Dome","Gremlin Horn","Ninja Scroll","Singing Bowl","Meat on the Bone","Bronze Scales","Sozu"],"card_choices":[{"not_picked":["Sucker Punch","Deflect"],"picked":"Blade Dance","floor":6},{"not_picked":["Tactician","Burst"],"picked":"A Thousand Cuts","floor":16},{"not_picked":["Acrobatics","Bouncing Flask"],"picked":"Dagger Spray","floor":18},{"not_picked":["Die Die Die","Corpse Explosion"],"picked":"Burst","floor":33}],"player_experience":705366,"potions_floor_usage":[8,27,33,33,42,42],"damage_taken":[{"damage":4,"enemies":"Jaw Worm","floor":1,"turns":7},{"damage":37,"enemies":"Gremlin Nob","floor":6,"turns":6},{"damage":22,"enemies":"3 Sentries","floor":8,"turns":7},{"damage":0,"enemies":"Small Slimes","floor":14,"turns":2},{"damage":25,"enemies":"Hexaghost","floor":16,"turns":9},{"damage":39,"enemies":"2 Thieves","floor":18,"turns":4},{"damage":11,"enemies":"Slavers","floor":24,"turns":3},{"damage":22,"enemies":"Gremlin Leader","floor":27,"turns":6},{"damage":6,"enemies":"Shell Parasite","floor":29,"turns":3},{"damage":24,"enemies":"Collector","floor":33,"turns":8},{"damage":3,"enemies":"Orb Walker","floor":35,"turns":3},{"damage":4,"enemies":"3 Darklings","floor":37,"turns":3},{"damage":0,"enemies":"Sphere and 2 Shapes","floor":41,"turns":1},{"damage":79,"enemies":"2 Orb Walkers","floor":42,"turns":5}],"event_choices":[{"event_name":"Big Fish","player_choice":"Box","floor":2,"damage_taken":0},{"event_name":"Purifier","player_choice":"One Purge","floor":3,"damage_taken":0},{"event_name":"Liars Game","player_choice":"agreed","floor":4,"damage_taken":0},{"event_name":"World of Goop","player_choice":"Gather Gold","floor":11,"damage_taken":0},{"event_name":"Golden Shrine","player_choice":"Pray","floor":12,"damage_taken":0},{"event_name":"Dead Adventurer","player_choice":"Searched \u00271\u0027 times","floor":13,"damage_taken":0},{"event_name":"Bonfire Elementals","player_choice":"BASIC","floor":21,"damage_taken":0},{"event_name":"Vampires","player_choice":"Became a vampire","floor":22,"damage_taken":0},{"event_name":"Transmorgrifier","player_choice":"Transform","floor":28,"damage_taken":0},{"event_name":"Drug Dealer","player_choice":"Ignored","floor":31,"damage_taken":0}],"boss_relics":[{"not_picked":["Eternal Feather","Snecko Eye"],"picked":"Runic Dome"},{"not_picked":["Runic Pyramid","White Beast Statue"],"picked":"Sozu"}],"potions_floor_spawned":[1,14,16,27,29,33,35,37],"seed_played":"-8063894167615082197","killed_by":"2 Orb Walkers","ascension_level":13,"is_trial":false}