{"gold_per_floor":[117,117,117,131,131,166,179,179],"floor_reached":8,"playtime":229,"items_purged":[],"score":73,"play_id":"af7a80fb-8efe-4ae4-a577-6e1467c24a4a","local_time":"20190116183608","is_ascension_mode":true,"campfire_choices":[],"neow_cost":"PERCENT_DAMAGE","seed_source_timestamp":15627479266862,"circlet_count":0,"master_deck":["Strike_B+1","Strike_B","Strike_B","Strike_B","Defend_B","Defend_B","Defend_B","Defend_B","Zap","Dualcast+1","Machine Learning+1","Rip and Tear+1","Defragment","Hyperbeam","Ball Lightning"],"relics":["Cracked Core","Bottled Lightning"],"potions_floor_usage":[6],"damage_taken":[{"damage":0,"enemies":"Small Slimes","floor":1,"turns":3},{"damage":0,"enemies":"2 Louse","floor":4,"turns":1},{"damage":10,"enemies":"Gremlin Nob","floor":6,"turns":3},{"damage":6,"enemies":"Cultist","floor":7,"turns":3},{"damage":15,"enemies":"Lagavulin","floor":8,"turns":4}],"seed_played":"-2044835164277793914","potions_obtained":[{"floor":1,"key":"PowerPotion"},{"floor":4,"key":"SmokeBomb"}],"is_trial":false,"path_per_floor":["M","?","?","M","?","E","M","E"],"character_chosen":"DEFECT","items_purchased":[],"campfire_rested":0,"item_purchase_floors":[],"current_hp_per_floor":[50,50,35,35,35,25,19,4],"gold":179,"neow_bonus":"THREE_RARE_CARDS","is_prod":false,"is_daily":false,"chose_seed":false,"campfire_upgraded":0,"win_rate":0,"timestamp":1547670968,"path_taken":["M","?","?","M","?","E","M","E"],"build_version":"2019-01-14v2","purchased_purges":0,"victory":false,"max_hp_per_floor":[75,75,75,75,75,75,75,75],"card_choices":[{"not_picked":["Creative AI","Amplify"],"picked":"Machine Learning","floor":0},{"not_picked":["Hello World","Turbo"],"picked":"Rip and Tear","floor":1},{"not_picked":["Compile Driver","Self Repair"],"picked":"Defragment","floor":4},{"not_picked":["Chaos","Compile Driver"],"picked":"Hyperbeam","floor":6},{"not_picked":["Cold Snap","Hologram"],"picked":"Ball Lightning","floor":7}],"player_experience":909433,"relics_obtained":[{"floor":6,"key":"Bottled Lightning"}],"event_choices":[{"damage_healed":0,"gold_gain":0,"player_choice":"Grow","damage_taken":0,"max_hp_gain":0,"max_hp_loss":0,"event_name":"Living Wall","floor":2,"gold_loss":0,"cards_upgraded":["Rip and Tear"]},{"damage_healed":0,"gold_gain":0,"player_choice":"Entered Light","damage_taken":15,"max_hp_gain":0,"max_hp_loss":0,"event_name":"Shining Light","floor":3,"gold_loss":0,"cards_upgraded":["Strike_B","Dualcast"]},{"damage_healed":0,"gold_gain":0,"player_choice":"Upgraded","damage_taken":0,"max_hp_gain":0,"max_hp_loss":0,"event_name":"Upgrade Shrine","floor":5,"gold_loss":0,"cards_upgraded":["Machine Learning"]}],"is_beta":true,"boss_relics":[],"items_purged_floors":[],"is_endless":false,"potions_floor_spawned":[1,4],"killed_by":"Lagavulin","ascension_level":6}