{"path_per_floor":["M","M","?","M","$","R","M","M","T","M","E","R","?","?","R","B",null,"M","M","?","?","M"],"character_chosen":"THE_SILENT","items_purchased":["Infinite Blades"],"gold_per_floor":[115,132,132,147,70,70,81,92,92,103,133,133,133,133,133,238,238,252,232,232,157,157],"floor_reached":23,"campfire_rested":1,"playtime":1636,"current_hp_per_floor":[59,51,39,34,34,34,24,24,24,24,20,20,13,13,34,30,60,44,43,43,43,17],"items_purged":[],"gold":157,"score":280,"play_id":"a3371bc6-616d-4db9-a54a-0c8912d48d99","is_prod":false,"is_daily":false,"is_ascension_mode":true,"campfire_upgraded":1,"path_taken":["M","M","?","M","$","R","M","M","T","M","E","R","?","?","R","BOSS","M","M","?","?","M","M"],"build_version":"2018-02-22-PROD2","purchased_purges":0,"victory":false,"master_deck":["Defend_G","Defend_G","Defend_G","Defend_G","Defend_G","Strike_G","Strike_G","Strike_G","Survivor","Neutralize+1","Flying Knee+1","Endless Agony","Infinite Blades","Backstab+1","Escape Plan","Burst+1","Terror","PiercingWail","After Image"],"max_hp_per_floor":[70,70,70,70,70,70,70,70,70,70,70,70,70,70,70,70,70,70,70,70,70,70],"relics":["Ring of the Snake","Snake Skull","Bronze Scales","Shovel","Kunai","Whetstone","Question Card"],"card_choices":[{"not_picked":["Deadly Poison","Bouncing Flask"],"picked":"Flying Knee"},{"not_picked":["Dodge and Roll","Finisher"],"picked":"Endless Agony"},{"not_picked":["All Out Attack","Escape Plan"],"picked":"Backstab"},{"not_picked":["Dodge and Roll","Deadly Poison"],"picked":"Escape Plan"},{"not_picked":["Tools of the Trade","Grand Finale"],"picked":"Burst"},{"not_picked":["Dagger Throw","Dodge and Roll","Deadly Poison"],"picked":"Terror"},{"not_picked":["Bane","Infinite Blades","Prepared"],"picked":"PiercingWail"},{"not_picked":["Finisher","Sucker Punch","PiercingWail"],"picked":"After Image"}],"player_experience":344224,"potions_floor_usage":[11,16,19,19,23],"damage_taken":[{"damage":4,"enemies":"Small Slimes","floor":1,"turns":4},{"damage":8,"enemies":"2 Louse","floor":2,"turns":5},{"damage":5,"enemies":"Cultist","floor":4,"turns":4},{"damage":10,"enemies":"Gremlin Gang","floor":7,"turns":4},{"damage":0,"enemies":"Blue Slaver","floor":8,"turns":4},{"damage":0,"enemies":"3 Louse","floor":10,"turns":2},{"damage":4,"enemies":"3 Sentries","floor":11,"turns":6},{"damage":4,"enemies":"Hexaghost","floor":16,"turns":10},{"damage":16,"enemies":"Spheric Guardian","floor":18,"turns":5},{"damage":1,"enemies":"2 Thieves","floor":19,"turns":4},{"damage":26,"enemies":"3 Cultists","floor":22,"turns":7},{"damage":25,"enemies":"Snecko","floor":23,"turns":4}],"event_choices":[{"event_name":"Scrap Ooze","player_choice":"success","floor":3,"damage_taken":12},{"event_name":"Golden Wing","player_choice":"Card Removal","floor":13,"damage_taken":0},{"event_name":"Dead Adventurer","player_choice":"Searched \u00270\u0027 times","floor":14,"damage_taken":0},{"event_name":"Upgrade Shrine","player_choice":"Upgraded","floor":20,"damage_taken":0},{"event_name":"Beggar","player_choice":"Gave Gold","floor":21,"damage_taken":0}],"boss_relics":[{"not_picked":["Ectoplasm","Pandora\u0027s Box"],"picked":"Question Card"}],"potions_floor_spawned":[7,8,10,16,19],"seed_played":"454816371320264995","killed_by":"Snecko","ascension_level":9,"is_trial":false}