{"gold_per_floor":[115,133,83,95,109,109,142,153,153,153,163,238,238],"floor_reached":13,"playtime":424,"items_purged":[],"score":122,"play_id":"7a636e13-553c-4fe9-b08c-502930906995","local_time":"20190125110323","is_ascension_mode":true,"campfire_choices":[{"data":"Zap","floor":6,"key":"SMITH"},{"floor":10,"key":"REST"}],"neow_cost":"NONE","seed_source_timestamp":1190343994442,"circlet_count":0,"master_deck":["Strike_B","Strike_B","Defend_B","Defend_B","Defend_B","Defend_B","Zap+1","Dualcast","Scrape","Conserve Battery","Streamline","Doom and Gloom","Compile Driver","Cold Snap"],"relics":["Cracked Core","Art of War","Unceasing Top"],"potions_floor_usage":[13],"damage_taken":[{"damage":1,"enemies":"Cultist","floor":1,"turns":3},{"damage":7,"enemies":"Small Slimes","floor":2,"turns":3},{"damage":0,"enemies":"2 Louse","floor":4,"turns":2},{"damage":8,"enemies":"Large Slime","floor":5,"turns":5},{"damage":34,"enemies":"Gremlin Nob","floor":7,"turns":5},{"damage":4,"enemies":"Blue Slaver","floor":8,"turns":4},{"damage":11,"enemies":"Red Slaver","floor":11,"turns":3},{"damage":24,"enemies":"Lagavulin","floor":13,"turns":3}],"seed_played":"-1579998804052546776","potions_obtained":[{"floor":4,"key":"Explosive Potion"},{"floor":5,"key":"Strength Potion"}],"is_trial":false,"path_per_floor":["M","M","?","M","M","R","E","M","T","R","M","?","E"],"character_chosen":"DEFECT","items_purchased":[],"campfire_rested":1,"item_purchase_floors":[],"current_hp_per_floor":[67,60,60,60,52,52,18,14,14,36,25,14,0],"gold":238,"neow_bonus":"REMOVE_CARD","is_prod":false,"is_daily":false,"chose_seed":false,"campfire_upgraded":1,"win_rate":0,"timestamp":1548421403,"path_taken":["M","?","?","M","M","R","E","M","T","R","M","?","E"],"build_version":"2019-01-23","purchased_purges":0,"victory":false,"max_hp_per_floor":[75,75,75,75,75,75,75,75,75,75,75,75,75],"card_choices":[{"not_picked":["Cold Snap","Turbo"],"picked":"Scrape","floor":1},{"not_picked":["White Noise","Steam"],"picked":"Conserve Battery","floor":2},{"not_picked":["Coolheaded","Stack"],"picked":"Streamline","floor":4},{"not_picked":["Ball Lightning","Auto Shields"],"picked":"Doom and Gloom","floor":5},{"not_picked":["Turbo","Rip and Tear"],"picked":"Compile Driver","floor":7},{"not_picked":["Coolheaded","Rebound"],"picked":"Cold Snap","floor":8},{"not_picked":["Reprogram","Rip and Tear","Core Surge"],"picked":"SKIP","floor":11}],"player_experience":951178,"relics_obtained":[{"floor":7,"key":"Art of War"},{"floor":9,"key":"Unceasing Top"}],"event_choices":[{"cards_removed":["Strike_B"],"damage_healed":0,"gold_gain":0,"player_choice":"Card Removal","damage_taken":0,"max_hp_gain":0,"max_hp_loss":0,"event_name":"The Cleric","floor":3,"gold_loss":50},{"damage_healed":0,"gold_gain":75,"player_choice":"Gather Gold","damage_taken":11,"max_hp_gain":0,"max_hp_loss":0,"event_name":"World of Goop","floor":12,"gold_loss":0}],"is_beta":true,"boss_relics":[],"items_purged_floors":[],"is_endless":false,"potions_floor_spawned":[4,5],"killed_by":"Lagavulin","ascension_level":8}