{"gold_per_floor":[109,184,195,211,211,240,220,220,243,243,274,284,304,324,324,428,428,446,446,92,92,103,103,103],"floor_reached":24,"playtime":1039,"items_purged":["Strike_R"],"score":272,"play_id":"5acdae55-9ccb-4033-909d-ddcb9e026bab","local_time":"20190226144324","is_ascension_mode":true,"campfire_choices":[{"data":"True Grit","floor":8,"key":"SMITH"},{"data":"Bash","floor":10,"key":"SMITH"},{"data":"Rupture","floor":15,"key":"SMITH"},{"data":"Hemokinesis","floor":23,"key":"SMITH"}],"neow_cost":"NONE","seed_source_timestamp":42004571280495,"circlet_count":0,"master_deck":["Strike_R","Strike_R","Strike_R","Defend_R","Defend_R","Defend_R","Defend_R","Bash+1","Iron Wave","True Grit+1","Ghostly Armor","Rupture+1","Cleave","Hemokinesis","Shrug It Off","Feed","Hemokinesis+1","Shrug It Off","Thunderclap"],"relics":["Burning Blood","Vajra","Blood Vial","PreservedInsect","Self Forming Clay","Eternal Feather","Lee\u0027s Waffle"],"potions_floor_usage":[6,14,16,16,24],"damage_taken":[{"damage":7,"enemies":"Jaw Worm","floor":1,"turns":4},{"damage":7,"enemies":"Small Slimes","floor":3,"turns":4},{"damage":1,"enemies":"Cultist","floor":4,"turns":3},{"damage":27,"enemies":"Gremlin Nob","floor":6,"turns":4},{"damage":6,"enemies":"3 Sentries","floor":11,"turns":6},{"damage":6,"enemies":"Exordium Thugs","floor":12,"turns":4},{"damage":0,"enemies":"Exordium Wildlife","floor":13,"turns":4},{"damage":3,"enemies":"Gremlin Gang","floor":14,"turns":3},{"damage":41,"enemies":"The Guardian","floor":16,"turns":15},{"damage":52,"enemies":"Spheric Guardian","floor":18,"turns":10},{"damage":27,"enemies":"Shell Parasite","floor":22,"turns":10},{"damage":99,"enemies":"Book of Stabbing","floor":24,"turns":8}],"seed_played":"6101567188918939582","potions_obtained":[{"floor":1,"key":"AttackPotion"},{"floor":3,"key":"Strength Potion"},{"floor":7,"key":"Explosive Potion"},{"floor":11,"key":"Block Potion"},{"floor":18,"key":"BloodPotion"},{"floor":21,"key":"FearPotion"}],"is_trial":false,"path_per_floor":["M","?","M","M","?","E","?","R","T","R","E","M","M","M","R","B",null,"M","?","$","?","M","R","E"],"character_chosen":"IRONCLAD","items_purchased":["Hemokinesis","Lee\u0027s Waffle","Shrug It Off"],"campfire_rested":0,"item_purchase_floors":[20,20,20],"current_hp_per_floor":[79,68,67,72,72,51,51,51,51,51,53,55,63,68,68,35,80,37,21,95,95,77,86,0],"gold":103,"neow_bonus":"RANDOM_COMMON_RELIC","is_prod":false,"is_daily":false,"chose_seed":false,"campfire_upgraded":4,"win_rate":0,"timestamp":1551213804,"path_taken":["M","?","M","M","?","E","?","R","T","R","E","?","M","M","R","BOSS","M","?","$","?","?","R","E"],"build_version":"2019-01-23","purchased_purges":1,"victory":false,"max_hp_per_floor":[80,80,80,80,80,80,80,80,80,80,80,80,80,80,80,80,80,83,88,95,95,98,98,98],"card_choices":[{"not_picked":["Infernal Blade","Cleave"],"picked":"Iron Wave","floor":1},{"not_picked":["Flex","Wild Strike"],"picked":"True Grit","floor":3},{"not_picked":["Flex","Havoc"],"picked":"Ghostly Armor","floor":4},{"not_picked":["Sentinel","Iron Wave"],"picked":"Cleave","floor":6},{"not_picked":["True Grit","Intimidate","Burning Pact"],"picked":"SKIP","floor":11},{"not_picked":["Iron Wave","Bloodletting"],"picked":"Hemokinesis","floor":12},{"not_picked":["Cleave","Pummel"],"picked":"Shrug It Off","floor":13},{"not_picked":["Armaments","Entrench","Dropkick"],"picked":"SKIP","floor":14},{"not_picked":["Barricade","Berserk"],"picked":"Feed","floor":16},{"not_picked":["Dropkick","Armaments+1","Heavy Blade+1"],"picked":"SKIP","floor":18},{"not_picked":["Perfected Strike+1","Heavy Blade+1"],"picked":"Thunderclap","floor":22}],"player_experience":252919,"relics_obtained":[{"floor":6,"key":"Blood Vial"},{"floor":9,"key":"PreservedInsect"},{"floor":11,"key":"Self Forming Clay"}],"event_choices":[{"damage_healed":0,"gold_gain":75,"player_choice":"Gather Gold","damage_taken":11,"max_hp_gain":0,"max_hp_loss":0,"event_name":"World of Goop","floor":2,"gold_loss":0},{"damage_healed":0,"gold_gain":0,"cards_transformed":["Strike_R"],"player_choice":"Change","damage_taken":0,"max_hp_gain":0,"max_hp_loss":0,"event_name":"Living Wall","floor":5,"gold_loss":0,"cards_obtained":["Rupture"]},{"damage_healed":0,"gold_gain":0,"player_choice":"Bought 1 Potion","damage_taken":0,"max_hp_gain":0,"max_hp_loss":0,"event_name":"The Woman in Blue","floor":7,"gold_loss":0},{"damage_healed":0,"gold_gain":0,"player_choice":"Shed Blood","damage_taken":21,"max_hp_gain":5,"max_hp_loss":0,"event_name":"Forgotten Altar","floor":19,"gold_loss":0},{"damage_healed":0,"gold_gain":0,"player_choice":"Got Potions","damage_taken":0,"max_hp_gain":0,"max_hp_loss":0,"event_name":"Lab","floor":21,"gold_loss":0}],"is_beta":false,"boss_relics":[{"not_picked":["Snecko Eye","Black Star"],"picked":"Eternal Feather"}],"items_purged_floors":[20],"is_endless":false,"potions_floor_spawned":[1,3,11,18],"killed_by":"Book of Stabbing","ascension_level":4}