{"gold_per_floor":[115,115,20,20,34,69,69,79,131,149,175,175,193,213,213,284,334,349,299,314,330,348,348,348],"floor_reached":24,"playtime":1425,"items_purged":[],"score":485,"play_id":"ccb9e2f3-b47e-43f5-9840-408e03ad912c","local_time":"20181109191200","is_ascension_mode":true,"campfire_choices":[{"data":"Blade Dance","floor":7.0,"key":"SMITH"},{"floor":15.0,"key":"REST"},{"floor":23,"key":"REST"}],"neow_cost":"NONE","seed_source_timestamp":0,"circlet_count":0,"master_deck":["AscendersBane","Defend_G+1","Defend_G","Defend_G","Defend_G","Defend_G+1","Strike_G","Strike_G","Strike_G","Strike_G+1","Survivor","Neutralize+1","Blade Dance+1","Cloak And Dagger","Dagger Spray","Accuracy","Escape Plan","Infinite Blades","Choke+1","Burst","Cloak And Dagger","Accuracy","Backflip","Finisher"],"special_seed":0,"relics":["Ring of the Snake","NeowsBlessing","Bag of Marbles","Vajra","War Paint","Tiny House"],"potions_floor_usage":[22],"damage_taken":[{"damage":0.0,"enemies":"Jaw Worm","floor":1.0,"turns":1.0},{"damage":0.0,"enemies":"Small Slimes","floor":5.0,"turns":1.0},{"damage":0.0,"enemies":"3 Sentries","floor":6.0,"turns":1.0},{"damage":0.0,"enemies":"Cultist","floor":8.0,"turns":2.0},{"damage":2.0,"enemies":"Looter","floor":10.0,"turns":3.0},{"damage":4.0,"enemies":"Gremlin Nob","floor":11.0,"turns":3.0},{"damage":0.0,"enemies":"Large Slime","floor":13.0,"turns":3.0},{"damage":0.0,"enemies":"3 Louse","floor":14.0,"turns":1.0},{"damage":0.0,"enemies":"Slime Boss","floor":16.0,"turns":7.0},{"damage":24.0,"enemies":"Spheric Guardian","floor":18.0,"turns":4.0},{"damage":11.0,"enemies":"2 Thieves","floor":20.0,"turns":3.0},{"damage":31.0,"enemies":"Cultist and Chosen","floor":21.0,"turns":7.0},{"damage":10,"enemies":"Shelled Parasite and Fungi","floor":22,"turns":5},{"damage":23,"enemies":"Book of Stabbing","floor":24,"turns":2}],"seed_played":"3656223616401690801","potions_obtained":[{"floor":5.0,"key":"AttackPotion"},{"floor":8.0,"key":"Swift Potion"},{"floor":11.0,"key":"Dexterity Potion"},{"floor":14.0,"key":"Strength Potion"},{"floor":18.0,"key":"Regen Potion"}],"is_trial":false,"path_per_floor":["M","?","$","?","M","E","R","M","T","M","E","?","M","M","R","B",null,"M","?","M","M","M","R","E"],"character_chosen":"THE_SILENT","items_purchased":["Cloak And Dagger","Dagger Spray"],"campfire_rested":2,"item_purchase_floors":[3,3],"current_hp_per_floor":[59,52,52,39,39,39,39,39,39,37,33,33,33,33,52,52,68,44,44,42,11,1,22,0],"gold":348,"neow_bonus":"THREE_ENEMY_KILL","is_prod":false,"is_daily":false,"chose_seed":false,"campfire_upgraded":1,"win_rate":0,"timestamp":1541797920,"path_taken":["M","?","$","?","M","E","R","M","T","M","E","?","M","M","R","BOSS","M","?","M","?","M","R","E"],"build_version":"2018-11-08","purchased_purges":0,"victory":false,"max_hp_per_floor":[66,66,66,66,66,66,66,66,66,66,66,66,66,66,66,66,71,71,71,71,71,71,71,71],"card_choices":[{"not_picked":["Outmaneuver","Acrobatics"],"picked":"Blade Dance","floor":1.0},{"not_picked":["Eviscerate","Predator"],"picked":"Accuracy","floor":5.0},{"not_picked":["Quick Slash","Blade Dance"],"picked":"Escape Plan","floor":6.0},{"not_picked":["Deflect","Dagger Spray"],"picked":"Infinite Blades","floor":8.0},{"not_picked":["Concentrate","Expertise","Bane"],"picked":"SKIP","floor":10.0},{"not_picked":["Infinite Blades","Dagger Throw"],"picked":"Choke","floor":11.0},{"not_picked":["Prepared","Dagger Spray","Calculated Gamble"],"picked":"SKIP","floor":13.0},{"not_picked":["Deflect","Skewer","Masterful Stab"],"picked":"SKIP","floor":14.0},{"not_picked":["A Thousand Cuts","Phantasmal Killer"],"picked":"Burst","floor":16.0},{"not_picked":["Slice","Bane"],"picked":"Cloak And Dagger","floor":17.0},{"not_picked":["Quick Slash","Dagger Throw","Poisoned Stab"],"picked":"SKIP","floor":18.0},{"not_picked":["Sucker Punch","Bane"],"picked":"Accuracy","floor":20.0},{"not_picked":["Poisoned Stab","Dodge and Roll"],"picked":"Backflip","floor":21.0},{"not_picked":["Sucker Punch+1","Outmaneuver"],"picked":"Finisher","floor":22}],"player_experience":876363,"relics_obtained":[{"floor":6.0,"key":"Bag of Marbles"},{"floor":9.0,"key":"Vajra"},{"floor":11.0,"key":"War Paint"}],"event_choices":[{"cards_removed":["Strike_G"],"damage_healed":0.0,"max_hp_gain":0.0,"max_hp_loss":0.0,"gold_gain":0.0,"event_name":"Golden Wing","player_choice":"Card Removal","floor":2.0,"gold_loss":0.0,"damage_taken":7.0},{"damage_healed":0.0,"max_hp_gain":0.0,"max_hp_loss":0.0,"gold_gain":0.0,"event_name":"Shining Light","player_choice":"Entered Light","floor":4.0,"gold_loss":0.0,"damage_taken":13.0,"cards_upgraded":["Strike_G","Neutralize"]},{"damage_healed":0.0,"max_hp_gain":0.0,"max_hp_loss":0.0,"gold_gain":0.0,"event_name":"Liars Game","player_choice":"Ignored","floor":12.0,"gold_loss":0.0,"damage_taken":0.0},{"damage_healed":0.0,"max_hp_gain":0.0,"max_hp_loss":0.0,"gold_gain":0.0,"event_name":"The Joust","player_choice":"Bet on Murderer","floor":19.0,"gold_loss":50.0,"damage_taken":0.0}],"is_beta":true,"boss_relics":[{"not_picked":["Runic Pyramid","Eternal Feather"],"picked":"Tiny House"}],"items_purged_floors":[],"is_endless":false,"potions_floor_spawned":[5,8,11,14,18],"killed_by":"Book of Stabbing","ascension_level":14}