{"path_per_floor":["M","M","?","M","?","R","M","?","T","$","E","$","?","M","R","B",null,"M","M","?","?","M","M","$","M","T","M","E","?","$","M","R","B",null,"M","?","T","M","?","R","?","$","T","E","R","M","E","?","R","B"],"character_chosen":"IRONCLAD","items_purchased":["Flash of Steel","Pen Nib"],"gold_per_floor":[365,378,378,392,392,392,405,432,459,384,410,207,207,219,219,319,319,338,349,299,299,315,325,48,59,59,69,99,24,24,44,44,147,147,165,165,165,177,177,177,226,76,99,125,125,140,171,171,171,171],"floor_reached":51,"campfire_rested":3,"playtime":1926,"current_hp_per_floor":[74,80,77,75,59,59,57,46,53,53,36,36,36,38,64,25,87,83,87,87,87,69,70,70,66,66,65,30,30,30,31,57,37,87,80,69,69,79,79,79,77,77,77,47,47,32,32,32,58,19],"items_purged":["Strike_R","Decay","Strike_R","Defend_R"],"gold":171,"score":625,"play_id":"6741e778-b317-4c27-9912-cef26b21c528","is_prod":false,"is_daily":false,"is_ascension_mode":false,"campfire_upgraded":3,"path_taken":["M","M","?","M","?","R","?","?","T","$","E","$","?","M","R","BOSS","M","?","?","?","M","M","$","M","T","?","E","?","$","?","R","BOSS","M","?","?","?","?","R","?","$","T","E","R","?","E","?","R","BOSS"],"build_version":"2018-02-15-PROD1","purchased_purges":4,"victory":true,"master_deck":["Strike_R","Defend_R","Defend_R+1","Defend_R","Bash","Pummel","Whirlwind+1","Clash+1","Havoc","Iron Wave+1","Flash of Steel+1","Mind Blast+1","Offering","Demon Form+1","Sword Boomerang+1","Heavy Blade+1","Twin Strike+1","Reaper+1","Flex","Fire Breathing+1","Whirlwind+1","Double Tap","Madness","Madness+1","Pummel+1","Armaments+1","Clash+1"],"max_hp_per_floor":[80,80,80,80,80,80,80,80,87,87,87,87,87,87,87,87,87,87,87,87,87,87,87,87,87,87,87,87,87,87,87,87,87,87,87,87,87,87,87,87,87,87,87,87,87,87,87,87,87,87],"relics":["Black Blood","Molten Egg 2","Odd Mushroom","Strawberry","Ancient Tea Set","Pen Nib","Du-Vu Doll","Vajra","Lizard Tail","Red Skull","Ice Cream","Art of War","Ornamental Fan","Matryoshka"],"card_choices":[{"not_picked":["Combust","Wild Strike"],"picked":"Pummel"},{"not_picked":["Wild Strike","Thunderclap"],"picked":"Whirlwind"},{"not_picked":["Evolve","Feel No Pain"],"picked":"Clash"},{"not_picked":["Battle Trance","Bloodletting"],"picked":"Havoc"},{"not_picked":["Bloodletting","Headbutt"],"picked":"Iron Wave"},{"not_picked":["Offering","Double Tap"],"picked":"Demon Form"},{"not_picked":["Anger","Perfected Strike"],"picked":"Sword Boomerang"},{"not_picked":["Uppercut","Warcry"],"picked":"Heavy Blade"},{"not_picked":["Dual Wield","Pommel Strike"],"picked":"Twin Strike"},{"not_picked":["True Grit","Inflame"],"picked":"Reaper"},{"not_picked":["Rage","Bloodletting"],"picked":"Flex"},{"not_picked":["Evolve","Burning Pact"],"picked":"Fire Breathing"},{"not_picked":["Wild Strike","Warcry"],"picked":"Whirlwind"},{"not_picked":["Reaper","Fiend Fire"],"picked":"Double Tap"},{"not_picked":["Havoc","Clothesline"],"picked":"Pummel"},{"not_picked":["Flex","Second Wind"],"picked":"Armaments"},{"not_picked":["Wild Strike","Blood for Blood"],"picked":"Clash"}],"player_experience":108338,"potions_floor_usage":[16,16,28,31,33,41,47,50,50],"damage_taken":[{"damage":12,"enemies":"2 Louse","floor":1,"turns":3},{"damage":0,"enemies":"Small Slimes","floor":2,"turns":3},{"damage":8,"enemies":"Jaw Worm","floor":4,"turns":3},{"damage":8,"enemies":"Blue Slaver","floor":7,"turns":3},{"damage":17,"enemies":"The Mushroom Lair","floor":8,"turns":3},{"damage":23,"enemies":"Lagavulin","floor":11,"turns":6},{"damage":4,"enemies":"Exordium Thugs","floor":14,"turns":2},{"damage":45,"enemies":"Hexaghost","floor":16,"turns":7},{"damage":14,"enemies":"Spheric Guardian","floor":18,"turns":4},{"damage":4,"enemies":"Chosen","floor":19,"turns":4},{"damage":28,"enemies":"Snake Plant","floor":22,"turns":4},{"damage":9,"enemies":"Cultist and Chosen","floor":23,"turns":3},{"damage":14,"enemies":"Snecko","floor":25,"turns":4},{"damage":25,"enemies":"3 Cultists","floor":27,"turns":4},{"damage":45,"enemies":"Slavers","floor":28,"turns":4},{"damage":9,"enemies":"Snake Plant","floor":31,"turns":3},{"damage":48,"enemies":"Collector","floor":33,"turns":6},{"damage":17,"enemies":"3 Darklings","floor":35,"turns":3},{"damage":0,"enemies":"Orb Walker","floor":38,"turns":1},{"damage":18,"enemies":"Mysterious Sphere","floor":41,"turns":2},{"damage":40,"enemies":"Nemesis","floor":44,"turns":3},{"damage":25,"enemies":"Maw","floor":46,"turns":4},{"damage":35,"enemies":"Giant Head","floor":47,"turns":6},{"damage":49,"enemies":"Time Eater","floor":50,"turns":6}],"event_choices":[{"event_name":"Scrap Ooze","player_choice":"success","floor":3,"damage_taken":3},{"event_name":"Shining Light","player_choice":"Entered Light","floor":5,"damage_taken":0},{"event_name":"Mushrooms","player_choice":"Fought Mushrooms","floor":8,"damage_taken":0},{"event_name":"Match and Keep!","player_choice":"2 cards matched","floor":13,"damage_taken":0},{"event_name":"The Joust","player_choice":"Bet on Owner","floor":20,"damage_taken":0},{"event_name":"Drug Dealer","player_choice":"Ignored","floor":21,"damage_taken":0},{"event_name":"Beggar","player_choice":"Gave Gold","floor":29,"damage_taken":0},{"event_name":"Winding Halls","player_choice":"Embrace Madness","floor":36,"damage_taken":0},{"event_name":"Tomb of Lord Red Mask","player_choice":"Ignored","floor":39,"damage_taken":0},{"event_name":"Mysterious Sphere","player_choice":"Fight","floor":41,"damage_taken":0}],"boss_relics":[{"not_picked":["Snecko Eye","Pandora\u0027s Box"],"picked":"Black Blood"},{"not_picked":["Question Card","Mark of Pain"],"picked":"Lizard Tail"}],"potions_floor_spawned":[1,7,14,18,27,28,31,33,44,46],"seed_played":"754231798996865654","ascension_level":0,"is_trial":false}