{"gold_per_floor":[110,11,22,97,97,131,131,162,162,187,187,187,199,219,219,219],"floor_reached":16,"playtime":441,"items_purged":[],"score":179,"play_id":"ccb0d3aa-bf21-4568-b532-f51a06627728","local_time":"20190305080931","is_ascension_mode":true,"campfire_choices":[{"data":"Flying Knee","floor":7,"key":"SMITH"},{"data":"Dodge and Roll","floor":12,"key":"SMITH"},{"floor":15,"key":"REST"}],"neow_cost":"NONE","seed_source_timestamp":198758704671084,"circlet_count":0,"master_deck":["Defend_G","Defend_G","Defend_G","Defend_G","Defend_G","Strike_G","Strike_G","Strike_G","Strike_G","Survivor","Neutralize","Backstab","Dodge and Roll+1","Slice","Acrobatics","Flying Knee+1","Cloak And Dagger","Burst","Burst","Dagger Spray"],"relics":["Ring of the Snake","NeowsBlessing","Paper Crane","Lantern","Bag of Preparation","Happy Flower","Omamori"],"potions_floor_usage":[8],"damage_taken":[{"damage":0,"enemies":"Jaw Worm","floor":1,"turns":1},{"damage":0,"enemies":"2 Louse","floor":3,"turns":1},{"damage":0,"enemies":"Lagavulin","floor":6,"turns":1},{"damage":22,"enemies":"Gremlin Nob","floor":8,"turns":5},{"damage":2,"enemies":"3 Sentries","floor":10,"turns":8},{"damage":0,"enemies":"Small Slimes","floor":13,"turns":2},{"damage":1,"enemies":"2 Fungi Beasts","floor":14,"turns":2},{"damage":68,"enemies":"The Guardian","floor":16,"turns":12}],"seed_played":"-93222591890183705","potions_obtained":[{"floor":3,"key":"GamblersBrew"},{"floor":6,"key":"SneckoOil"}],"is_trial":false,"path_per_floor":["M","$","M","?","?","E","R","E","T","E","?","R","M","M","R","B"],"character_chosen":"THE_SILENT","items_purchased":["Dodge and Roll","Slice"],"campfire_rested":1,"item_purchase_floors":[2,2],"current_hp_per_floor":[70,70,70,59,52,52,52,30,30,28,28,28,28,27,48,0],"gold":219,"neow_bonus":"THREE_ENEMY_KILL","is_prod":false,"is_daily":false,"chose_seed":false,"campfire_upgraded":2,"win_rate":0,"timestamp":1551794971,"path_taken":["M","$","M","?","?","E","R","E","T","E","?","R","M","M","R","BOSS"],"build_version":"2019-01-23","purchased_purges":0,"victory":false,"max_hp_per_floor":[70,70,70,70,70,70,70,70,70,70,70,70,70,70,70,70],"card_choices":[{"not_picked":["Sucker Punch","Acrobatics"],"picked":"Backstab","floor":1},{"not_picked":["Underhanded Strike","Outmaneuver"],"picked":"Acrobatics","floor":3},{"not_picked":["Setup","Dodge and Roll"],"picked":"Flying Knee","floor":6},{"not_picked":["Outmaneuver","Sucker Punch"],"picked":"Cloak And Dagger","floor":8},{"not_picked":["Backstab","Catalyst"],"picked":"Burst","floor":10},{"not_picked":["Dodge and Roll","Poisoned Stab"],"picked":"Dagger Spray","floor":13},{"not_picked":["Expertise","Sucker Punch","Concentrate"],"picked":"SKIP","floor":14}],"player_experience":312222,"relics_obtained":[{"floor":6,"key":"Lantern"},{"floor":8,"key":"Bag of Preparation"},{"floor":9,"key":"Happy Flower"},{"floor":10,"key":"Omamori"}],"event_choices":[{"damage_healed":0,"gold_gain":75,"player_choice":"Gather Gold","damage_taken":11,"max_hp_gain":0,"max_hp_loss":0,"event_name":"World of Goop","floor":4,"gold_loss":0},{"damage_healed":0,"gold_gain":0,"player_choice":"Success","damage_taken":7,"relics_obtained":["Paper Crane"],"max_hp_gain":0,"max_hp_loss":0,"event_name":"Scrap Ooze","floor":5,"gold_loss":0},{"damage_healed":0,"gold_gain":0,"cards_transformed":["Strike_G"],"player_choice":"Change","damage_taken":0,"max_hp_gain":0,"max_hp_loss":0,"event_name":"Living Wall","floor":11,"gold_loss":0,"cards_obtained":["Burst"]}],"is_beta":false,"boss_relics":[],"items_purged_floors":[],"is_endless":false,"potions_floor_spawned":[3,6],"killed_by":"The Guardian","ascension_level":5}