{"path_per_floor":["M","?","$","M","$","R","M","M","T","M","M","$","?","M","R","B",null,"M","M","$","M","M","R","?","M","T","M","R","M","?","M","R","B",null,"M","?","M","M","$","R","?","?","T","M","M","M","?","M","R"],"character_chosen":"IRONCLAD","items_purchased":["Dropkick"],"gold_per_floor":[110,110,35,49,49,49,66,78,105,120,133,60,10,26,26,128,128,144,162,62,82,96,96,96,111,111,121,121,134,134,148,148,252,252,267,267,281,295,170,170,170,170,170,190,203,216,216,228,228],"floor_reached":50,"campfire_rested":2,"playtime":2036,"current_hp_per_floor":[60,60,60,66,66,66,72,59,59,55,50,50,50,48,69,58,72,72,63,63,66,56,56,56,48,48,51,51,53,53,54,72,37,72,72,72,58,58,58,58,58,49,49,56,55,49,49,51,51],"items_purged":["Defend_R","Anger","Havoc"],"gold":228,"score":444,"play_id":"ffb8f0a8-3624-4a91-a446-31203083e39c","local_time":"20180318170510","is_prod":false,"is_daily":false,"is_ascension_mode":false,"campfire_upgraded":5,"timestamp":1521403510,"path_taken":["M","?","?","M","$","R","?","M","T","M","M","?","?","M","R","BOSS","M","M","$","M","M","R","?","M","T","M","R","?","?","M","R","BOSS","M","?","M","M","$","R","?","?","T","?","?","M","?","M","R","BOSS"],"build_version":"2018-03-15v3","purchased_purges":3,"victory":false,"master_deck":["Strike_R","Bash+1","Clash+1","Dropkick+1","Offering+1","Rage+1","Dual Wield+1","Madness+1","Madness"],"max_hp_per_floor":[72,72,72,72,72,72,72,72,72,72,72,72,72,72,72,72,72,72,72,72,72,72,72,72,72,72,72,72,72,72,72,72,72,72,72,72,72,72,72,72,72,72,72,72,72,72,72,72,72],"relics":["Burning Blood","Blood Vial","Astrolabe","Bag of Preparation","White Beast Statue","Magic Flower"],"card_choices":[{"not_picked":["Burning Pact","Shockwave"],"picked":"Clash"},{"not_picked":["Exhume","Impervious"],"picked":"Offering"},{"not_picked":["Sword Boomerang","Entrench"],"picked":"Rage"},{"not_picked":["Searing Blow","Twin Strike"],"picked":"Dual Wield"}],"player_experience":605963,"potions_floor_usage":[16,19,21,29,31,33,45,46],"damage_taken":[{"damage":18,"enemies":"Jaw Worm","floor":1,"turns":3},{"damage":0,"enemies":"Small Slimes","floor":4,"turns":2},{"damage":0,"enemies":"Cultist","floor":7,"turns":2},{"damage":19,"enemies":"Exordium Thugs","floor":8,"turns":3},{"damage":12,"enemies":"Blue Slaver","floor":10,"turns":2},{"damage":13,"enemies":"Red Slaver","floor":11,"turns":2},{"damage":10,"enemies":"Exordium Thugs","floor":14,"turns":2},{"damage":19,"enemies":"Slime Boss","floor":16,"turns":7},{"damage":5,"enemies":"Chosen","floor":18,"turns":1},{"damage":15,"enemies":"2 Thieves","floor":19,"turns":2},{"damage":8,"enemies":"Cultist and Chosen","floor":21,"turns":4},{"damage":18,"enemies":"Centurion and Healer","floor":22,"turns":5},{"damage":16,"enemies":"3 Cultists","floor":25,"turns":4},{"damage":5,"enemies":"Snake Plant","floor":27,"turns":2},{"damage":6,"enemies":"Centurion and Healer","floor":29,"turns":3},{"damage":7,"enemies":"Cultist and Chosen","floor":31,"turns":3},{"damage":41,"enemies":"Collector","floor":33,"turns":8},{"damage":5,"enemies":"Orb Walker","floor":35,"turns":2},{"damage":20,"enemies":"3 Darklings","floor":37,"turns":5},{"damage":8,"enemies":"Maw","floor":38,"turns":5},{"damage":5,"enemies":"Sphere and 2 Shapes","floor":44,"turns":2},{"damage":13,"enemies":"3 Darklings","floor":45,"turns":3},{"damage":18,"enemies":"4 Shapes","floor":46,"turns":3},{"damage":10,"enemies":"Sphere and 2 Shapes","floor":48,"turns":2},{"damage":58,"enemies":"Time Eater","floor":50,"turns":5}],"event_choices":[{"event_name":"Living Wall","player_choice":"Forget","floor":2,"damage_taken":0},{"event_name":"The Cleric","player_choice":"Card Removal","floor":13,"damage_taken":0},{"event_name":"Vampires","player_choice":"Ignored","floor":24,"damage_taken":0},{"event_name":"Accursed Blacksmith","player_choice":"Forge","floor":30,"damage_taken":0},{"event_name":"Mysterious Sphere","player_choice":"Ignore","floor":36,"damage_taken":0},{"event_name":"Tomb of Lord Red Mask","player_choice":"Ignored","floor":41,"damage_taken":0},{"event_name":"Winding Halls","player_choice":"Embrace Madness","floor":42,"damage_taken":0}],"boss_relics":[{"not_picked":["Black Blood","Runic Cube"],"picked":"Astrolabe"},{"not_picked":["Eternal Feather","Pandora\u0027s Box"],"picked":"White Beast Statue"}],"potions_floor_spawned":[1,8,16,18,22,25,35,37,38,44,45,46,48],"seed_played":"-1390206752289281222","killed_by":"Time Eater","ascension_level":0,"is_trial":false}