{"gold_per_floor":[116,116,136,86,186,217,217,248,248,248,259,37,37,49,49,150,150,161,161,12,12,11,11,11],"floor_reached":24,"playtime":767,"items_purged":["Writhe"],"score":250,"play_id":"b3cf6878-8502-4968-a2f1-96a6774c4957","local_time":"20190216152800","is_ascension_mode":true,"campfire_choices":[{"data":"Genetic Algorithm","floor":7,"key":"SMITH"},{"data":"Hologram","floor":10,"key":"SMITH"},{"data":"Self Repair","floor":13,"key":"SMITH"},{"data":"Beam Cell","floor":15,"key":"SMITH"},{"data":"Hologram","floor":23,"key":"SMITH"}],"neow_cost":"NONE","seed_source_timestamp":113286355964782,"circlet_count":0,"master_deck":["Strike_B","Strike_B+1","Defend_B","Defend_B","Defend_B","Defend_B","Zap","Dualcast","FTL+1","Genetic Algorithm+1","Hologram+1","Self Repair+1","Beam Cell+1","Reboot","Leap+1","Hologram+1"],"relics":["Cracked Core","NeowsBlessing","Symbiotic Virus","Whetstone","Pear","Membership Card","Black Star","Gambling Chip","Centennial Puzzle"],"potions_floor_usage":[8,16,18,22,22],"damage_taken":[{"damage":0,"enemies":"2 Louse","floor":1,"turns":1},{"damage":0,"enemies":"Cultist","floor":3,"turns":1},{"damage":0,"enemies":"Gremlin Nob","floor":6,"turns":1},{"damage":30,"enemies":"3 Sentries","floor":8,"turns":9},{"damage":0,"enemies":"Small Slimes","floor":11,"turns":3},{"damage":1,"enemies":"Exordium Thugs","floor":14,"turns":4},{"damage":31,"enemies":"The Guardian","floor":16,"turns":10},{"damage":53,"enemies":"3 Byrds","floor":18,"turns":5},{"damage":13,"enemies":"2 Thieves","floor":22,"turns":4},{"damage":11,"enemies":"Centurion and Healer","floor":24,"turns":3}],"seed_played":"5527795417372483323","potions_obtained":[{"floor":6,"key":"Strength Potion"},{"floor":11,"key":"SteroidPotion"},{"floor":14,"key":"Weak Potion"},{"floor":16,"key":"Block Potion"},{"floor":18,"key":"Block Potion"}],"is_trial":false,"path_per_floor":["M","?","M","?","?","E","R","E","T","R","M","$","R","M","R","B",null,"M","?","$","?","M","R","M"],"character_chosen":"DEFECT","items_purchased":["Membership Card","Beam Cell","Regen Potion","Centennial Puzzle"],"campfire_rested":0,"item_purchase_floors":[12,12,20,20],"current_hp_per_floor":[75,68,68,68,68,68,68,38,48,48,48,48,48,57,57,36,85,42,42,42,42,53,53,42],"gold":11,"neow_bonus":"THREE_ENEMY_KILL","is_prod":false,"is_daily":false,"chose_seed":false,"campfire_upgraded":5,"win_rate":0,"timestamp":1550352480,"path_taken":["M","?","M","?","?","E","R","E","T","R","M","$","R","?","R","BOSS","M","?","$","?","?","R","M"],"build_version":"2019-01-23","purchased_purges":1,"victory":false,"max_hp_per_floor":[75,75,75,75,75,75,75,75,85,85,85,85,85,85,85,85,85,85,85,85,85,85,85,85],"card_choices":[{"not_picked":["Ball Lightning","Barrage"],"picked":"FTL","floor":1},{"not_picked":["Consume","Defragment","Barrage"],"picked":"SKIP","floor":3},{"not_picked":["Force Field","Hello World"],"picked":"Genetic Algorithm","floor":6},{"not_picked":["Ball Lightning","Heatsinks"],"picked":"Hologram","floor":8},{"not_picked":["Darkness","Compile Driver"],"picked":"Self Repair","floor":11},{"not_picked":["Steam Power","Reinforced Body","Electrodynamics"],"picked":"SKIP","floor":14},{"not_picked":["Hyperbeam","Buffer"],"picked":"Reboot","floor":16},{"not_picked":["Beam Cell","Double Energy"],"picked":"Leap","floor":18},{"not_picked":["Redo","Capacitor"],"picked":"Hologram","floor":22}],"player_experience":201309,"relics_obtained":[{"floor":6,"key":"Symbiotic Virus"},{"floor":8,"key":"Whetstone"},{"floor":9,"key":"Pear"}],"event_choices":[{"cards_removed":["Strike_B"],"damage_healed":0,"gold_gain":0,"player_choice":"Card Removal","damage_taken":7,"max_hp_gain":0,"max_hp_loss":0,"event_name":"Golden Wing","floor":2,"gold_loss":0},{"cards_removed":["Strike_B"],"damage_healed":0,"gold_gain":0,"player_choice":"Card Removal","damage_taken":0,"max_hp_gain":0,"max_hp_loss":0,"event_name":"The Cleric","floor":4,"gold_loss":50},{"damage_healed":0,"gold_gain":100,"player_choice":"Pray","damage_taken":0,"max_hp_gain":0,"max_hp_loss":0,"event_name":"Golden Shrine","floor":5,"gold_loss":0},{"damage_healed":0,"gold_gain":0,"player_choice":"Opened","damage_taken":0,"relics_obtained":["Gambling Chip"],"max_hp_gain":0,"max_hp_loss":0,"event_name":"The Mausoleum","floor":19,"gold_loss":0,"cards_obtained":["Writhe"]},{"damage_healed":0,"gold_gain":0,"player_choice":"Forge","damage_taken":0,"max_hp_gain":0,"max_hp_loss":0,"event_name":"Accursed Blacksmith","floor":21,"gold_loss":0,"cards_upgraded":["Leap"]}],"is_beta":false,"boss_relics":[{"not_picked":["Velvet Choker","FrozenCore"],"picked":"Black Star"}],"items_purged_floors":[20],"is_endless":false,"potions_floor_spawned":[6,11,14,16,18],"killed_by":"Centurion and Healer","ascension_level":2}