{"gold_per_floor":[368,102,118,131,150,177,177,177,231,231,265,265,284,12,12,108,108,121,21,40,52,15,15,15],"floor_reached":24,"playtime":1044,"items_purged":["Strike_B","Strike_B"],"score":247,"play_id":"6ef2f1f3-04e1-4efc-90ac-50f139dbcae9","local_time":"20181222131524","is_ascension_mode":true,"campfire_choices":[{"data":"Zap","floor":8.0,"key":"SMITH"},{"data":"Gash","floor":10.0,"key":"SMITH"},{"floor":15.0,"key":"REST"},{"floor":23,"key":"REST"}],"neow_cost":"PERCENT_DAMAGE","seed_source_timestamp":0,"circlet_count":0,"master_deck":["Strike_B","Strike_B","Defend_B","Defend_B","Defend_B","Defend_B","Zap+1","Dualcast","Hologram","Mayhem","Streamline+1","Gash+1","Conserve Battery+1","Fission+1","Coolheaded","Rip and Tear","Melter","Electrodynamics","Ball Lightning","Capacitor","Defragment"],"special_seed":0,"relics":["Cracked Core","Darkstone Periapt","War Paint","Ancient Tea Set","Question Card","HandDrill","Eternal Feather"],"potions_floor_usage":[24],"damage_taken":[{"damage":1.0,"enemies":"Cultist","floor":1.0,"turns":3.0},{"damage":6.0,"enemies":"2 Louse","floor":3.0,"turns":4.0},{"damage":0.0,"enemies":"Small Slimes","floor":4.0,"turns":3.0},{"damage":10.0,"enemies":"2 Fungi Beasts","floor":5.0,"turns":3.0},{"damage":18.0,"enemies":"Lagavulin","floor":6.0,"turns":6.0},{"damage":14.0,"enemies":"Gremlin Nob","floor":11.0,"turns":4.0},{"damage":0.0,"enemies":"3 Louse","floor":13.0,"turns":3.0},{"damage":18.0,"enemies":"Hexaghost","floor":16.0,"turns":8.0},{"damage":22,"enemies":"Chosen","floor":18,"turns":4},{"damage":12,"enemies":"3 Byrds","floor":20,"turns":3},{"damage":24,"enemies":"Snake Plant","floor":21,"turns":3},{"damage":57,"enemies":"Book of Stabbing","floor":24,"turns":5}],"seed_played":"8986511673411605040","potions_obtained":[{"floor":4.0,"key":"Ancient Potion"},{"floor":5.0,"key":"LiquidBronze"},{"floor":6.0,"key":"SpeedPotion"},{"floor":21,"key":"SpeedPotion"}],"is_trial":false,"path_per_floor":["M","$","M","M","M","E","?","R","T","R","E","?","M","$","R","B",null,"M","$","M","M","$","R","E"],"character_chosen":"DEFECT","items_purchased":["Mayhem","HandDrill","Melter","Defragment"],"campfire_rested":2,"item_purchase_floors":[2,14,14,22],"current_hp_per_floor":[53,53,47,47,37,19,16,16,16,16,2,2,2,2,24,6,75,53,53,41,17,17,51,0],"gold":15,"neow_bonus":"TWO_FIFTY_GOLD","is_prod":false,"is_daily":false,"chose_seed":false,"campfire_upgraded":2,"win_rate":0,"timestamp":1545491724,"path_taken":["M","$","M","M","?","E","?","R","T","R","E","?","?","?","R","BOSS","M","$","M","?","$","R","E"],"build_version":"2018-12-20","purchased_purges":2,"victory":false,"max_hp_per_floor":[75,75,75,75,75,75,75,75,75,75,75,75,75,75,75,75,75,75,75,75,75,75,75,75],"card_choices":[{"not_picked":["Turbo","Stack"],"picked":"Hologram","floor":1.0},{"not_picked":["Loop","Stack"],"picked":"Streamline","floor":3.0},{"not_picked":["Leap","Compile Driver"],"picked":"Gash","floor":4.0},{"not_picked":["Capacitor","Fusion"],"picked":"Conserve Battery","floor":5.0},{"not_picked":["Reinforced Body","Lockon"],"picked":"Fission","floor":6.0},{"not_picked":["Rebound","Turbo"],"picked":"Coolheaded","floor":11.0},{"not_picked":["Turbo","Doom and Gloom","Compile Driver"],"picked":"Rip and Tear","floor":13.0},{"not_picked":["Hyperbeam","Reboot","Meteor Strike"],"picked":"Electrodynamics","floor":16.0},{"not_picked":["Streamline+1","Hologram","Blizzard"],"picked":"Ball Lightning","floor":18},{"not_picked":["Rebound","Leap","Barrage"],"picked":"Capacitor","floor":20},{"not_picked":["Consume","Cold Snap","Sweeping Beam","Gash"],"picked":"SKIP","floor":21}],"player_experience":889530,"relics_obtained":[{"floor":6.0,"key":"Darkstone Periapt"},{"floor":9.0,"key":"Ancient Tea Set"},{"floor":11.0,"key":"Question Card"}],"event_choices":[{"damage_healed":0.0,"max_hp_gain":0.0,"max_hp_loss":0.0,"gold_gain":0.0,"event_name":"Scrap Ooze","player_choice":"Success","floor":7.0,"gold_loss":0.0,"damage_taken":3.0,"relics_obtained":["War Paint"]},{"damage_healed":0.0,"max_hp_gain":0.0,"max_hp_loss":0.0,"gold_gain":0.0,"event_name":"Accursed Blacksmith","player_choice":"Forge","floor":12.0,"gold_loss":0.0,"damage_taken":0.0,"cards_upgraded":["Streamline"]}],"is_beta":true,"boss_relics":[{"not_picked":["Empty Cage","Ectoplasm"],"picked":"Eternal Feather"}],"items_purged_floors":[2,19],"is_endless":false,"potions_floor_spawned":[4,5,6,21],"killed_by":"Book of Stabbing","ascension_level":4}