{"path_per_floor":["M","?","$","M","?","E","M","$","T","R","?","R","M","M","R","B",null,"M","$","?","M","M","R","M","R","T","R"],"character_chosen":"THE_SILENT","items_purchased":["Backflip","Backflip","Dagger Spray"],"gold_per_floor":[118,68,45,62,62,88,106,4,4,4,4,4,14,30,30,134,134,119,94,94,107,117,117,127,127,127,127],"floor_reached":28,"campfire_rested":3,"playtime":2035,"current_hp_per_floor":[70,70,70,69,69,54,53,53,53,53,46,46,45,38,59,4,70,54,54,54,37,11,32,5,26,40,40],"items_purged":["Defend_G"],"gold":127,"score":218,"play_id":"3086ab4c-c48e-4398-90cd-d521ad021541","is_prod":false,"is_daily":false,"is_ascension_mode":false,"campfire_upgraded":3,"path_taken":["M","?","?","?","?","E","M","$","T","R","?","R","M","M","R","BOSS","M","$","?","?","M","R","M","R","T","R","?"],"build_version":"2018-02-15-PROD1","purchased_purges":1,"victory":false,"master_deck":["Defend_G","Defend_G","Defend_G","Strike_G","Strike_G","Strike_G","Survivor","Neutralize+1","Escape Plan","Backflip","Slice","Caltrops+1","Backflip+1","Escape Plan","Burst","Dagger Spray","Slice+1","Prepared+1","Dodge and Roll"],"max_hp_per_floor":[70,70,70,70,70,70,70,70,70,70,70,70,70,70,70,70,70,70,70,70,70,70,70,70,70,84,84],"relics":["Ring of the Snake","Bag of Marbles","Art of War","Lantern","Black Star","Mango"],"card_choices":[{"not_picked":["All Out Attack","Sucker Punch"],"picked":"Escape Plan"},{"not_picked":["Grand Finale","Skewer"],"picked":"Slice"},{"not_picked":["Deflect","All Out Attack"],"picked":"Caltrops"},{"not_picked":["Quick Slash","Noxious Fumes"],"picked":"Escape Plan"},{"not_picked":["Night Terror","Tactician"],"picked":"Burst"},{"not_picked":["Concentrate","Poisoned Stab"],"picked":"Slice"},{"not_picked":["Predator","Corpse Explosion"],"picked":"Prepared"},{"not_picked":["Flechettes","Underhanded Strike"],"picked":"Dodge and Roll"}],"player_experience":143401,"potions_floor_usage":[16,16,21,24,24],"damage_taken":[{"damage":0,"enemies":"2 Louse","floor":1,"turns":4},{"damage":1,"enemies":"Small Slimes","floor":4,"turns":4},{"damage":15,"enemies":"3 Sentries","floor":6,"turns":14},{"damage":1,"enemies":"Cultist","floor":7,"turns":4},{"damage":1,"enemies":"Exordium Thugs","floor":13,"turns":5},{"damage":7,"enemies":"Lots of Slimes","floor":14,"turns":4},{"damage":55,"enemies":"Slime Boss","floor":16,"turns":14},{"damage":16,"enemies":"2 Thieves","floor":18,"turns":4},{"damage":29,"enemies":"Chosen","floor":21,"turns":9},{"damage":26,"enemies":"Snecko","floor":22,"turns":7},{"damage":27,"enemies":"Centurion and Healer","floor":24,"turns":13},{"damage":48,"enemies":"Cultist and Chosen","floor":28,"turns":8}],"event_choices":[{"event_name":"The Cleric","player_choice":"Card Removal","floor":2,"damage_taken":0},{"event_name":"Bonfire Elementals","player_choice":"BASIC","floor":5,"damage_taken":0},{"event_name":"Golden Wing","player_choice":"Card Removal","floor":11,"damage_taken":0},{"event_name":"Drug Dealer","player_choice":"Ignored","floor":20,"damage_taken":0}],"boss_relics":[{"not_picked":["Velvet Choker","The Specimen"],"picked":"Black Star"}],"potions_floor_spawned":[1,4,16,18,22],"seed_played":"7475555533405147967","killed_by":"Cultist and Chosen","ascension_level":0,"is_trial":false}