{"gold_per_floor":[114,133,133,58,58,58,72,72,72,105,121,52,52,68,68,192,192,216,231,231,231,13,13],"floor_reached":23,"playtime":823,"items_purged":["Strike_B"],"score":217,"play_id":"fbe85594-9a93-45ea-8250-6f2bbf676544","local_time":"20190225222332","is_ascension_mode":true,"campfire_choices":[{"data":"Coolheaded","floor":6,"key":"SMITH"},{"data":"Coolheaded","floor":8,"key":"SMITH"},{"floor":15,"key":"REST"}],"neow_cost":"NONE","seed_source_timestamp":17826067406551,"circlet_count":0,"master_deck":["Strike_B","Defend_B","Defend_B","Defend_B","Defend_B","Zap","Dualcast","Gash","Coolheaded+1","Coolheaded+1","Seek","Leap","Self Repair","Scrape","Echo Form","Gash","All For One","Go for the Eyes","Rebound","Chill"],"relics":["Cracked Core","NeowsBlessing","Bottled Lightning","Matryoshka","Bloody Idol","Orrery","Blood Vial"],"potions_floor_usage":[10,18,23,23],"damage_taken":[{"damage":0,"enemies":"Cultist","floor":1,"turns":1},{"damage":0,"enemies":"Jaw Worm","floor":2,"turns":1},{"damage":0,"enemies":"Small Slimes","floor":7,"turns":1},{"damage":13,"enemies":"3 Sentries","floor":10,"turns":10},{"damage":2,"enemies":"Red Slaver","floor":11,"turns":5},{"damage":19,"enemies":"Exordium Thugs","floor":14,"turns":8},{"damage":23,"enemies":"The Guardian","floor":16,"turns":14},{"damage":20,"enemies":"Shell Parasite","floor":18,"turns":5},{"damage":25,"enemies":"Spheric Guardian","floor":19,"turns":4},{"damage":56,"enemies":"Slavers","floor":23,"turns":3}],"seed_played":"5629795170542334474","potions_obtained":[{"floor":1,"key":"Fire Potion"},{"floor":11,"key":"PowerPotion"},{"floor":18,"key":"FocusPotion"}],"is_trial":false,"path_per_floor":["M","M","?","$","?","R","M","R","T","E","M","$","?","M","R","B",null,"M","M","?","?","$","E"],"character_chosen":"DEFECT","items_purchased":["Self Repair","Blood Vial","Regen Potion"],"campfire_rested":1,"item_purchase_floors":[12,22,22],"current_hp_per_floor":[75,75,75,75,75,75,75,75,75,62,60,60,42,30,52,36,75,62,44,44,44,44,0],"gold":13,"neow_bonus":"THREE_ENEMY_KILL","is_prod":false,"is_daily":false,"chose_seed":false,"campfire_upgraded":2,"win_rate":0,"timestamp":1551155012,"path_taken":["M","?","?","$","?","R","?","R","T","E","M","$","?","M","R","BOSS","M","M","?","?","?","E"],"build_version":"2019-01-23","purchased_purges":1,"victory":false,"max_hp_per_floor":[75,75,75,75,75,75,75,75,75,75,75,75,75,75,75,75,75,75,75,75,75,75,75],"card_choices":[{"not_picked":["Coolheaded","Leap"],"picked":"Gash","floor":1},{"not_picked":["Compile Driver","Hello World"],"picked":"Coolheaded","floor":2},{"not_picked":["Recycle","Genetic Algorithm"],"picked":"Coolheaded","floor":7},{"not_picked":["Defragment","Go for the Eyes"],"picked":"Seek","floor":10},{"not_picked":["Rip and Tear","Recycle"],"picked":"Leap","floor":11},{"not_picked":["Go for the Eyes","Beam Cell"],"picked":"Scrape","floor":14},{"not_picked":["Multi-Cast","Electrodynamics"],"picked":"Echo Form","floor":16},{"not_picked":["Cold Snap","Stack"],"picked":"Gash","floor":17},{"not_picked":["Rebound","Beam Cell"],"picked":"All For One","floor":17},{"not_picked":["Rebound","Compile Driver"],"picked":"Go for the Eyes","floor":17},{"not_picked":["Fusion","Sweeping Beam"],"picked":"Rebound","floor":17},{"not_picked":["Barrage+1","Redo"],"picked":"Chill","floor":18},{"not_picked":["Coolheaded","Sweeping Beam","Cold Snap"],"picked":"SKIP","floor":19}],"player_experience":242864,"relics_obtained":[{"floor":9,"key":"Bottled Lightning"},{"floor":10,"key":"Matryoshka"}],"event_choices":[{"cards_removed":["Strike_B"],"damage_healed":0,"gold_gain":0,"player_choice":"Forget","damage_taken":0,"max_hp_gain":0,"max_hp_loss":0,"event_name":"Living Wall","floor":3,"gold_loss":0},{"cards_removed":["Strike_B"],"damage_healed":0,"gold_gain":0,"player_choice":"Offered Basic","damage_taken":0,"max_hp_gain":0,"max_hp_loss":0,"event_name":"Bonfire Elementals","floor":5,"gold_loss":0},{"damage_healed":0,"gold_gain":0,"player_choice":"Take Damage","damage_taken":18,"relics_obtained":["Golden Idol"],"max_hp_gain":0,"max_hp_loss":0,"event_name":"Golden Idol","floor":13,"gold_loss":0},{"damage_healed":0,"gold_gain":0,"player_choice":"Gave Idol","damage_taken":0,"relics_obtained":["Bloody Idol"],"max_hp_gain":0,"max_hp_loss":0,"event_name":"Forgotten Altar","floor":20,"relics_lost":["Golden Idol"],"gold_loss":0},{"damage_healed":0,"gold_gain":0,"player_choice":"Ignored","damage_taken":0,"max_hp_gain":0,"max_hp_loss":0,"event_name":"Ghosts","floor":21,"gold_loss":0}],"is_beta":false,"boss_relics":[{"not_picked":["Eternal Feather","Calling Bell"],"picked":"Orrery"}],"items_purged_floors":[4],"is_endless":false,"potions_floor_spawned":[1,11,18],"killed_by":"Slavers","ascension_level":3}