{"path_per_floor":["M","?","M","?","$","R","M","R","T","M","R","?","M","M","R","B",null,"M","?","?","$","M"],"character_chosen":"THE_SILENT","items_purchased":[],"gold_per_floor":[117,117,137,137,62,62,73,73,73,84,84,84,104,117,117,220,220,231,146,146,46,62],"floor_reached":23,"campfire_rested":1,"playtime":1629,"current_hp_per_floor":[63,50,49,49,49,49,46,46,46,42,42,42,33,32,50,28,52,45,45,45,45,29],"items_purged":["Parasite","Strike_G"],"gold":62,"score":272,"play_id":"dba09a94-3c48-4f05-bbbb-1f42ea44c5ba","is_prod":false,"is_daily":false,"is_ascension_mode":true,"campfire_upgraded":3,"path_taken":["M","?","?","?","$","R","M","R","T","M","R","?","M","M","R","BOSS","M","?","?","$","M","E"],"build_version":"2018-02-22-PROD2","purchased_purges":2,"victory":false,"master_deck":["Defend_G","Defend_G","Defend_G","Defend_G","Strike_G","Strike_G+1","Survivor","Neutralize+1","Accuracy+1","Well Laid Plans+1","Deadly Poison","Backflip","Night Terror","Noxious Fumes+1","Escape Plan","Dagger Throw","Die Die Die","Acrobatics"],"max_hp_per_floor":[63,63,63,63,60,60,60,60,60,60,60,60,60,60,60,60,60,60,60,60,60,60],"relics":["Ring of the Snake","Frozen Eye","Cursed Key","Ginger"],"card_choices":[{"not_picked":["Acrobatics","PiercingWail"],"picked":"Deadly Poison"},{"not_picked":["Poisoned Stab","Leg Sweep"],"picked":"Backflip"},{"not_picked":["Bane","Dagger Throw"],"picked":"Night Terror"},{"not_picked":["Dagger Throw","Footwork"],"picked":"Noxious Fumes"},{"not_picked":["Finisher","Endless Agony"],"picked":"Escape Plan"},{"not_picked":["Outmaneuver","Flying Knee"],"picked":"Dagger Throw"},{"not_picked":["Wraith Form","Tactician"],"picked":"Die Die Die"}],"player_experience":366939,"potions_floor_usage":[16,18,22],"damage_taken":[{"damage":0,"enemies":"2 Louse","floor":1,"turns":4},{"damage":1,"enemies":"Jaw Worm","floor":3,"turns":5},{"damage":3,"enemies":"Cultist","floor":7,"turns":5},{"damage":4,"enemies":"Blue Slaver","floor":10,"turns":4},{"damage":9,"enemies":"Exordium Thugs","floor":13,"turns":5},{"damage":1,"enemies":"Looter","floor":14,"turns":4},{"damage":22,"enemies":"Slime Boss","floor":16,"turns":11},{"damage":7,"enemies":"Shell Parasite","floor":18,"turns":6},{"damage":16,"enemies":"2 Thieves","floor":22,"turns":4},{"damage":35,"enemies":"Gremlin Leader","floor":23,"turns":4}],"event_choices":[{"event_name":"Shining Light","player_choice":"Entered Light","floor":2,"damage_taken":0},{"event_name":"The Lab","player_choice":"Got Potions","floor":4,"damage_taken":0},{"event_name":"Living Wall","player_choice":"Forget","floor":12,"damage_taken":0},{"event_name":"Addict","player_choice":"Obtained Relic","floor":19,"damage_taken":0},{"event_name":"The Library","player_choice":"Read","floor":20,"damage_taken":0}],"boss_relics":[{"not_picked":["Runic Dome","Orrery"],"picked":"Cursed Key"}],"potions_floor_spawned":[10,16],"seed_played":"-4642702504430776834","killed_by":"Gremlin Leader","ascension_level":10,"is_trial":false}