{"gold_per_floor":[110,36,111,36,36,64,64,76,103,121,121,53,66,143,143,238,238,254,254,254],"floor_reached":20,"playtime":688,"items_purged":["Strike_R"],"score":272,"play_id":"586f6d8c-6095-48f2-a430-9925d75f39f1","local_time":"20190203235631","is_ascension_mode":true,"campfire_choices":[{"floor":11,"key":"REST"},{"data":"Armaments","floor":15,"key":"SMITH"}],"neow_cost":"NONE","seed_source_timestamp":45369040636370,"circlet_count":0,"master_deck":["AscendersBane","Strike_R","Strike_R","Strike_R","Strike_R","Defend_R","Defend_R","Defend_R","Bash","Clothesline","Rampage","Flame Barrier","Armaments+1","Whirlwind","Searing Blow","Shockwave"],"relics":["Burning Blood","Pantograph","Bronze Scales","Sozu"],"potions_floor_usage":[16],"damage_taken":[{"damage":7,"enemies":"Jaw Worm","floor":1,"turns":3},{"damage":45,"enemies":"3 Sentries","floor":6,"turns":9},{"damage":11,"enemies":"Small Slimes","floor":8,"turns":4},{"damage":0,"enemies":"2 Louse","floor":10,"turns":2},{"damage":11,"enemies":"Blue Slaver","floor":13,"turns":4},{"damage":48,"enemies":"The Guardian","floor":16,"turns":11},{"damage":24,"enemies":"2 Thieves","floor":18,"turns":5},{"damage":35,"enemies":"Colosseum Slavers","floor":20,"turns":5},{"damage":29,"enemies":"Colosseum Nobs","floor":20,"turns":3}],"seed_played":"3542263645834891946","potions_obtained":[{"floor":8,"key":"Ancient Potion"},{"floor":13,"key":"AttackPotion"}],"is_trial":false,"path_per_floor":["M","$","?","$","?","E","?","M","T","M","R","$","M","?","R","B",null,"M","?","?"],"character_chosen":"IRONCLAD","items_purchased":["Rampage","Searing Blow"],"campfire_rested":1,"item_purchase_floors":[2,12],"current_hp_per_floor":[71,71,60,60,60,21,21,16,16,22,46,46,41,41,41,24,66,48,48,0],"gold":254,"neow_bonus":"REMOVE_CARD","is_prod":false,"is_daily":false,"chose_seed":false,"campfire_upgraded":1,"win_rate":0,"timestamp":1549245391,"path_taken":["M","$","?","$","?","E","?","M","T","?","R","$","M","?","R","BOSS","M","?","?"],"build_version":"2019-01-23","purchased_purges":1,"victory":false,"max_hp_per_floor":[80,80,80,80,80,80,80,80,80,80,80,80,80,80,80,80,80,80,80,80],"card_choices":[{"not_picked":["Thunderclap","Warcry"],"picked":"Clothesline","floor":1},{"not_picked":["Ghostly Armor","Power Through"],"picked":"Flame Barrier","floor":6},{"not_picked":["Rampage","Dropkick"],"picked":"Armaments","floor":8},{"not_picked":["Wild Strike","Metallicize"],"picked":"Whirlwind","floor":10},{"not_picked":["Wild Strike","Clash","Cleave"],"picked":"SKIP","floor":13},{"not_picked":["Anger","Uppercut"],"picked":"Shockwave","floor":18}],"player_experience":955758,"relics_obtained":[{"floor":6,"key":"Pantograph"},{"floor":9,"key":"Bronze Scales"}],"event_choices":[{"damage_healed":0,"gold_gain":75,"player_choice":"Gather Gold","damage_taken":11,"max_hp_gain":0,"max_hp_loss":0,"event_name":"World of Goop","floor":3,"gold_loss":0},{"damage_healed":0,"gold_gain":0,"player_choice":"Leave","damage_taken":0,"max_hp_gain":0,"max_hp_loss":0,"event_name":"The Cleric","floor":5,"gold_loss":0},{"damage_healed":0,"gold_gain":0,"player_choice":"Ignored","damage_taken":0,"max_hp_gain":0,"max_hp_loss":0,"event_name":"Liars Game","floor":7,"gold_loss":0},{"damage_healed":0,"gold_gain":77,"player_choice":"Gained Gold","damage_taken":0,"max_hp_gain":0,"max_hp_loss":0,"event_name":"Golden Wing","floor":14,"gold_loss":0},{"damage_healed":0,"gold_gain":0,"player_choice":"Ignored","damage_taken":0,"max_hp_gain":0,"max_hp_loss":0,"event_name":"Ghosts","floor":19,"gold_loss":0},{"damage_healed":0,"gold_gain":0,"player_choice":"Fight","damage_taken":0,"max_hp_gain":0,"max_hp_loss":0,"event_name":"Colosseum","floor":20,"gold_loss":0},{"damage_healed":0,"gold_gain":0,"player_choice":"Fought Nobs","damage_taken":0,"max_hp_gain":0,"max_hp_loss":0,"event_name":"Colosseum","floor":20,"gold_loss":0}],"is_beta":true,"boss_relics":[{"not_picked":["Runic Pyramid","Orrery"],"picked":"Sozu"}],"items_purged_floors":[4],"is_endless":false,"potions_floor_spawned":[8,13,18],"killed_by":"Colosseum Nobs","ascension_level":12}