{"path_per_floor":["M","?","M","?","?","R","M","M","T","M","M","M","$","?","R","B",null,"M","M","$","M"],"character_chosen":"IRONCLAD","items_purchased":["Double Tap"],"gold_per_floor":[359,434,446,446,446,446,463,476,476,493,508,524,380,380,380,510,510,493,518,418,433],"floor_reached":22,"campfire_rested":2,"playtime":1608,"current_hp_per_floor":[40,29,29,29,13,37,43,40,40,33,28,34,34,34,56,31,74,69,53,53,41],"items_purged":["Strike_R","Strike_R"],"gold":433,"score":180,"play_id":"9ba882c7-c203-4724-a7c3-37efd62e7de1","local_time":"20180304184702","is_prod":false,"is_daily":false,"is_ascension_mode":false,"campfire_upgraded":0,"timestamp":1520200022,"path_taken":["M","?","?","?","?","R","M","M","T","M","M","?","$","?","R","BOSS","M","M","$","?","M"],"build_version":"2018-03-01-PROD1","purchased_purges":3,"victory":false,"master_deck":["Strike_R","Strike_R","Strike_R","Defend_R+1","Defend_R","Defend_R","Defend_R","Bash+1","Clash","Cleave","Iron Wave","Double Tap","Rampage"],"max_hp_per_floor":[80,80,80,80,80,80,80,80,80,80,80,80,80,74,74,74,74,74,74,74,74],"relics":["Black Blood","Golden Idol"],"card_choices":[{"not_picked":["Flame Barrier","True Grit"],"picked":"Clash"},{"not_picked":["Iron Wave","Perfected Strike"],"picked":"Cleave"},{"not_picked":["Warcry","Dropkick"],"picked":"Iron Wave"},{"not_picked":["Sword Boomerang","Perfected Strike"],"picked":"Rampage"}],"player_experience":414590,"potions_floor_usage":[3,11,16,19,21],"damage_taken":[{"damage":6,"enemies":"2 Louse","floor":1,"turns":3},{"damage":6,"enemies":"Jaw Worm","floor":3,"turns":2},{"damage":0,"enemies":"Cultist","floor":7,"turns":3},{"damage":9,"enemies":"Blue Slaver","floor":8,"turns":4},{"damage":13,"enemies":"Exordium Thugs","floor":10,"turns":4},{"damage":11,"enemies":"Gremlin Gang","floor":11,"turns":5},{"damage":0,"enemies":"2 Fungi Beasts","floor":12,"turns":3},{"damage":31,"enemies":"Hexaghost","floor":16,"turns":8},{"damage":15,"enemies":"2 Thieves","floor":18,"turns":4},{"damage":26,"enemies":"Spheric Guardian","floor":19,"turns":6},{"damage":22,"enemies":"Centurion and Healer","floor":21,"turns":8},{"damage":46,"enemies":"Snake Plant","floor":22,"turns":5}],"event_choices":[{"event_name":"World of Goop","player_choice":"Gather Gold","floor":2,"damage_taken":0},{"event_name":"Liars Game","player_choice":"disagreed","floor":4,"damage_taken":0},{"event_name":"Shining Light","player_choice":"Entered Light","floor":5,"damage_taken":0},{"event_name":"Golden Idol","player_choice":"Lose Max HP","floor":14,"damage_taken":0}],"boss_relics":[{"not_picked":["Question Card","Calling Bell"],"picked":"Black Blood"}],"potions_floor_spawned":[1,8,10,18,19],"seed_played":"-5805261513451805990","killed_by":"Snake Plant","ascension_level":0,"is_trial":false}