{"path_per_floor":["M","?","?","?","$","E","R","E","T","R","M","T","R","$","R","B",null,"M","?","?","$","?","R","E","R","T","$","M","?","$","?","R","B",null,"M","?","M","?","T","R","E","M","T","R","E","M","$","?","R","B"],"character_chosen":"THE_SILENT","items_purchased":["Cloak And Dagger","Outmaneuver","Concentrate"],"gold_per_floor":[110,110,110,110,35,69,69,98,98,98,113,113,113,91,91,190,190,203,203,203,103,103,103,129,129,154,29,42,42,18,18,18,120,120,135,135,154,154,181,181,206,221,221,221,249,263,82,82,82,82],"floor_reached":51,"campfire_rested":2,"playtime":3928,"current_hp_per_floor":[63,63,51,37,37,37,37,37,37,58,58,72,72,72,72,63,79,59,59,59,59,59,84,66,66,66,66,66,66,66,66,66,56,77,77,77,77,77,77,77,77,77,77,77,79,81,81,81,81,42],"items_purged":["Strike_G","Strike_G","Defend_G","Strike_G"],"gold":82,"score":998,"play_id":"c03730aa-7d0f-4fdf-b078-56600eaa19d5","is_prod":false,"is_daily":false,"is_ascension_mode":true,"campfire_upgraded":8,"path_taken":["M","?","?","?","$","E","R","E","T","R","M","?","R","?","R","BOSS","M","?","?","?","?","R","E","R","T","?","M","?","$","?","R","BOSS","M","?","M","?","?","R","E","M","T","R","E","M","$","?","R","BOSS"],"build_version":"2018-02-22-PROD2","purchased_purges":4,"victory":true,"master_deck":["Survivor","Neutralize+1","Cloak And Dagger+1","Backstab","Blade Dance+1","Cloak And Dagger+1","Envenom+1","Backflip","Prepared+1","Accuracy+1","Outmaneuver+1","Adrenaline+1","Prepared+1","Concentrate+1"],"max_hp_per_floor":[70,70,70,70,70,70,70,70,70,70,70,84,84,84,84,84,84,84,84,84,84,84,84,84,84,84,84,84,84,84,84,84,84,84,84,84,84,84,84,84,84,84,84,84,84,84,84,84,84,84],"relics":["Ring of the Snake","NeowsBlessing","Omamori","Juzu Bracelet","Happy Flower","Dead Branch","Mango","Sozu","Bag of Marbles","Art of War","Lizard Tail","Dream Catcher","Blue Candle","Blood Vial","The Courier"],"card_choices":[{"not_picked":["PiercingWail","Choke"],"picked":"Cloak And Dagger"},{"not_picked":["Dodge and Roll","Slice"],"picked":"Backstab"},{"not_picked":["Accuracy","Heel Hook"],"picked":"Blade Dance"},{"not_picked":["Corpse Explosion","Tools of the Trade"],"picked":"Envenom"},{"not_picked":["Quick Slash","Outmaneuver"],"picked":"Backflip"},{"not_picked":["Backflip","Dodge and Roll"],"picked":"Accuracy"},{"not_picked":["Die Die Die","Unload"],"picked":"Adrenaline"},{"not_picked":["Underhanded Strike","Skewer"],"picked":"Prepared"}],"player_experience":357542,"potions_floor_usage":[16,16,24],"damage_taken":[{"damage":0,"enemies":"Small Slimes","floor":1,"turns":1},{"damage":0,"enemies":"Lagavulin","floor":6,"turns":1},{"damage":0,"enemies":"3 Sentries","floor":8,"turns":1},{"damage":0,"enemies":"Jaw Worm","floor":11,"turns":4},{"damage":9,"enemies":"Hexaghost","floor":16,"turns":7},{"damage":20,"enemies":"Chosen","floor":18,"turns":4},{"damage":18,"enemies":"Slavers","floor":24,"turns":5},{"damage":0,"enemies":"3 Byrds","floor":28,"turns":1},{"damage":10,"enemies":"Automaton","floor":33,"turns":5},{"damage":0,"enemies":"Orb Walker","floor":35,"turns":1},{"damage":0,"enemies":"3 Darklings","floor":37,"turns":2},{"damage":0,"enemies":"Nemesis","floor":41,"turns":3},{"damage":0,"enemies":"4 Shapes","floor":42,"turns":1},{"damage":0,"enemies":"2 Orb Walkers","floor":45,"turns":1},{"damage":0,"enemies":"Maw","floor":46,"turns":4},{"damage":92,"enemies":"Awakened One","floor":50,"turns":12}],"event_choices":[{"event_name":"Living Wall","player_choice":"Forget","floor":2,"damage_taken":0},{"event_name":"Scrap Ooze","player_choice":"success","floor":3,"damage_taken":12},{"event_name":"Shining Light","player_choice":"Entered Light","floor":4,"damage_taken":0},{"event_name":"Bonfire Elementals","player_choice":"BASIC","floor":19,"damage_taken":0},{"event_name":"Transmorgrifier","player_choice":"Transform","floor":20,"damage_taken":0},{"event_name":"Back to Basics","player_choice":"Elegance","floor":22,"damage_taken":0},{"event_name":"Addict","player_choice":"Ignored","floor":29,"damage_taken":0},{"event_name":"Purifier","player_choice":"One Purge","floor":31,"damage_taken":0},{"event_name":"Tomb of Lord Red Mask","player_choice":"Ignored","floor":36,"damage_taken":0},{"event_name":"Upgrade Shrine","player_choice":"Upgraded","floor":38,"damage_taken":0}],"boss_relics":[{"not_picked":["Pandora\u0027s Box","Calling Bell"],"picked":"Sozu"},{"not_picked":["Tiny House","Orrery"],"picked":"Lizard Tail"}],"potions_floor_spawned":[6,8,11,35,37,41,46],"seed_played":"-5243835693858191050","ascension_level":9,"is_trial":false}