{"path_per_floor":["M","?","M","M","$","R","M","R","T","?","M","M","M","M","R","B",null,"M","M","M","?","$","R","M","?","T","$","R","?","R","M","R","B",null,"M","?","M","M","?","R","E","R","T","E","?"],"character_chosen":"THE_SILENT","items_purchased":["Apotheosis","Flash of Steel"],"gold_per_floor":[114,189,200,210,135,135,155,155,155,155,137,152,166,176,176,275,275,290,309,328,328,50,50,64,64,110,22,22,22,22,40,40,135,135,151,151,170,190,190,190,224,224,224,249,249],"floor_reached":46,"campfire_rested":5,"playtime":4012,"current_hp_per_floor":[59,48,47,46,46,46,40,40,40,33,32,32,29,28,48,32,58,58,43,27,27,27,47,23,23,23,23,43,27,47,43,43,32,58,58,58,36,36,36,56,44,44,44,17,9],"items_purged":["Parasite","Defend_G"],"gold":249,"score":675,"play_id":"f0cd9aea-258b-429d-93ff-38ded33cbad9","local_time":"20180306222006","is_prod":false,"is_daily":false,"is_ascension_mode":true,"campfire_upgraded":4,"timestamp":1520385606,"path_taken":["M","?","?","M","$","R","M","R","T","?","M","M","?","M","R","BOSS","M","M","M","?","$","R","M","?","T","$","R","?","R","?","R","BOSS","M","?","M","?","?","R","E","R","T","E","?","M"],"build_version":"2018-03-01-PROD1","purchased_purges":2,"victory":false,"master_deck":["Defend_G","Defend_G","Defend_G","Strike_G","Strike_G","Strike_G","Strike_G","Survivor","Neutralize+1","Backflip","Infinite Blades+1","PiercingWail+1","Cloak And Dagger","Well Laid Plans+1","Flying Knee","Cloak And Dagger","Adrenaline+1","Blade Dance+1","Blur","Apotheosis+1","Flash of Steel","Necronomicurse","Caltrops+1","Envenom","Injury","Regret","Madness","Madness"],"max_hp_per_floor":[70,70,70,70,67,67,67,67,67,67,67,67,67,67,67,67,67,67,67,67,67,67,67,67,67,67,67,67,67,67,67,67,67,67,67,67,67,67,67,67,67,67,67,67,67],"relics":["Ring of the Snake","Dead Branch","Sozu","War Paint","Necronomicon","Cursed Key","Mercury Hourglass","Vajra","Bottled Flame"],"card_choices":[{"not_picked":["Prepared","Reflex"],"picked":"Backflip"},{"not_picked":["Outmaneuver","Dodge and Roll"],"picked":"Infinite Blades"},{"not_picked":["Cloak And Dagger","Prepared"],"picked":"PiercingWail"},{"not_picked":["Dagger Spray","Sucker Punch"],"picked":"Cloak And Dagger"},{"not_picked":["Deadly Poison","Dagger Throw"],"picked":"Well Laid Plans"},{"not_picked":["Noxious Fumes","Poisoned Stab"],"picked":"Flying Knee"},{"not_picked":["Setup","Distraction"],"picked":"Cloak And Dagger"},{"not_picked":["Die Die Die","Doppelganger"],"picked":"Adrenaline"},{"not_picked":["Dodge and Roll","Slice"],"picked":"Blade Dance"},{"not_picked":["Endless Agony","Prepared"],"picked":"Blur"},{"not_picked":["Deflect","Malaise"],"picked":"Caltrops"},{"not_picked":["Glass Knife","Tactician"],"picked":"Envenom"}],"player_experience":501443,"potions_floor_usage":[12,13,13,16,18,24],"damage_taken":[{"damage":4,"enemies":"Small Slimes","floor":1,"turns":4},{"damage":1,"enemies":"Jaw Worm","floor":3,"turns":5},{"damage":1,"enemies":"Cultist","floor":4,"turns":5},{"damage":6,"enemies":"2 Fungi Beasts","floor":7,"turns":5},{"damage":1,"enemies":"Exordium Thugs","floor":11,"turns":4},{"damage":0,"enemies":"Blue Slaver","floor":12,"turns":3},{"damage":3,"enemies":"3 Louse","floor":13,"turns":4},{"damage":1,"enemies":"Looter","floor":14,"turns":3},{"damage":16,"enemies":"Hexaghost","floor":16,"turns":12},{"damage":0,"enemies":"Chosen","floor":18,"turns":5},{"damage":15,"enemies":"2 Thieves","floor":19,"turns":4},{"damage":16,"enemies":"Sentry and Sphere","floor":20,"turns":4},{"damage":24,"enemies":"Snake Plant","floor":24,"turns":3},{"damage":4,"enemies":"3 Cultists","floor":31,"turns":4},{"damage":11,"enemies":"Champ","floor":33,"turns":11},{"damage":0,"enemies":"Orb Walker","floor":35,"turns":4},{"damage":22,"enemies":"3 Shapes","floor":37,"turns":6},{"damage":0,"enemies":"Maw","floor":38,"turns":6},{"damage":12,"enemies":"Nemesis","floor":41,"turns":7},{"damage":27,"enemies":"Giant Head","floor":44,"turns":6},{"damage":11,"enemies":"4 Shapes","floor":46,"turns":1}],"event_choices":[{"event_name":"World of Goop","player_choice":"Gather Gold","floor":2,"damage_taken":0},{"event_name":"Golden Wing","player_choice":"Card Removal","floor":10,"damage_taken":0},{"event_name":"Back to Basics","player_choice":"Elegance","floor":21,"damage_taken":0},{"event_name":"Match and Keep!","player_choice":"0 cards matched","floor":25,"damage_taken":0},{"event_name":"Cursed Tome","player_choice":"Obtained Book","floor":29,"damage_taken":0},{"event_name":"Tomb of Lord Red Mask","player_choice":"Ignored","floor":36,"damage_taken":0},{"event_name":"Accursed Blacksmith","player_choice":"Forge","floor":39,"damage_taken":0},{"event_name":"Winding Halls","player_choice":"Embrace Madness","floor":45,"damage_taken":0}],"boss_relics":[{"not_picked":["Orrery","Velvet Choker"],"picked":"Sozu"},{"not_picked":["Tiny House","White Beast Statue"],"picked":"Cursed Key"}],"potions_floor_spawned":[7,11,12,16,24,31,37,38],"seed_played":"2994465288645910291","killed_by":"4 Shapes","ascension_level":12,"is_trial":false}