{"path_per_floor":["M","?","?","M","$","R","M","?","T","?","M","M","M","M","R","B",null,"M","?","$","M","?","R","M"],"character_chosen":"THE_SILENT","items_purchased":["Kunai","Bane","Blade Dance"],"gold_per_floor":[112,287,287,298,16,16,28,28,28,103,122,135,146,157,157,256,256,271,271,117,136,136,136,151],"floor_reached":25,"campfire_rested":1,"playtime":1368,"current_hp_per_floor":[58,58,58,58,58,58,58,58,58,47,30,30,30,29,50,28,60,43,43,43,43,43,43,12],"items_purged":["Parasite"],"gold":151,"score":293,"play_id":"13a87f6f-2761-4e3d-ac2d-b13ce785607a","local_time":"20180305175328","is_prod":false,"is_daily":false,"is_ascension_mode":true,"campfire_upgraded":2,"timestamp":1520283208,"path_taken":["M","?","?","M","$","R","M","?","T","?","M","M","M","M","R","BOSS","M","?","$","M","?","R","M","M"],"build_version":"2018-03-01-PROD1","purchased_purges":1,"victory":false,"master_deck":["Defend_G","Defend_G","Defend_G","Defend_G","Defend_G","Strike_G","Strike_G","Strike_G","Strike_G","Strike_G","Survivor","Neutralize+1","Envenom+1","Flying Knee","Backstab","Bane","Dagger Spray","Backstab","Leg Sweep","Adrenaline","Cloak And Dagger+1","Blade Dance","Caltrops","Backstab"],"max_hp_per_floor":[70,70,70,70,70,70,70,70,70,70,70,70,70,70,70,70,70,70,70,67,67,67,67,67],"relics":["Ring of the Snake","Kunai","Ice Cream","Art of War"],"card_choices":[{"not_picked":["Grand Finale","Heel Hook"],"picked":"Flying Knee"},{"not_picked":["Prepared","Slice"],"picked":"Backstab"},{"not_picked":["Sucker Punch","Expertise"],"picked":"Dagger Spray"},{"not_picked":["Calculated Gamble","Leg Sweep"],"picked":"Backstab"},{"not_picked":["Doppelganger","Concentrate"],"picked":"Leg Sweep"},{"not_picked":["Grand Finale","Tools of the Trade"],"picked":"Adrenaline"},{"not_picked":["Dodge and Roll","Bane"],"picked":"Cloak And Dagger"},{"not_picked":["Leg Sweep","Deadly Poison"],"picked":"Caltrops"},{"not_picked":["Concentrate","Dagger Spray"],"picked":"Backstab"}],"player_experience":439023,"potions_floor_usage":[11,11,16,24,24,25],"damage_taken":[{"damage":5,"enemies":"Jaw Worm","floor":1,"turns":6},{"damage":0,"enemies":"Small Slimes","floor":4,"turns":4},{"damage":0,"enemies":"Cultist","floor":7,"turns":3},{"damage":17,"enemies":"Large Slime","floor":11,"turns":6},{"damage":0,"enemies":"Looter","floor":12,"turns":3},{"damage":0,"enemies":"Blue Slaver","floor":13,"turns":2},{"damage":1,"enemies":"3 Louse","floor":14,"turns":3},{"damage":37,"enemies":"The Guardian","floor":16,"turns":14},{"damage":17,"enemies":"Shell Parasite","floor":18,"turns":11},{"damage":0,"enemies":"Spheric Guardian","floor":21,"turns":3},{"damage":31,"enemies":"Cultist and Chosen","floor":24,"turns":8},{"damage":30,"enemies":"Snecko","floor":25,"turns":3}],"event_choices":[{"event_name":"Liars Game","player_choice":"agreed","floor":2,"damage_taken":0},{"event_name":"Living Wall","player_choice":"Forget","floor":3,"damage_taken":0},{"event_name":"Dead Adventurer","player_choice":"Searched \u00271\u0027 times","floor":8,"damage_taken":0},{"event_name":"World of Goop","player_choice":"Gather Gold","floor":10,"damage_taken":0},{"event_name":"The Lab","player_choice":"Got Potions","floor":19,"damage_taken":0},{"event_name":"The Mausoleum","player_choice":"Yes","floor":22,"damage_taken":0}],"boss_relics":[{"not_picked":["Velvet Choker","Runic Dome","Snecko Eye"]}],"potions_floor_spawned":[1,4,7,12,21],"seed_played":"3706941686538220780","killed_by":"Snecko","ascension_level":10,"is_trial":false}