{"gold_per_floor":[112,130,157,1,1,1,31,31,31,51,51,51,82,93,93,193,193,213,213,213,228,102,102,130,130,130,148,176,196,35,63,63,159,159,177,189,489,499,518,518,534,534,534,564,564,48,48,48,48,48],"floor_reached":51,"playtime":3679,"items_purged":["Defend_R","Writhe","Defend_R","Defend_R"],"score":736,"play_id":"f5c090f0-3299-4bfe-872a-a9646a10f22a","local_time":"20180720172543","is_ascension_mode":false,"campfire_choices":[{"data":"Bash","floor":6,"key":"SMITH"},{"data":"Armaments","floor":8,"key":"SMITH"},{"data":"Anger","floor":12,"key":"SMITH"},{"data":"Brutality","floor":15,"key":"SMITH"},{"data":"Perfected Strike","floor":23,"key":"SMITH"},{"floor":25,"key":"REST"},{"floor":32,"key":"REST"},{"data":"Double Tap","floor":40,"key":"SMITH"},{"data":"Combust","floor":42,"key":"SMITH"},{"data":"Armaments","floor":45,"key":"SMITH"},{"data":"Trip","floor":47,"key":"SMITH"},{"data":"Pommel Strike","floor":49,"key":"SMITH"}],"neow_cost":"NONE","seed_source_timestamp":9405002851946,"circlet_count":0,"master_deck":["Strike_R","Strike_R","Strike_R","Strike_R","Strike_R","Defend_R+1","Bash+1","Brutality+1","Anger+1","Cleave","Metallicize+1","Armaments+1","Thunderclap","Ghostly Armor","Seeing Red","Double Tap+1","Uppercut","Perfected Strike+1","Perfected Strike+1","Combust+1","Armaments+1","Headbutt","Twin Strike+1","Fire Breathing+1","Infernal Blade+1","Inflame","Infernal Blade","Barricade","Headbutt+1","Blood for Blood","Thunderclap","Cleave+1","Rupture+1","Perfected Strike+1","Twin Strike+1","Perfected Strike+1","Rupture+1","True Grit+1","Warcry","Pommel Strike+1","Trip+1","Thunderclap"],"relics":["Burning Blood","Blood Vial","Odd Mushroom","Dodecahedron","Self Forming Clay","Mercury Hourglass","Sozu","Oddly Smooth Stone","Pen Nib","Prayer Wheel","Red Mask","Vajra","Eternal Feather","Old Coin","Champion Belt","Magic Flower","Lantern"],"potions_floor_usage":[],"damage_taken":[{"damage":3,"enemies":"Cultist","floor":1,"turns":5},{"damage":8,"enemies":"Small Slimes","floor":2,"turns":3},{"damage":16,"floor":7,"turns":4},{"damage":0,"enemies":"2 Louse","floor":10,"turns":3},{"damage":16,"enemies":"Gremlin Nob","floor":13,"turns":4},{"damage":0,"enemies":"2 Fungi Beasts","floor":14,"turns":2},{"damage":29,"enemies":"The Guardian","floor":16,"turns":9},{"damage":6,"enemies":"Shell Parasite","floor":18,"turns":4},{"damage":14,"enemies":"Spheric Guardian","floor":21,"turns":4},{"damage":48,"enemies":"Gremlin Leader","floor":24,"turns":6},{"damage":8,"enemies":"3 Cultists","floor":27,"turns":3},{"damage":10,"floor":28,"turns":3},{"damage":1,"enemies":"Snecko","floor":29,"turns":2},{"damage":11,"enemies":"Book of Stabbing","floor":31,"turns":4},{"damage":41,"enemies":"Collector","floor":33,"turns":5},{"damage":23,"enemies":"3 Darklings","floor":35,"turns":5},{"damage":2,"enemies":"Flame Bruiser 1 Orb","floor":36,"turns":3},{"damage":11,"floor":37,"turns":4},{"damage":16,"enemies":"3 Darklings","floor":38,"turns":3},{"damage":15,"enemies":"Flame Bruiser 2 Orb","floor":39,"turns":4},{"damage":6,"enemies":"Maw","floor":41,"turns":4},{"damage":29,"enemies":"Nemesis","floor":44,"turns":5},{"damage":73,"enemies":"Time Eater","floor":50,"turns":8}],"seed_played":"45592420762363615","potions_obtained":[{"floor":7,"key":"PowerPotion"},{"floor":10,"key":"Strength Potion"},{"floor":13,"key":"Weak Potion"}],"is_trial":false,"path_per_floor":["M","M","T","$","?","R","?","R","T","M","T","R","E","M","R","B",null,"M","?","?","M","$","R","E","R","T","M","?","M","$","E","R","B",null,"M","M","?","M","M","R","M","R","T","E","R","$","R","?","R","B"],"character_chosen":"IRONCLAD","items_purchased":["Metallicize","Perfected Strike","Inflame","Lantern","Warcry","Pommel Strike","Trip","Thunderclap"],"campfire_rested":2,"item_purchase_floors":[4,22,30,46,46,46,46,46],"current_hp_per_floor":[80,78,78,78,62,62,54,54,54,62,62,62,54,62,62,41,80,80,80,80,72,72,72,32,56,56,56,54,61,61,58,80,45,80,63,69,66,58,51,72,74,80,80,57,80,80,80,80,80,16],"gold":48,"neow_bonus":"ONE_RANDOM_RARE_CARD","is_prod":false,"is_daily":false,"chose_seed":false,"campfire_upgraded":10,"win_rate":0,"timestamp":1532132743,"path_taken":["M","M","?","$","?","R","?","R","T","M","?","R","E","M","R","BOSS","M","?","?","M","$","R","E","R","T","M","?","M","$","E","R","BOSS","M","M","?","M","M","R","M","R","T","E","R","$","R","?","R","BOSS"],"build_version":"2018-07-19v2","purchased_purges":4,"victory":true,"max_hp_per_floor":[80,80,80,80,80,80,80,80,80,80,80,80,80,80,80,80,80,80,80,80,80,80,80,80,80,80,80,80,80,80,80,80,80,80,80,80,80,80,80,80,80,80,80,80,80,80,80,80,80,80],"card_choices":[{"not_picked":["Clothesline","Evolve"],"picked":"Anger","floor":1},{"not_picked":["Flex","Ghostly Armor"],"picked":"Cleave","floor":2},{"not_picked":["Rampage","Heavy Blade"],"picked":"Armaments","floor":7},{"not_picked":["Wild Strike","Pommel Strike"],"picked":"Thunderclap","floor":10},{"not_picked":["Dark Embrace","Warcry"],"picked":"Ghostly Armor","floor":13},{"not_picked":["Iron Wave","Intimidate"],"picked":"Seeing Red","floor":14},{"not_picked":["Feed","Limit Break"],"picked":"Double Tap","floor":16},{"not_picked":["Intimidate+1","Burning Pact+1"],"picked":"Dropkick","floor":18},{"not_picked":["Twin Strike+1","Bloodletting+1"],"picked":"Perfected Strike+1","floor":21},{"not_picked":["Pommel Strike","Dark Embrace"],"picked":"Combust","floor":24},{"not_picked":["Flex","Spot Weakness"],"picked":"Armaments","floor":27},{"not_picked":["Sword Boomerang","Uppercut"],"picked":"Headbutt","floor":27},{"not_picked":["Blood for Blood","Armaments"],"picked":"Twin Strike+1","floor":28},{"not_picked":["Anger","Double Tap"],"picked":"Fire Breathing+1","floor":29},{"not_picked":["Flame Barrier+1","Power Through"],"picked":"Infernal Blade+1","floor":29},{"not_picked":["Exhume","Entrench"],"picked":"Infernal Blade","floor":31},{"not_picked":["Feed","Offering"],"picked":"Barricade","floor":33},{"not_picked":["Clothesline","Wild Strike"],"picked":"Headbutt+1","floor":35},{"not_picked":["Pommel Strike","Perfected Strike+1"],"picked":"Blood for Blood","floor":35},{"not_picked":["Clothesline+1","True Grit"],"picked":"Thunderclap","floor":36},{"not_picked":["Bludgeon","Iron Wave+1"],"picked":"Cleave+1","floor":36},{"not_picked":["Havoc+1","Heavy Blade"],"picked":"Rupture+1","floor":37},{"not_picked":["Shrug It Off+1","Feed"],"picked":"Perfected Strike+1","floor":38},{"not_picked":["Sword Boomerang","Flex","Dropkick"],"picked":"SKIP","floor":38},{"not_picked":["Dropkick+1","Iron Wave+1"],"picked":"Twin Strike+1","floor":39},{"not_picked":["Thunderclap+1","True Grit"],"picked":"Perfected Strike+1","floor":39},{"not_picked":["Ghostly Armor+1","Rampage"],"picked":"Rupture+1","floor":41},{"not_picked":["Sword Boomerang","Limit Break"],"picked":"True Grit+1","floor":41},{"not_picked":["Body Slam","Headbutt","Power Through+1"],"picked":"SKIP","floor":44}],"player_experience":37590,"relics_obtained":[{"floor":3,"key":"Blood Vial"},{"floor":7,"key":"Odd Mushroom"},{"floor":9,"key":"Dodecahedron"},{"floor":11,"key":"Self Forming Clay"},{"floor":13,"key":"Mercury Hourglass"},{"floor":24,"key":"Pen Nib"},{"floor":26,"key":"Prayer Wheel"},{"floor":28,"key":"Red Mask"},{"floor":31,"key":"Vajra"},{"floor":37,"key":"Old Coin"},{"floor":43,"key":"Champion Belt"},{"floor":44,"key":"Magic Flower"}],"event_choices":[{"event_name":"Shining Light","player_choice":"Entered Light","floor":5,"damage_taken":0},{"event_name":"Mushrooms","player_choice":"Fought Mushrooms","floor":7,"damage_taken":0},{"event_name":"The Mausoleum","player_choice":"Yes","floor":19,"damage_taken":0},{"event_name":"The Library","player_choice":"Read","floor":20,"damage_taken":0},{"event_name":"Masked Bandits","player_choice":"Fought over 148 gold","floor":28,"damage_taken":0},{"event_name":"MindBloom","player_choice":"Fight","floor":37,"damage_taken":0},{"event_name":"Falling","player_choice":"Removed Attack","floor":48,"damage_taken":0}],"is_beta":false,"boss_relics":[{"not_picked":["Coffee Dripper","Black Star"],"picked":"Sozu"},{"not_picked":["Black Blood","Philosopher\u0027s Stone"],"picked":"Eternal Feather"}],"items_purged_floors":[4,22,30,46],"is_endless":false,"potions_floor_spawned":[7,10,13,21,24,27,33,38,41,44],"ascension_level":0}