{"path_per_floor":["M","?","M","T","M","R","$","R","T","E","M","E","M","?","R","B",null,"M","?","?","$","M","R","?","E","T","M","T","M","M","E","R","B",null,"M","M","?","?","$","E","R","$","T","M","M","?","M","$","R"],"character_chosen":"DEFECT","items_purchased":["FTL","Go for the Eyes","Redo","Thunder Strike"],"gold_per_floor":[111,111,122,176,195,195,80,80,80,114,131,163,177,177,177,282,282,296,296,296,69,82,82,82,116,116,128,128,139,154,184,184,287,287,307,317,317,317,192,221,221,71,140,153,169,169,188,49,49,49],"floor_reached":50,"campfire_rested":3,"playtime":2631,"current_hp_per_floor":[75,75,74,74,65,65,65,65,65,67,67,45,38,63,63,63,77,71,71,71,71,73,73,73,66,66,55,55,52,51,47,75,59,96,98,100,100,100,100,28,58,58,58,44,46,46,30,30,61,0],"items_purged":["Strike_B","Strike_B","Defend_B","Defend_B"],"gold":49,"score":675,"play_id":"2defd3de-65cf-49b4-8a71-5e69352d195e","local_time":"20180430234929","is_prod":false,"is_daily":false,"chose_seed":false,"is_ascension_mode":true,"campfire_upgraded":4,"timestamp":1525142969,"path_taken":["M","?","M","?","M","R","$","R","T","E","M","E","M","?","R","BOSS","M","?","?","$","M","R","?","E","T","M","?","?","M","E","R","BOSS","M","M","?","?","$","E","R","$","T","M","M","?","?","$","R","BOSS"],"build_version":"2018-04-27v3","seed_source_timestamp":25093755258399,"purchased_purges":4,"victory":false,"master_deck":["Defend_B","Defend_B","Zap+1","Dualcast+1","Chaos","Defragment+1","Darkness+1","Rebound","Melter","FTL+1","Ball Lightning","All For One+1","Axe Kick","Seek","Go for the Eyes+1","Redo+1","Reboot","Auto Shields","Rainbow","White Noise+1","Leap+1","Thunder Strike"],"max_hp_per_floor":[75,75,75,75,75,75,75,75,75,77,77,77,77,77,77,77,77,79,79,79,79,81,81,81,88,88,88,88,90,92,94,94,96,96,98,100,100,100,100,102,102,102,102,102,104,104,106,106,106,106],"relics":["Cracked Core","Singing Bowl","Bottled Tornado","Thread and Needle","Centennial Puzzle","Inserter","Darkstone Periapt","Strawberry","Bag of Preparation","Gremlin Horn","Vajra","Black Star","War Paint","Whetstone","Question Card"],"card_choices":[{"not_picked":["Beam Cell","Barrage"],"picked":"Defragment","floor":1},{"not_picked":["Flux Capacitor","Barrage"],"picked":"Rebound","floor":3},{"not_picked":["Turbo","Stack"],"picked":"Melter","floor":5},{"not_picked":["Buffer","Sweeping Beam"],"picked":"Ball Lightning","floor":11},{"not_picked":["Melter","Steam Power"],"picked":"All For One","floor":12},{"not_picked":["Rip and Tear","Storm"],"picked":"Axe Kick","floor":13},{"not_picked":["Biased Cognition","Machine Learning"],"picked":"Seek","floor":16},{"not_picked":["Melter","Sweeping Beam"],"picked":"Reboot","floor":25},{"not_picked":["Loop","Tempest"],"picked":"Auto Shields","floor":27},{"not_picked":["Rainbow","Go for the Eyes","Cold Snap"],"picked":"Leap","floor":44}],"player_experience":779975,"potions_floor_usage":[10,25,30,31,36,40,44,50],"damage_taken":[{"damage":0,"enemies":"Small Slimes","floor":1,"turns":3},{"damage":1,"enemies":"Cultist","floor":3,"turns":3},{"damage":9,"enemies":"Jaw Worm","floor":5,"turns":4},{"damage":0,"enemies":"Gremlin Nob","floor":10,"turns":3},{"damage":0,"enemies":"2 Fungi Beasts","floor":11,"turns":3},{"damage":22,"enemies":"Lagavulin","floor":12,"turns":4},{"damage":7,"enemies":"Blue Slaver","floor":13,"turns":2},{"damage":0,"enemies":"Slime Boss","floor":16,"turns":7},{"damage":8,"enemies":"3 Byrds","floor":18,"turns":3},{"damage":0,"enemies":"Spheric Guardian","floor":22,"turns":3},{"damage":14,"enemies":"Book of Stabbing","floor":25,"turns":4},{"damage":11,"enemies":"Slaver and Parasite","floor":27,"turns":3},{"damage":5,"enemies":"Snake Plant","floor":29,"turns":3},{"damage":3,"enemies":"3 Cultists","floor":30,"turns":5},{"damage":6,"enemies":"Slavers","floor":31,"turns":3},{"damage":18,"enemies":"Champ","floor":33,"turns":8},{"damage":0,"enemies":"Orb Walker","floor":35,"turns":3},{"damage":0,"enemies":"Flame Bruiser 1 Orb","floor":36,"turns":4},{"damage":89,"enemies":"Giant Head","floor":40,"turns":10},{"damage":14,"enemies":"Maw","floor":44,"turns":6},{"damage":0,"enemies":"Flame Bruiser 2 Orb","floor":45,"turns":3},{"damage":18,"enemies":"3 Darklings","floor":47,"turns":4},{"damage":62,"enemies":"Time Eater","floor":50,"turns":6}],"event_choices":[{"event_name":"Transmorgrifier","player_choice":"Transform","floor":2,"damage_taken":0},{"event_name":"Big Fish","player_choice":"Banana","floor":14,"damage_taken":0},{"event_name":"Ghosts","player_choice":"Ignored","floor":19,"damage_taken":0},{"event_name":"Accursed Blacksmith","player_choice":"Forge","floor":20,"damage_taken":0},{"event_name":"The Mausoleum","player_choice":"Yes","floor":24,"damage_taken":0},{"event_name":"Tomb of Lord Red Mask","player_choice":"Ignored","floor":37,"damage_taken":0},{"event_name":"Match and Keep!","player_choice":"2 cards matched","floor":38,"damage_taken":0},{"event_name":"Mysterious Sphere","player_choice":"Ignore","floor":46,"damage_taken":0}],"boss_relics":[{"not_picked":["Runic Dome","Lizard Tail"],"picked":"Inserter"},{"not_picked":["Tiny House","Orrery"],"picked":"Black Star"}],"potions_floor_spawned":[1,5,11,13,18,30,33,40,44],"seed_played":"6428425901022371958","killed_by":"Time Eater","ascension_level":1,"is_trial":false}