{"gold_per_floor":[113,126,136,136,136,136,147,147,147,167,201,212,212,64,64,64],"floor_reached":16,"playtime":701,"items_purged":["Strike_G"],"score":128,"play_id":"9892a9b8-2b7e-491c-ac2e-a32e0caa983f","local_time":"20190303160327","is_ascension_mode":true,"campfire_choices":[{"data":"Blade Dance","floor":6,"key":"SMITH"},{"data":"Dodge and Roll","floor":8,"key":"SMITH"},{"data":"Infinite Blades","floor":13,"key":"SMITH"},{"data":"Footwork","floor":15,"key":"SMITH"}],"neow_cost":"NONE","seed_source_timestamp":149600489866027,"circlet_count":0,"master_deck":["Defend_G","Defend_G","Defend_G","Defend_G","Defend_G","Strike_G","Strike_G","Strike_G","Strike_G","Survivor","Neutralize","Leg Sweep","Slice","Blade Dance+1","Dodge and Roll+1","Riddle With Holes","Predator","Infinite Blades+1","Footwork+1"],"special_seed":0,"relics":["Ring of the Snake","Centennial Puzzle","Dodecahedron"],"potions_floor_usage":[10,11,16],"damage_taken":[{"damage":0.0,"enemies":"Cultist","floor":1.0,"turns":5.0},{"damage":2.0,"enemies":"2 Louse","floor":2.0,"turns":3.0},{"damage":0,"enemies":"Jaw Worm","floor":3,"turns":5},{"damage":0,"enemies":"2 Fungi Beasts","floor":7,"turns":5},{"damage":0,"enemies":"3 Louse","floor":10,"turns":1},{"damage":19,"enemies":"3 Sentries","floor":11,"turns":11},{"damage":5,"enemies":"Looter","floor":12,"turns":3},{"damage":44,"enemies":"Hexaghost","floor":16,"turns":16}],"seed_played":"-4475706914505562225","potions_obtained":[{"floor":0.0,"key":"Swift Potion"},{"floor":0.0,"key":"PowerPotion"},{"floor":0.0,"key":"EssenceOfSteel"},{"floor":7,"key":"Explosive Potion"}],"is_trial":false,"path_per_floor":["M","M","M","T","?","R","M","R","T","M","E","M","R","$","R","B"],"character_chosen":"THE_SILENT","items_purchased":["Footwork"],"campfire_rested":0,"item_purchase_floors":[14],"current_hp_per_floor":[70,68,68,68,68,68,68,68,68,68,49,44,44,44,44,0],"gold":64,"neow_bonus":"THREE_SMALL_POTIONS","is_prod":false,"is_daily":false,"chose_seed":false,"campfire_upgraded":4,"win_rate":0,"timestamp":1551650607,"path_taken":["M","M","?","?","?","R","M","R","T","?","E","M","R","$","R","BOSS"],"build_version":"2019-01-23","purchased_purges":1,"victory":false,"max_hp_per_floor":[70,70,70,70,70,70,70,70,70,70,70,70,70,70,70,70],"card_choices":[{"not_picked":["Prepared","Sucker Punch"],"picked":"Leg Sweep","floor":1.0},{"not_picked":["Distraction","Tactician"],"picked":"Slice","floor":2.0},{"not_picked":["Deadly Poison","Cloak And Dagger"],"picked":"Blade Dance","floor":3},{"not_picked":["Bane","Prepared"],"picked":"Dodge and Roll","floor":7},{"not_picked":["Tactician","Dagger Throw"],"picked":"Riddle With Holes","floor":10},{"not_picked":["Setup","Die Die Die"],"picked":"Predator","floor":11},{"not_picked":["Blade Dance","Expertise"],"picked":"Infinite Blades","floor":12}],"player_experience":285837,"relics_obtained":[{"floor":9,"key":"Centennial Puzzle"},{"floor":11,"key":"Dodecahedron"}],"event_choices":[{"damage_healed":0,"gold_gain":0,"player_choice":"0 cards matched","damage_taken":0,"max_hp_gain":0,"max_hp_loss":0,"event_name":"Match and Keep!","floor":5,"gold_loss":0,"cards_obtained":[]}],"is_beta":false,"boss_relics":[],"items_purged_floors":[14],"is_endless":false,"potions_floor_spawned":[2,7],"killed_by":"Hexaghost","ascension_level":5}