{"path_per_floor":["M","?","$","M","M","R","?","R","T","M","T","M","M","M","R","B",null,"M","$","M","M","?","R"],"character_chosen":"IRONCLAD","items_purchased":[],"gold_per_floor":[112,112,37,48,60,60,60,60,85,95,95,111,128,145,145,242,242,261,161,180,195,195,195],"floor_reached":24,"campfire_rested":1,"playtime":1057,"current_hp_per_floor":[77,77,77,80,79,79,72,72,72,77,77,77,71,77,77,50,80,59,59,52,34,34,64],"items_purged":["Regret","Defend_R"],"gold":195,"score":228,"play_id":"f2343a35-711b-46d7-ae7d-8f9c9e583fe0","local_time":"20180306192847","is_prod":false,"is_daily":false,"is_ascension_mode":true,"campfire_upgraded":3,"timestamp":1520375327,"path_taken":["M","?","$","M","M","R","?","R","T","?","?","?","M","M","R","BOSS","M","$","M","M","?","R","E"],"build_version":"2018-03-01-PROD1","purchased_purges":2,"victory":false,"master_deck":["Strike_R","Strike_R","Strike_R+1","Strike_R+1","Defend_R","Defend_R","Bash","Clash","Dual Wield+1","Whirlwind+1","Thunderclap","True Grit+1","Double Tap","Inflame+1","Rage"],"max_hp_per_floor":[80,80,80,80,80,80,80,80,80,80,80,80,80,80,80,80,80,80,80,80,80,80,80],"relics":["Burning Blood","Centennial Puzzle","Whetstone","Pantograph","Eternal Feather"],"card_choices":[{"not_picked":["Bludgeon","True Grit"],"picked":"Clash"},{"not_picked":["Armaments","Cleave"],"picked":"Dual Wield"},{"not_picked":["Flame Barrier","Infernal Blade"],"picked":"Whirlwind"},{"not_picked":["Cleave","Warcry"],"picked":"Thunderclap"},{"not_picked":["Heavy Blade","Whirlwind"],"picked":"True Grit"},{"not_picked":["Feed","Offering"],"picked":"Double Tap"},{"not_picked":["Searing Blow","Perfected Strike"],"picked":"Inflame"},{"not_picked":["Seeing Red","Twin Strike"],"picked":"Rage"}],"player_experience":494266,"potions_floor_usage":[16,16,21],"damage_taken":[{"damage":9,"enemies":"Jaw Worm","floor":1,"turns":4},{"damage":0,"enemies":"2 Louse","floor":4,"turns":2},{"damage":7,"enemies":"Small Slimes","floor":5,"turns":3},{"damage":1,"enemies":"2 Fungi Beasts","floor":10,"turns":2},{"damage":6,"enemies":"Exordium Thugs","floor":12,"turns":2},{"damage":12,"enemies":"Exordium Wildlife","floor":13,"turns":3},{"damage":0,"enemies":"Gremlin Gang","floor":14,"turns":2},{"damage":36,"enemies":"The Guardian","floor":16,"turns":10},{"damage":27,"enemies":"Spheric Guardian","floor":18,"turns":4},{"damage":13,"enemies":"2 Thieves","floor":20,"turns":2},{"damage":39,"enemies":"Centurion and Healer","floor":21,"turns":7},{"damage":70,"enemies":"Gremlin Leader","floor":24,"turns":7}],"event_choices":[{"event_name":"Big Fish","player_choice":"Box","floor":2,"damage_taken":0},{"event_name":"Golden Wing","player_choice":"Card Removal","floor":7,"damage_taken":0},{"event_name":"Back to Basics","player_choice":"Elegance","floor":22,"damage_taken":0}],"boss_relics":[{"not_picked":["Calling Bell","Pandora\u0027s Box"],"picked":"Eternal Feather"}],"potions_floor_spawned":[1,10,12,13,14],"seed_played":"-5564276496016473948","killed_by":"Gremlin Leader","ascension_level":4,"is_trial":false}