{"path_per_floor":["M","$","?","$","M","R","?","?","T","$","M","?","M","$","R","B",null,"M","M","?","M","?","M","?","M","T","M","R","$","$","M","R"],"character_chosen":"IRONCLAD","items_purchased":["Flex"],"gold_per_floor":[115,40,115,15,34,34,34,34,60,60,80,80,101,101,101,221,221,242,255,170,195,120,135,235,253,280,293,293,168,115,136,136],"floor_reached":33,"campfire_rested":1,"playtime":654,"current_hp_per_floor":[74,74,63,63,67,67,67,60,60,60,55,55,49,49,49,23,74,74,71,71,63,63,50,50,52,52,54,54,54,54,56,74],"items_purged":["Defend_R","Defend_R","Strike_R"],"gold":136,"score":237,"play_id":"7a114142-e035-406e-a890-05beade113c3","local_time":"20180317150919","is_prod":false,"is_daily":false,"is_ascension_mode":false,"campfire_upgraded":3,"timestamp":1521310159,"path_taken":["M","$","?","$","M","R","?","?","T","?","M","?","M","$","R","BOSS","M","M","?","M","?","M","?","M","T","?","R","?","$","M","R","BOSS"],"build_version":"2018-03-15v2","purchased_purges":3,"victory":false,"master_deck":["Strike_R","Strike_R","Strike_R","Strike_R","Bash","Clash+1","Rage+1","Offering+1","Inflame","Flex"],"max_hp_per_floor":[80,80,80,80,80,80,74,74,74,74,74,74,74,74,74,74,74,74,74,74,74,74,74,74,74,74,74,74,74,74,74,74],"relics":["Burning Blood","Happy Flower","Golden Idol","Darkstone Periapt","Vajra","Sozu","Oddly Smooth Stone","Bronze Scales"],"card_choices":[{"not_picked":["Bloodletting","Intimidate"],"picked":"Clash"},{"not_picked":["Corruption","Anger"],"picked":"Rage"},{"not_picked":["Warcry","Armaments"],"picked":"Inflame"}],"player_experience":582433,"potions_floor_usage":[13,16,23],"damage_taken":[{"damage":12,"enemies":"2 Louse","floor":1,"turns":2},{"damage":2,"enemies":"Small Slimes","floor":5,"turns":2},{"damage":11,"enemies":"Jaw Worm","floor":11,"turns":2},{"damage":12,"enemies":"Gremlin Gang","floor":13,"turns":2},{"damage":32,"enemies":"Hexaghost","floor":16,"turns":6},{"damage":4,"enemies":"Spheric Guardian","floor":18,"turns":3},{"damage":9,"enemies":"2 Thieves","floor":19,"turns":3},{"damage":14,"enemies":"Chosen and Byrds","floor":21,"turns":4},{"damage":19,"enemies":"Snake Plant","floor":23,"turns":2},{"damage":4,"enemies":"3 Cultists","floor":25,"turns":3},{"damage":4,"enemies":"Snecko","floor":27,"turns":2},{"damage":4,"enemies":"Chosen and Byrds","floor":31,"turns":2},{"damage":89,"enemies":"Collector","floor":33,"turns":6}],"event_choices":[{"event_name":"World of Goop","player_choice":"Gather Gold","floor":3,"damage_taken":0},{"event_name":"Golden Idol","player_choice":"Lose Max HP","floor":7,"damage_taken":0},{"event_name":"Scrap Ooze","player_choice":"success","floor":8,"damage_taken":7},{"event_name":"Transmorgrifier","player_choice":"Transform","floor":12,"damage_taken":0},{"event_name":"Addict","player_choice":"Obtained Relic","floor":20,"damage_taken":0},{"event_name":"Beggar","player_choice":"Gave Gold","floor":22,"damage_taken":0},{"event_name":"Golden Shrine","player_choice":"Pray","floor":24,"damage_taken":0}],"boss_relics":[{"not_picked":["Ectoplasm","Pandora\u0027s Box"],"picked":"Sozu"}],"potions_floor_spawned":[1,11,13,25,31],"seed_played":"7771829899931166172","killed_by":"Collector","ascension_level":0,"is_trial":false}