{"gold_per_floor":[113,188,203,34,49,49,14,30,82,112,112,112,142,153,153,153],"floor_reached":16,"playtime":716,"items_purged":["Parasite"],"score":110,"play_id":"ce696dd1-53d9-4acf-ac4a-42d62121e440","local_time":"20190205185341","is_ascension_mode":true,"campfire_choices":[{"data":"Terror","floor":6,"key":"SMITH"},{"floor":11,"key":"REST"},{"floor":15,"key":"REST"}],"neow_cost":"CURSE","seed_source_timestamp":443103035003439,"circlet_count":0,"master_deck":["Defend_G","Defend_G","Defend_G","Defend_G","Defend_G","Strike_G","Strike_G","Strike_G","Strike_G","Strike_G","Survivor","Neutralize","Terror+1","Cloak And Dagger","Well Laid Plans","Flying Knee","Finisher","Blade Dance","Skewer","Cloak And Dagger"],"relics":["Ring of the Snake","Turnip","Art of War","Dream Catcher","Letter Opener","Odd Mushroom"],"potions_floor_usage":[10,16],"damage_taken":[{"damage":20,"enemies":"Jaw Worm","floor":1,"turns":6},{"damage":0,"enemies":"Small Slimes","floor":3,"turns":3},{"damage":3,"enemies":"2 Louse","floor":5,"turns":2},{"damage":8,"enemies":"Large Slime","floor":8,"turns":7},{"damage":21,"enemies":"3 Sentries","floor":10,"turns":8},{"damage":13,"enemies":"The Mushroom Lair","floor":13,"turns":3},{"damage":4,"enemies":"Red Slaver","floor":14,"turns":3},{"damage":33,"enemies":"Slime Boss","floor":16,"turns":6}],"seed_played":"-1253343305119803663","potions_obtained":[{"floor":8,"key":"SteroidPotion"},{"floor":14,"key":"Energy Potion"}],"is_trial":false,"path_per_floor":["M","?","M","$","M","R","$","M","T","E","R","?","?","M","R","B"],"character_chosen":"THE_SILENT","items_purchased":["Well Laid Plans","Flying Knee","Finisher"],"campfire_rested":2,"item_purchase_floors":[4,4,7],"current_hp_per_floor":[50,39,39,39,36,36,36,28,28,7,27,27,14,10,30,0],"gold":153,"neow_bonus":"ONE_RARE_RELIC","is_prod":false,"is_daily":false,"chose_seed":false,"campfire_upgraded":1,"win_rate":0,"timestamp":1549414421,"path_taken":["M","?","M","$","M","R","$","M","T","E","R","?","?","M","R","BOSS"],"build_version":"2019-01-23","purchased_purges":1,"victory":false,"max_hp_per_floor":[70,70,70,67,67,67,67,67,67,67,67,67,67,67,67,67],"card_choices":[{"not_picked":["Flying Knee","Calculated Gamble"],"picked":"Terror","floor":1},{"not_picked":["Leg Sweep","All Out Attack"],"picked":"Cloak And Dagger","floor":3},{"not_picked":["Concentrate","PiercingWail","Dagger Throw"],"picked":"SKIP","floor":5},{"not_picked":["Deflect","Underhanded Strike","Concentrate"],"picked":"SKIP","floor":8},{"not_picked":["Noxious Fumes","Wraith Form v2"],"picked":"Blade Dance","floor":10},{"not_picked":["Masterful Stab","Dagger Spray"],"picked":"Skewer","floor":11},{"not_picked":["Skewer","Setup","Deadly Poison"],"picked":"SKIP","floor":14},{"not_picked":["Escape Plan","Acrobatics"],"picked":"Cloak And Dagger","floor":15}],"player_experience":116356,"relics_obtained":[{"floor":9,"key":"Art of War"},{"floor":10,"key":"Dream Catcher"},{"floor":13,"key":"Odd Mushroom"}],"event_choices":[{"damage_healed":0,"gold_gain":75,"player_choice":"Gather Gold","damage_taken":11,"max_hp_gain":0,"max_hp_loss":0,"event_name":"World of Goop","floor":2,"gold_loss":0},{"damage_healed":0,"gold_gain":0,"player_choice":"Searched \u00271\u0027 times","damage_taken":0,"relics_obtained":["Letter Opener"],"max_hp_gain":0,"max_hp_loss":0,"event_name":"Dead Adventurer","floor":12,"gold_loss":0},{"damage_healed":0,"gold_gain":0,"player_choice":"Fought Mushrooms","damage_taken":0,"max_hp_gain":0,"max_hp_loss":0,"event_name":"Mushrooms","floor":13,"gold_loss":0}],"is_beta":false,"boss_relics":[],"items_purged_floors":[4],"is_endless":false,"potions_floor_spawned":[8,14],"killed_by":"Slime Boss","ascension_level":2}