{"gold_per_floor":[112,40,40,52,67,67,93,111,137,137,137,157,172,188,188,188],"floor_reached":16,"playtime":620,"items_purged":[],"score":151,"play_id":"afe134e3-2a69-4a04-b34d-f5ce1cfafe50","local_time":"20190312003558","is_ascension_mode":true,"campfire_choices":[{"data":"Consume","floor":6,"key":"SMITH"},{"data":"Dualcast","floor":11,"key":"SMITH"},{"floor":15,"key":"REST"}],"neow_cost":"NONE","seed_source_timestamp":36243285664670,"circlet_count":0,"master_deck":["Strike_B","Strike_B","Strike_B","Defend_B","Defend_B","Defend_B","Defend_B","Zap+1","Dualcast+1","Leap+1","Sunder+1","Leap+1","Consume+1","Sweeping Beam","Ball Lightning","Streamline"],"relics":["Cracked Core","War Paint","DataDisk"],"potions_floor_usage":[13,14],"damage_taken":[{"damage":2,"enemies":"Jaw Worm","floor":1,"turns":3},{"damage":0,"enemies":"2 Louse","floor":4,"turns":2},{"damage":0,"enemies":"Cultist","floor":5,"turns":2},{"damage":35,"enemies":"3 Sentries","floor":7,"turns":6},{"damage":2,"enemies":"2 Fungi Beasts","floor":8,"turns":4},{"damage":10,"enemies":"Gremlin Gang","floor":12,"turns":4},{"damage":1,"enemies":"Looter","floor":13,"turns":3},{"damage":0,"enemies":"Exordium Thugs","floor":14,"turns":4},{"damage":56,"enemies":"Hexaghost","floor":16,"turns":9}],"seed_played":"-3401611196500077713","potions_obtained":[{"floor":4,"key":"SpeedPotion"},{"floor":7,"key":"Ancient Potion"},{"floor":8,"key":"SteroidPotion"},{"floor":13,"key":"Regen Potion"},{"floor":14,"key":"FearPotion"}],"is_trial":false,"path_per_floor":["M","$","?","M","M","R","E","M","T","?","R","M","M","M","R","B"],"character_chosen":"DEFECT","items_purchased":["Sunder"],"campfire_rested":1,"item_purchase_floors":[2],"current_hp_per_floor":[66,66,66,66,66,66,31,29,29,29,29,19,18,30,52,0],"gold":188,"neow_bonus":"UPGRADE_CARD","is_prod":false,"is_daily":false,"chose_seed":false,"campfire_upgraded":2,"win_rate":0,"timestamp":1552376158,"path_taken":["M","$","?","M","M","R","E","M","T","?","R","M","M","?","R","BOSS"],"build_version":"2019-01-23","purchased_purges":0,"victory":false,"max_hp_per_floor":[75,75,75,75,75,75,75,75,75,75,75,75,75,75,75,75],"card_choices":[{"not_picked":["Turbo","Sweeping Beam"],"picked":"Leap","floor":1},{"not_picked":["Gash","Tempest"],"picked":"Leap","floor":4},{"not_picked":["Hello World","Sweeping Beam"],"picked":"Consume","floor":5},{"not_picked":["Scrape","Double Energy"],"picked":"Sweeping Beam","floor":7},{"not_picked":["Lockon","Rebound"],"picked":"Ball Lightning","floor":8},{"not_picked":["Beam Cell","Meteor Strike","Undo"],"picked":"SKIP","floor":12},{"not_picked":["Skim","Conserve Battery","Rip and Tear"],"picked":"SKIP","floor":13},{"not_picked":["Leap","Hologram"],"picked":"Streamline","floor":14}],"player_experience":401546,"relics_obtained":[{"floor":7,"key":"War Paint"},{"floor":9,"key":"DataDisk"}],"event_choices":[{"damage_healed":0,"gold_gain":0,"player_choice":"Grow","damage_taken":0,"max_hp_gain":0,"max_hp_loss":0,"event_name":"Living Wall","floor":3,"gold_loss":0,"cards_upgraded":["Sunder"]},{"cards_removed":["Strike_B"],"damage_healed":0,"gold_gain":0,"player_choice":"Purged","damage_taken":0,"max_hp_gain":0,"max_hp_loss":0,"event_name":"Purifier","floor":10,"gold_loss":0}],"is_beta":false,"boss_relics":[],"items_purged_floors":[],"is_endless":false,"potions_floor_spawned":[4,7,8,13,14],"killed_by":"Hexaghost","ascension_level":9}