{"path_per_floor":["M","?","?","M","M","$","M","$","T","M","M","T","T","$","R","B",null,"M","$","?","M","M","R","E","R","T","$","M","M","$","M","R"],"character_chosen":"IRONCLAD","items_purchased":["Dropkick","Flex"],"gold_per_floor":[115,115,115,130,143,62,75,0,30,47,58,138,218,69,69,171,171,151,26,26,26,36,36,61,61,85,85,102,119,119,132,132],"floor_reached":33,"campfire_rested":1,"playtime":1712,"current_hp_per_floor":[80,73,78,77,82,82,67,67,67,64,59,59,59,59,59,26,85,79,79,79,85,73,73,37,37,37,37,16,42,42,26,51],"items_purged":["Strike_R","Strike_R","Strike_R"],"gold":132,"score":259,"play_id":"fbacc931-1c90-4cf9-807b-2c2736a93845","is_prod":false,"is_daily":false,"is_ascension_mode":false,"campfire_upgraded":3,"path_taken":["M","?","?","M","M","$","M","$","T","?","M","?","?","$","R","BOSS","M","$","?","M","?","R","E","R","T","$","M","M","$","M","R","BOSS"],"build_version":"2018-02-15-PROD1","purchased_purges":3,"victory":false,"master_deck":["Strike_R","Defend_R","Defend_R","Defend_R","Defend_R","Bash+1","Armaments+1","Pommel Strike","Cleave","Dropkick+1","Seeing Red","Flex+1","Twin Strike+1","Shrug It Off+1"],"max_hp_per_floor":[80,80,85,85,85,85,85,85,85,85,85,85,85,85,85,85,85,85,85,85,85,85,85,85,85,85,85,85,85,85,85,85],"relics":["Burning Blood","Tiny Chest","Toxic Egg 2","Kunai","Lizard Tail","Dream Catcher","Art of War"],"card_choices":[{"not_picked":["Shockwave","Pommel Strike"],"picked":"Armaments"},{"not_picked":["Headbutt","Pummel"],"picked":"Pommel Strike"},{"not_picked":["Fire Breathing","Warcry"],"picked":"Cleave"},{"not_picked":["Combust","True Grit"],"picked":"Seeing Red"},{"not_picked":["Thunderclap","Rupture"],"picked":"Twin Strike"},{"not_picked":["Inflame","Pommel Strike"],"picked":"Shrug It Off"}],"player_experience":76856,"potions_floor_usage":[16,22,24,24,33,33,33],"damage_taken":[{"damage":2,"enemies":"Small Slimes","floor":1,"turns":5},{"damage":7,"enemies":"2 Louse","floor":4,"turns":4},{"damage":1,"enemies":"Cultist","floor":5,"turns":4},{"damage":21,"enemies":"Large Slime","floor":7,"turns":6},{"damage":9,"enemies":"2 Fungi Beasts","floor":10,"turns":3},{"damage":11,"enemies":"3 Louse","floor":11,"turns":4},{"damage":39,"enemies":"The Guardian","floor":16,"turns":11},{"damage":12,"enemies":"2 Thieves","floor":18,"turns":4},{"damage":0,"enemies":"Chosen","floor":21,"turns":6},{"damage":21,"enemies":"Snake Plant","floor":22,"turns":4},{"damage":42,"enemies":"Book of Stabbing","floor":24,"turns":5},{"damage":27,"enemies":"Chosen and Byrds","floor":28,"turns":10},{"damage":22,"enemies":"Snecko","floor":29,"turns":5},{"damage":22,"enemies":"Slaver and Parasite","floor":31,"turns":13},{"damage":55,"enemies":"Collector","floor":33,"turns":6}],"event_choices":[{"event_name":"Golden Wing","player_choice":"Card Removal","floor":2,"damage_taken":0},{"event_name":"Big Fish","player_choice":"Donut","floor":3,"damage_taken":0},{"event_name":"Vampires","player_choice":"Ignored","floor":20,"damage_taken":0}],"boss_relics":[{"not_picked":["Orrery","Runic Dome"],"picked":"Lizard Tail"}],"potions_floor_spawned":[1,5,11,16,28,29,31],"seed_played":"-1876950134948831115","killed_by":"Collector","ascension_level":0,"is_trial":false}