{"gold_per_floor":[116,116,116,131,143,143,156,184,184,184,202,202,44,76,76,174,174,191,191,179,8,21,50,50,50,119,138,138,172,191,209,209,311,311,323,336,346,356,373,373,373],"floor_reached":41,"playtime":2064,"items_purged":["Strike_B"],"score":517,"play_id":"b6d4561f-5364-4562-b835-1ba0c17ad061","local_time":"20190225195942","is_ascension_mode":true,"campfire_choices":[{"data":"Gash","floor":6,"key":"SMITH"},{"data":"Streamline","floor":10,"key":"SMITH"},{"data":"Auto Shields","floor":12,"key":"SMITH"},{"data":"Seek","floor":15,"key":"SMITH"},{"floor":25,"key":"REST"},{"data":"Echo Form","floor":28,"key":"SMITH"},{"data":"FTL","floor":32,"key":"SMITH"},{"floor":40,"key":"REST"}],"neow_cost":"NONE","seed_source_timestamp":7954687791033,"circlet_count":0,"master_deck":["Strike_B","Strike_B","Strike_B","Defend_B","Defend_B","Defend_B","Defend_B","Zap","Dualcast","Gash+1","Gash+1","Auto Shields+1","Streamline+1","Sweeping Beam","FTL+1","Seek+1","Rebound","All For One","Scrape","Steam","Steam","Echo Form+1","Hologram","Chill","Gash","BootSequence","Machine Learning","Go for the Eyes"],"relics":["Cracked Core","Centennial Puzzle","Vajra","Meat on the Bone","Singing Bowl","Orrery","Mummified Hand","Bottled Flame","Bag of Marbles","Pantograph","Ice Cream","Runic Pyramid"],"potions_floor_usage":[8,18,39,41],"damage_taken":[{"damage":0,"enemies":"Cultist","floor":1,"turns":4},{"damage":0,"enemies":"Small Slimes","floor":4,"turns":2},{"damage":2,"enemies":"2 Louse","floor":5,"turns":2},{"damage":5,"enemies":"Blue Slaver","floor":7,"turns":3},{"damage":24,"enemies":"Gremlin Nob","floor":8,"turns":4},{"damage":8,"enemies":"Large Slime","floor":11,"turns":3},{"damage":26,"enemies":"Lagavulin","floor":14,"turns":5},{"damage":10,"enemies":"Hexaghost","floor":16,"turns":8},{"damage":26,"enemies":"3 Byrds","floor":18,"turns":4},{"damage":13,"enemies":"2 Thieves","floor":20,"turns":4},{"damage":21,"enemies":"Snake Plant","floor":22,"turns":3},{"damage":34,"enemies":"Gremlin Leader","floor":23,"turns":5},{"damage":0,"enemies":"Centurion and Healer","floor":27,"turns":3},{"damage":7,"enemies":"Book of Stabbing","floor":29,"turns":4},{"damage":5,"enemies":"Shelled Parasite and Fungi","floor":30,"turns":4},{"damage":11,"enemies":"Snecko","floor":31,"turns":4},{"damage":50,"enemies":"Automaton","floor":33,"turns":9},{"damage":1,"enemies":"3 Shapes","floor":35,"turns":4},{"damage":27,"enemies":"3 Darklings","floor":36,"turns":6},{"damage":10,"enemies":"4 Shapes","floor":37,"turns":5},{"damage":25,"enemies":"Jaw Worm Horde","floor":38,"turns":5},{"damage":31,"enemies":"Sphere and 2 Shapes","floor":39,"turns":4},{"damage":73,"enemies":"Giant Head","floor":41,"turns":8}],"seed_played":"-1394461999996392784","potions_obtained":[{"floor":1,"key":"GamblersBrew"},{"floor":7,"key":"LiquidBronze"},{"floor":11,"key":"FocusPotion"},{"floor":16,"key":"FearPotion"},{"floor":22,"key":"Fire Potion"},{"floor":39,"key":"Regen Potion"}],"is_trial":false,"path_per_floor":["M","?","?","M","M","R","M","E","T","R","M","R","$","E","R","B",null,"M","?","M","$","M","E","T","R","T","M","R","E","M","M","R","B",null,"M","M","M","M","M","R","E"],"character_chosen":"DEFECT","items_purchased":["Seek","Explosive Potion","Hologram"],"campfire_rested":2,"item_purchase_floors":[13,21,21],"current_hp_per_floor":[75,75,75,75,73,73,68,44,44,44,48,48,48,34,34,36,79,53,53,42,42,35,15,15,40,40,52,52,45,52,55,55,42,87,86,61,53,42,25,53,0],"gold":373,"neow_bonus":"RANDOM_COMMON_RELIC","is_prod":false,"is_daily":false,"chose_seed":false,"campfire_upgraded":6,"win_rate":0,"timestamp":1551146382,"path_taken":["M","?","?","M","M","R","M","E","T","R","M","R","$","E","R","BOSS","M","?","?","$","M","E","?","R","T","M","R","E","M","M","R","BOSS","M","M","M","M","M","R","E"],"build_version":"2019-01-23","purchased_purges":1,"victory":false,"max_hp_per_floor":[75,75,75,75,75,75,75,75,75,75,75,75,75,75,75,75,79,79,79,81,81,83,85,85,85,85,85,85,85,85,87,87,87,87,87,89,91,93,95,95,95],"card_choices":[{"not_picked":["Darkness","Coolheaded"],"picked":"Gash","floor":1},{"not_picked":["Ball Lightning","Lockon"],"picked":"Gash","floor":4},{"not_picked":["Tempest","Aggregate"],"picked":"Auto Shields","floor":5},{"not_picked":["Heatsinks","Double Energy"],"picked":"Streamline","floor":7},{"not_picked":["Defragment","Conserve Battery"],"picked":"Sweeping Beam","floor":8},{"not_picked":["Undo","Rebound"],"picked":"FTL","floor":11},{"not_picked":["Capacitor","Steam Power"],"picked":"Rebound","floor":14},{"not_picked":["Buffer","Amplify"],"picked":"All For One","floor":16},{"not_picked":["Barrage","FTL"],"picked":"Scrape","floor":17},{"not_picked":["Skim","Redo"],"picked":"Steam","floor":17},{"not_picked":["White Noise","Turbo"],"picked":"Steam","floor":17},{"not_picked":["Conserve Battery","Compile Driver","Turbo"],"picked":"Singing Bowl","floor":17},{"not_picked":["Leap","Cold Snap","Melter"],"picked":"Singing Bowl","floor":17},{"not_picked":["Steam+1","Turbo"],"picked":"Echo Form","floor":18},{"not_picked":["Sweeping Beam","Barrage","Rebound"],"picked":"Singing Bowl","floor":20},{"not_picked":["Steam+1","Conserve Battery","Loop"],"picked":"Singing Bowl","floor":22},{"not_picked":["Cold Snap","Barrage+1","Leap+1"],"picked":"Singing Bowl","floor":23},{"not_picked":["Redo+1","Rebound+1"],"picked":"Chill","floor":27},{"not_picked":["Redo","Conserve Battery"],"picked":"Gash","floor":29},{"not_picked":["Stack","Streamline"],"picked":"BootSequence","floor":30},{"not_picked":["Static Discharge","Blizzard","Recycle"],"picked":"Singing Bowl","floor":31},{"not_picked":["Echo Form","Amplify"],"picked":"Machine Learning","floor":33},{"not_picked":["Conserve Battery+1","Leap+1"],"picked":"Go for the Eyes","floor":35},{"not_picked":["Undo","Barrage","Coolheaded"],"picked":"Singing Bowl","floor":36},{"not_picked":["Ball Lightning","Coolheaded","Steam"],"picked":"Singing Bowl","floor":37},{"not_picked":["Coolheaded","Hello World+1","Barrage+1"],"picked":"Singing Bowl","floor":38},{"not_picked":["Rebound","Chill","Buffer"],"picked":"Singing Bowl","floor":39}],"player_experience":233209,"relics_obtained":[{"floor":8,"key":"Vajra"},{"floor":9,"key":"Meat on the Bone"},{"floor":14,"key":"Singing Bowl"},{"floor":23,"key":"Bottled Flame"},{"floor":24,"key":"Bag of Marbles"},{"floor":26,"key":"Pantograph"},{"floor":29,"key":"Ice Cream"}],"event_choices":[{"damage_healed":0,"gold_gain":0,"player_choice":"Ignored","damage_taken":0,"max_hp_gain":0,"max_hp_loss":0,"event_name":"Liars Game","floor":2,"gold_loss":0},{"damage_healed":0,"gold_gain":0,"player_choice":"Grow","damage_taken":0,"max_hp_gain":0,"max_hp_loss":0,"event_name":"Living Wall","floor":3,"gold_loss":0,"cards_upgraded":["Gash"]},{"damage_healed":0,"gold_gain":0,"player_choice":"Gave Potion","damage_taken":0,"relics_obtained":["Mummified Hand"],"max_hp_gain":0,"max_hp_loss":0,"event_name":"WeMeetAgain","floor":19,"gold_loss":0}],"is_beta":false,"boss_relics":[{"not_picked":["Philosopher\u0027s Stone","Black Star"],"picked":"Orrery"},{"not_picked":["Cursed Key","Coffee Dripper"],"picked":"Runic Pyramid"}],"items_purged_floors":[21],"is_endless":false,"potions_floor_spawned":[1,7,11,16,22,27,31,33,35,38,39],"killed_by":"Giant Head","ascension_level":2}