{"path_per_floor":["M","M","?","T","?","E","M","?","T","R","$","M","E","M","R","B",null,"M","?","?","$","M","R","M"],"character_chosen":"THE_SILENT","items_purchased":["Shuriken","Leg Sweep"],"gold_per_floor":[111,129,204,204,204,239,255,313,394,394,57,69,98,118,118,220,220,232,232,232,52,65,65,83],"floor_reached":25,"campfire_rested":1,"playtime":1562,"current_hp_per_floor":[63,63,52,66,59,59,57,26,26,50,50,46,38,40,40,19,70,56,56,56,56,56,56,15],"items_purged":["Defend_G","Strike_G"],"gold":83,"score":403,"play_id":"3acfe0f4-2b39-4d2a-9d66-31e4d4e3e6bc","local_time":"20180307160023","is_prod":false,"is_daily":false,"is_ascension_mode":true,"campfire_upgraded":2,"timestamp":1520449223,"path_taken":["M","M","?","?","?","E","M","?","T","R","?","?","E","M","R","BOSS","M","?","?","$","M","R","M","M"],"build_version":"2018-03-01-PROD1","purchased_purges":2,"victory":false,"master_deck":["Defend_G","Defend_G","Defend_G","Defend_G","Strike_G","Strike_G","Strike_G","Strike_G","Survivor","Neutralize+1","Dagger Throw","Well Laid Plans","Outmaneuver+1","Dagger Spray","Cloak And Dagger","Leg Sweep","Blade Dance"],"max_hp_per_floor":[70,70,70,84,81,81,81,81,81,81,81,81,83,85,85,87,87,89,89,89,89,91,91,91],"relics":["Ring of the Snake","NeowsBlessing","Mango","Blue Candle","Tingsha","Bottled Flame","Shuriken","Singing Bowl","Cursed Key","Centennial Puzzle"],"card_choices":[{"not_picked":["Bane","Backflip"],"picked":"Dagger Throw"},{"not_picked":["Storm of Steel","Expertise"],"picked":"Well Laid Plans"},{"not_picked":["All Out Attack","Endless Agony"],"picked":"Outmaneuver"},{"not_picked":["Riddle With Holes","Flechettes"],"picked":"Dagger Spray"},{"not_picked":["Outmaneuver","Concentrate"],"picked":"Cloak And Dagger"},{"not_picked":["Dagger Throw","Quick Slash"],"picked":"Blade Dance"}],"player_experience":533459,"potions_floor_usage":[8,13,14,16,24,24],"damage_taken":[{"damage":0,"enemies":"2 Louse","floor":1,"turns":1},{"damage":0,"enemies":"Small Slimes","floor":2,"turns":1},{"damage":0,"enemies":"3 Sentries","floor":6,"turns":1},{"damage":2,"enemies":"Jaw Worm","floor":7,"turns":5},{"damage":31,"enemies":"Gremlin Nob","floor":8,"turns":5},{"damage":4,"enemies":"Blue Slaver","floor":12,"turns":3},{"damage":10,"enemies":"Gremlin Nob","floor":13,"turns":4},{"damage":0,"enemies":"2 Fungi Beasts","floor":14,"turns":3},{"damage":23,"enemies":"The Guardian","floor":16,"turns":13},{"damage":16,"enemies":"Spheric Guardian","floor":18,"turns":4},{"damage":2,"enemies":"Shell Parasite","floor":22,"turns":6},{"damage":41,"enemies":"Cultist and Chosen","floor":24,"turns":9},{"damage":17,"enemies":"Snake Plant","floor":25,"turns":3}],"event_choices":[{"event_name":"World of Goop","player_choice":"Gather Gold","floor":3,"damage_taken":0},{"event_name":"Golden Wing","player_choice":"Card Removal","floor":5,"damage_taken":0},{"event_name":"Dead Adventurer","player_choice":"Searched \u00271\u0027 times","floor":8,"damage_taken":0},{"event_name":"Cursed Tome","player_choice":"Ignored","floor":19,"damage_taken":0},{"event_name":"The Mausoleum","player_choice":"Yes","floor":20,"damage_taken":0}],"boss_relics":[{"not_picked":["Runic Dome","Calling Bell"],"picked":"Cursed Key"}],"potions_floor_spawned":[7,12,13,14,16,22,24],"seed_played":"3885189934439028737","killed_by":"Snake Plant","ascension_level":12,"is_trial":false}