{"gold_per_floor":[111,111,27,27,39,64,64,97,97,125,142,142,158,171,171,171],"floor_reached":16,"playtime":1770,"items_purged":[],"score":120,"play_id":"69a3e0d9-1eb5-41ac-90d0-244018dcb67a","local_time":"20180706171129","is_ascension_mode":false,"campfire_choices":[{"floor":7,"key":"REST"},{"floor":12,"key":"REST"},{"floor":15,"key":"REST"}],"neow_cost":"","seed_source_timestamp":23666502912145,"circlet_count":0,"master_deck":["Strike_R+1","Strike_R","Strike_R","Strike_R","Strike_R","Defend_R","Defend_R","Defend_R","Bash","Shockwave","Entrench+1","Iron Wave","Twin Strike","Offering","Cleave","Pommel Strike","Sword Boomerang","Flex"],"relics":["Burning Blood","Matryoshka","Happy Flower","Lantern","Bottled Lightning","Bottled Flame"],"potions_floor_usage":[],"damage_taken":[{"damage":1,"enemies":"Jaw Worm","floor":1,"turns":3},{"damage":3,"enemies":"Small Slimes","floor":5,"turns":3},{"damage":18,"enemies":"Gremlin Nob","floor":6,"turns":5},{"damage":58,"enemies":"Lagavulin","floor":8,"turns":7},{"damage":21,"enemies":"3 Sentries","floor":10,"turns":8},{"damage":4,"enemies":"Cultist","floor":11,"turns":2},{"damage":9,"enemies":"Blue Slaver","floor":13,"turns":2},{"damage":4,"enemies":"3 Louse","floor":14,"turns":2},{"damage":63,"enemies":"The Guardian","floor":16,"turns":10}],"seed_played":"-4316726190331522102","potions_obtained":[{"floor":10,"key":"FearPotion"},{"floor":11,"key":"SteroidPotion"},{"floor":13,"key":"Block Potion"}],"is_trial":false,"path_per_floor":["M","?","$","?","M","E","R","E","T","E","M","R","M","M","R"],"character_chosen":"IRONCLAD","items_purchased":["Entrench","Swift Potion"],"campfire_rested":3,"item_purchase_floors":[3,3],"current_hp_per_floor":[80,80,80,64,67,55,79,27,27,12,14,38,35,37,61,0],"gold":171,"neow_bonus":"","is_prod":false,"is_daily":false,"chose_seed":false,"campfire_upgraded":0,"win_rate":0.0,"timestamp":1530922289,"path_taken":["M","?","?","?","M","E","R","E","T","E","M","R","M","M","R","BOSS"],"build_version":"2018-07-05","purchased_purges":0,"victory":false,"max_hp_per_floor":[80,80,80,80,80,80,80,80,80,80,80,80,80,80,80,80],"card_choices":[{"not_picked":["Clothesline","Fire Breathing"],"picked":"Shockwave","floor":1},{"not_picked":["Metallicize","Pommel Strike"],"picked":"Iron Wave","floor":5},{"not_picked":["Combust","Power Through"],"picked":"Twin Strike","floor":6},{"not_picked":["Corruption","Reckless Charge"],"picked":"Offering","floor":8},{"not_picked":["Headbutt","Twin Strike"],"picked":"Cleave","floor":10},{"not_picked":["Blood for Blood","Armaments"],"picked":"Pommel Strike","floor":11},{"not_picked":["Burning Pact","Pommel Strike"],"picked":"Sword Boomerang","floor":13},{"not_picked":["Warcry","Shockwave"],"picked":"Flex","floor":14}],"player_experience":0,"relics_obtained":[{"floor":6,"key":"Matryoshka"},{"floor":8,"key":"Happy Flower"},{"floor":9,"key":"Lantern"},{"floor":9,"key":"Bottled Lightning"},{"floor":10,"key":"Bottled Flame"}],"event_choices":[{"event_name":"Living Wall","player_choice":"Forget","floor":2,"damage_taken":0},{"event_name":"Shining Light","player_choice":"Entered Light","floor":4,"damage_taken":0}],"boss_relics":[],"items_purged_floors":[],"is_endless":false,"potions_floor_spawned":[10,11,13,14],"killed_by":"The Guardian","ascension_level":0}