{"gold_per_floor":[20,20,20,37,53,78,78,113,185,198,213,213,228,258,258,353,353,371,50,150,50,69,98,98,114,139,139,157,157,172,172],"floor_reached":31,"playtime":886,"items_purged":["Strike_B","Strike_B"],"score":346,"play_id":"e8d3ddb8-1c40-447c-844c-675275db9040","local_time":"20190304142905","is_ascension_mode":true,"campfire_choices":[{"data":"Sunder","floor":7,"key":"SMITH"},{"data":"BootSequence","floor":12,"key":"SMITH"},{"floor":15,"key":"REST"},{"data":"Undo","floor":24,"key":"SMITH"},{"floor":27,"key":"REST"},{"data":"Fission","floor":29,"key":"SMITH"}],"neow_cost":"NO_GOLD","seed_source_timestamp":182630782508500,"circlet_count":0,"master_deck":["Strike_B","Strike_B","Defend_B","Defend_B","Defend_B","Defend_B","Zap","Dualcast","Hyperbeam+1","Ball Lightning","Sunder+1","Conserve Battery","Cold Snap","BootSequence+1","Sweeping Beam","Beam Cell","Creative AI","Undo+1","Leap","Fission+1","Double Energy+1","Sweeping Beam+1"],"relics":["Cracked Core","Turnip","Regal Pillow","Bottled Lightning","Nuclear Battery","Frozen Egg 2","Gremlin Horn","Bag of Preparation"],"potions_floor_usage":[14,23,25,31],"damage_taken":[{"damage":0,"enemies":"2 Louse","floor":1,"turns":1},{"damage":0,"enemies":"Cultist","floor":4,"turns":2},{"damage":0,"enemies":"Small Slimes","floor":5,"turns":2},{"damage":11,"enemies":"Gremlin Nob","floor":6,"turns":3},{"damage":24,"enemies":"Lagavulin","floor":8,"turns":5},{"damage":0,"enemies":"Gremlin Gang","floor":10,"turns":3},{"damage":0,"enemies":"Looter","floor":11,"turns":2},{"damage":0,"enemies":"Exordium Wildlife","floor":13,"turns":3},{"damage":2,"enemies":"Gremlin Nob","floor":14,"turns":3},{"damage":20,"enemies":"Slime Boss","floor":16,"turns":6},{"damage":6,"enemies":"2 Thieves","floor":18,"turns":4},{"damage":21,"enemies":"Spheric Guardian","floor":22,"turns":4},{"damage":10,"enemies":"Slavers","floor":23,"turns":4},{"damage":15,"enemies":"Shelled Parasite and Fungi","floor":25,"turns":8},{"damage":5,"enemies":"Cultist and Chosen","floor":28,"turns":4},{"damage":0,"enemies":"3 Cultists","floor":30,"turns":2},{"damage":51,"enemies":"Book of Stabbing","floor":31,"turns":5}],"seed_played":"-8074014568343684073","potions_obtained":[{"floor":6,"key":"SteroidPotion"},{"floor":10,"key":"Block Potion"},{"floor":13,"key":"PowerPotion"},{"floor":14,"key":"Strength Potion"},{"floor":18,"key":"SkillPotion"},{"floor":28,"key":"SkillPotion"},{"floor":30,"key":"Ancient Potion"}],"is_trial":false,"path_per_floor":["M","?","$","M","M","E","R","E","T","M","M","R","M","E","R","B",null,"M","$","?","$","M","E","R","M","T","R","M","R","M","E"],"character_chosen":"DEFECT","items_purchased":["Frozen Egg 2"],"campfire_rested":2,"item_purchase_floors":[19],"current_hp_per_floor":[75,75,75,75,75,64,64,40,40,40,40,40,40,38,75,55,70,64,64,64,64,43,33,33,18,18,55,50,50,50,0],"gold":172,"neow_bonus":"THREE_RARE_CARDS","is_prod":false,"is_daily":false,"chose_seed":false,"campfire_upgraded":4,"win_rate":0,"timestamp":1551731345,"path_taken":["M","?","$","M","M","E","R","E","T","M","M","R","M","E","R","BOSS","M","$","?","?","M","E","R","M","T","R","?","R","M","E"],"build_version":"2019-01-23","purchased_purges":2,"victory":false,"max_hp_per_floor":[75,75,75,75,75,75,75,75,75,75,75,75,75,75,75,75,75,75,75,75,75,75,75,75,75,75,75,75,75,75,75],"card_choices":[{"not_picked":["Reboot","Biased Cognition"],"picked":"Hyperbeam","floor":0},{"not_picked":["Streamline","Steam"],"picked":"Ball Lightning","floor":1},{"not_picked":["Coolheaded","Barrage"],"picked":"Sunder","floor":4},{"not_picked":["Genetic Algorithm","Doom and Gloom"],"picked":"Conserve Battery","floor":5},{"not_picked":["Reprogram","Melter"],"picked":"Cold Snap","floor":6},{"not_picked":["Beam Cell","Coolheaded"],"picked":"BootSequence","floor":8},{"not_picked":["Gash","Go for the Eyes","Scrape"],"picked":"SKIP","floor":10},{"not_picked":["Aggregate","Hologram"],"picked":"Sweeping Beam","floor":11},{"not_picked":["All For One","Force Field","Consume"],"picked":"SKIP","floor":13},{"not_picked":["Gash","Darkness"],"picked":"Beam Cell","floor":14},{"not_picked":["Biased Cognition","Reboot"],"picked":"Creative AI","floor":16},{"not_picked":["Genetic Algorithm","Gash"],"picked":"Undo","floor":18},{"not_picked":["Consume","Rebound","Ball Lightning+1"],"picked":"SKIP","floor":22},{"not_picked":["Compile Driver","Rebound"],"picked":"Leap","floor":23},{"not_picked":["Compile Driver","Cold Snap"],"picked":"Fission","floor":25},{"not_picked":["Rebound+1","Melter"],"picked":"Double Energy+1","floor":28},{"not_picked":["Force Field","BootSequence"],"picked":"Sweeping Beam+1","floor":30}],"player_experience":301746,"relics_obtained":[{"floor":6,"key":"Turnip"},{"floor":8,"key":"Regal Pillow"},{"floor":14,"key":"Bottled Lightning"},{"floor":23,"key":"Gremlin Horn"},{"floor":26,"key":"Bag of Preparation"}],"event_choices":[{"damage_healed":0,"gold_gain":0,"player_choice":"Forge","damage_taken":0,"max_hp_gain":0,"max_hp_loss":0,"event_name":"Accursed Blacksmith","floor":2,"gold_loss":0,"cards_upgraded":["Hyperbeam"]},{"damage_healed":0,"gold_gain":100,"player_choice":"Pray","damage_taken":0,"max_hp_gain":0,"max_hp_loss":0,"event_name":"Golden Shrine","floor":20,"gold_loss":0}],"is_beta":false,"boss_relics":[{"not_picked":["Eternal Feather","FrozenCore"],"picked":"Nuclear Battery"}],"items_purged_floors":[19,21],"is_endless":false,"potions_floor_spawned":[6,10,13,14,18,28,30],"killed_by":"Book of Stabbing","ascension_level":5}