{"gold_per_floor":[113,123,198,198,47,47,72,99,123,53,86,100,112,112,112,212,212,225,625,639,657,607,607,641,641,641,641,653,373,373,399,399,499,499,515,515,465,465,482,482,497,528,552,552],"floor_reached":44,"playtime":2148,"items_purged":["Strike_B","Strike_B","Strike_B"],"score":555,"play_id":"c1941247-1f20-416d-b1ab-b1fa3c2f861c","local_time":"20190223151613","is_ascension_mode":true,"campfire_choices":[{"data":"Genetic Algorithm","floor":6,"key":"SMITH"},{"floor":15,"key":"REST"},{"floor":23,"key":"REST"},{"floor":27,"key":"REST"},{"data":"Echo Form","floor":32,"key":"SMITH"},{"floor":40,"key":"REST"}],"neow_cost":"NONE","seed_source_timestamp":258521241233232,"circlet_count":0,"master_deck":["Defend_B","Defend_B","Defend_B","Defend_B","Zap","Dualcast","Capacitor","Gash","Genetic Algorithm+1","Scrape","FTL+1","Conserve Battery","Gash","Skim","Cold Snap+1","Gash+1","Echo Form+1","Hologram+1","Coolheaded+1","Defragment","Chill","Streamline+1","Rebound+1","Leap","Panacea","All For One+1","Hologram+1","Flash of Steel+1"],"relics":["FrozenCore","Bag of Preparation","Centennial Puzzle","Smiling Mask","Bronze Scales","Old Coin","Molten Egg 2","DataDisk","Bottled Tornado","Art of War","Fusion Hammer","Whetstone"],"potions_floor_usage":[1,7,11,41],"damage_taken":[{"damage":10,"enemies":"Small Slimes","floor":1,"turns":4},{"damage":15,"enemies":"2 Louse","floor":2,"turns":3},{"damage":14,"enemies":"Gremlin Nob","floor":7,"turns":4},{"damage":18,"enemies":"Lagavulin","floor":11,"turns":6},{"damage":2,"enemies":"Jaw Worm","floor":12,"turns":3},{"damage":0,"enemies":"Blue Slaver","floor":13,"turns":3},{"damage":23,"enemies":"The Guardian","floor":16,"turns":9},{"damage":0,"enemies":"Spheric Guardian","floor":18,"turns":3},{"damage":18,"enemies":"Colosseum Slavers","floor":19,"turns":5},{"damage":31,"enemies":"Colosseum Nobs","floor":19,"turns":6},{"damage":3,"enemies":"Chosen","floor":20,"turns":4},{"damage":0,"enemies":"Centurion and Healer","floor":21,"turns":8},{"damage":30,"enemies":"Gremlin Leader","floor":24,"turns":7},{"damage":0,"enemies":"Sentry and Sphere","floor":28,"turns":6},{"damage":21,"enemies":"Book of Stabbing","floor":31,"turns":5},{"damage":7,"enemies":"Automaton","floor":33,"turns":9},{"damage":11,"enemies":"Orb Walker","floor":35,"turns":3},{"damage":6,"enemies":"3 Shapes","floor":39,"turns":5},{"damage":24,"enemies":"Writhing Mass","floor":41,"turns":6},{"damage":29,"enemies":"Nemesis","floor":42,"turns":7},{"damage":23,"enemies":"Transient","floor":44,"turns":3}],"seed_played":"964226706884957446","potions_obtained":[{"floor":0,"key":"SneckoOil"},{"floor":0,"key":"SneckoOil"},{"floor":0,"key":"Regen Potion"},{"floor":1,"key":"Block Potion"},{"floor":2,"key":"Weak Potion"},{"floor":18,"key":"GamblersBrew"},{"floor":19,"key":"SpeedPotion"}],"is_trial":false,"path_per_floor":["M","M","?","?","$","R","E","T","T","$","E","M","M","?","R","B",null,"M","?","M","M","$","R","E","?","T","R","M","$","?","E","R","B",null,"M","?","$","?","M","R","M","E","T","M"],"character_chosen":"DEFECT","items_purchased":["Genetic Algorithm","Scrape","Conserve Battery","Gash","Streamline+1","Rebound+1","Leap","Panacea"],"campfire_rested":4,"item_purchase_floors":[5,5,10,10,29,29,29,29],"current_hp_per_floor":[72,57,46,39,39,39,25,25,25,25,7,5,5,5,27,4,75,75,26,23,23,23,45,15,15,15,37,37,37,62,41,41,34,75,64,64,64,64,58,75,51,22,22,0],"gold":552,"neow_bonus":"THREE_SMALL_POTIONS","is_prod":false,"is_daily":false,"chose_seed":false,"campfire_upgraded":2,"win_rate":0,"timestamp":1550956573,"path_taken":["M","M","?","?","$","R","E","?","T","?","E","M","M","?","R","BOSS","M","?","M","M","$","R","E","?","T","R","M","$","?","E","R","BOSS","M","?","$","?","?","R","M","E","T","M"],"build_version":"2019-01-23","purchased_purges":3,"victory":false,"max_hp_per_floor":[75,75,75,75,75,75,75,75,75,75,75,75,75,75,75,75,75,75,75,75,75,75,75,75,75,75,75,75,75,75,75,75,75,75,75,75,75,75,75,75,75,75,75,75],"card_choices":[{"not_picked":["Turbo","Coolheaded"],"picked":"Capacitor","floor":1},{"not_picked":["Rebound","Redo"],"picked":"Gash","floor":2},{"not_picked":["Double Energy","Meteor Strike"],"picked":"FTL","floor":7},{"not_picked":["Melter","Rebound"],"picked":"Skim","floor":11},{"not_picked":["Darkness","Ball Lightning"],"picked":"Cold Snap","floor":12},{"not_picked":["Ball Lightning","FTL"],"picked":"Gash","floor":13},{"not_picked":["Rainbow","Biased Cognition"],"picked":"Echo Form","floor":16},{"not_picked":["Loop+1","Beam Cell"],"picked":"Hologram","floor":18},{"not_picked":["Leap","Streamline+1"],"picked":"Coolheaded+1","floor":19},{"not_picked":["Double Energy","Streamline+1"],"picked":"Defragment","floor":20},{"not_picked":["Fusion","Force Field"],"picked":"Chill","floor":21},{"not_picked":["Lockon+1","Rip and Tear+1","Barrage+1"],"picked":"SKIP","floor":24},{"not_picked":["Force Field","Compile Driver+1","Barrage+1"],"picked":"SKIP","floor":28},{"not_picked":["Melter+1","Tempest","BootSequence"],"picked":"SKIP","floor":31},{"not_picked":["Multi-Cast","Amplify"],"picked":"All For One+1","floor":33},{"not_picked":["Stack","Conserve Battery+1"],"picked":"Hologram+1","floor":35},{"not_picked":["Swift Strike+1","Dark Shackles"],"picked":"Flash of Steel+1","floor":36},{"not_picked":["Turbo+1","Force Field+1","Steam"],"picked":"SKIP","floor":39},{"not_picked":["Compile Driver+1","Redo+1","Aggregate"],"picked":"SKIP","floor":41},{"not_picked":["Fusion","Leap+1","Reprogram+1"],"picked":"SKIP","floor":42}],"player_experience":212560,"relics_obtained":[{"floor":7,"key":"Bag of Preparation"},{"floor":8,"key":"Centennial Puzzle"},{"floor":9,"key":"Smiling Mask"},{"floor":11,"key":"Bronze Scales"},{"floor":19,"key":"Old Coin"},{"floor":19,"key":"Molten Egg 2"},{"floor":24,"key":"DataDisk"},{"floor":26,"key":"Bottled Tornado"},{"floor":31,"key":"Art of War"},{"floor":42,"key":"Whetstone"}],"event_choices":[{"damage_healed":0,"gold_gain":75,"player_choice":"Gather Gold","damage_taken":11,"max_hp_gain":0,"max_hp_loss":0,"event_name":"World of Goop","floor":3,"gold_loss":0},{"cards_removed":["Strike_B"],"damage_healed":0,"gold_gain":0,"player_choice":"Card Removal","damage_taken":7,"max_hp_gain":0,"max_hp_loss":0,"event_name":"Golden Wing","floor":4,"gold_loss":0},{"damage_healed":0,"gold_gain":0,"player_choice":"Grow","damage_taken":0,"max_hp_gain":0,"max_hp_loss":0,"event_name":"Living Wall","floor":14,"gold_loss":0,"cards_upgraded":["FTL"]},{"damage_healed":0,"gold_gain":0,"player_choice":"Fight","damage_taken":0,"max_hp_gain":0,"max_hp_loss":0,"event_name":"Colosseum","floor":19,"gold_loss":0},{"damage_healed":0,"gold_gain":0,"player_choice":"Fought Nobs","damage_taken":0,"max_hp_gain":0,"max_hp_loss":0,"event_name":"Colosseum","floor":19,"gold_loss":0},{"damage_healed":0,"gold_gain":0,"player_choice":"Ignored","damage_taken":0,"max_hp_gain":0,"max_hp_loss":0,"event_name":"Ghosts","floor":25,"gold_loss":0},{"damage_healed":25,"gold_gain":0,"player_choice":"Heal","damage_taken":0,"max_hp_gain":0,"max_hp_loss":0,"event_name":"The Library","floor":30,"gold_loss":0},{"damage_healed":0,"gold_gain":0,"player_choice":"Memory 1","damage_taken":0,"max_hp_gain":0,"max_hp_loss":0,"event_name":"SensoryStone","floor":36,"gold_loss":0},{"damage_healed":0,"gold_gain":0,"player_choice":"Upgraded","damage_taken":0,"max_hp_gain":0,"max_hp_loss":0,"event_name":"Upgrade Shrine","floor":38,"gold_loss":0,"cards_upgraded":["Hologram"]}],"is_beta":false,"boss_relics":[{"not_picked":["Tiny House","Orrery"],"picked":"FrozenCore"},{"not_picked":["Empty Cage","Cursed Key"],"picked":"Fusion Hammer"}],"items_purged_floors":[22,29,37],"is_endless":false,"potions_floor_spawned":[1,2,18,19,31,35,39],"killed_by":"Transient","ascension_level":2}