{"gold_per_floor":[218,89,102,52,52,52,87,87,87,115,115,115,140,17,17,112,112,124,141,141,141,154,154,164,164,188,214,214,240,255,267,267,267],"floor_reached":33,"playtime":1613,"items_purged":["Strike_R","Strike_R"],"score":316,"play_id":"b0808e70-4de0-44f8-bcf4-70abc3ef2dc4","local_time":"20190215133643","is_ascension_mode":true,"campfire_choices":[{"data":"Armaments","floor":6,"key":"SMITH"},{"data":"Rampage","floor":8,"key":"SMITH"},{"data":"Searing Blow+1","floor":12,"key":"SMITH"},{"data":"Searing Blow+2","floor":15,"key":"SMITH"},{"data":"Demon Form","floor":23,"key":"SMITH"},{"data":"Searing Blow+3","floor":25,"key":"SMITH"},{"data":"Searing Blow+4","floor":28,"key":"SMITH"},{"floor":32,"key":"REST"}],"neow_cost":"NONE","seed_source_timestamp":70393823402121,"circlet_count":0,"master_deck":["Strike_R","Strike_R","Defend_R","Defend_R","Defend_R","Defend_R","Bash+1","Searing Blow+5","Armaments+1","Rampage+1","Iron Wave","Shrug It Off","Demon Form+1","Disarm","Shrug It Off+1","Heavy Blade","Cleave+1","Flame Barrier+1","Limit Break"],"relics":["Burning Blood","Gremlin Horn","Bottled Flame","Question Card","Whetstone","Smiling Mask","Philosopher\u0027s Stone","PreservedInsect","Bottled Lightning","Singing Bowl"],"potions_floor_usage":[16,16,27,27,27,29,33],"damage_taken":[{"damage":6,"enemies":"2 Louse","floor":1,"turns":3},{"damage":6,"enemies":"Small Slimes","floor":3,"turns":3},{"damage":15,"enemies":"Gremlin Nob","floor":7,"turns":4},{"damage":26,"enemies":"3 Sentries","floor":10,"turns":8},{"damage":14,"enemies":"Gremlin Nob","floor":13,"turns":4},{"damage":25,"enemies":"Slime Boss","floor":16,"turns":13},{"damage":27,"enemies":"Spheric Guardian","floor":18,"turns":6},{"damage":32,"enemies":"3 Byrds","floor":19,"turns":6},{"damage":20,"enemies":"3 Cultists","floor":22,"turns":6},{"damage":25,"enemies":"Snake Plant","floor":24,"turns":4},{"damage":25,"enemies":"Slavers","floor":27,"turns":4},{"damage":4,"enemies":"Gremlin Leader","floor":29,"turns":4},{"damage":28,"enemies":"Cultist and Chosen","floor":30,"turns":7},{"damage":0,"enemies":"Centurion and Healer","floor":31,"turns":6},{"damage":80,"enemies":"Automaton","floor":33,"turns":12}],"seed_played":"-5961224128486256621","potions_obtained":[{"floor":7,"key":"Dexterity Potion"},{"floor":13,"key":"Ancient Potion"},{"floor":16,"key":"SteroidPotion"},{"floor":22,"key":"Strength Potion"},{"floor":24,"key":"BloodPotion"},{"floor":27,"key":"BloodPotion"},{"floor":31,"key":"Swift Potion"}],"is_trial":false,"path_per_floor":["M","$","M","?","?","R","E","R","T","E","?","R","E","$","R","B",null,"M","M","?","?","M","R","M","R","T","E","R","E","M","M","R","B"],"character_chosen":"IRONCLAD","items_purchased":["Armaments","Shrug It Off","Fire Potion"],"campfire_rested":1,"item_purchase_floors":[2,14,14],"current_hp_per_floor":[80,80,80,80,62,62,53,53,53,33,80,80,72,72,72,53,80,59,33,33,80,66,66,47,47,47,36,36,48,28,34,59,0],"gold":267,"neow_bonus":"HUNDRED_GOLD","is_prod":false,"is_daily":false,"chose_seed":false,"campfire_upgraded":7,"win_rate":0,"timestamp":1550259403,"path_taken":["M","$","M","?","?","R","E","R","T","E","?","R","E","$","R","BOSS","M","?","?","?","M","R","M","R","T","E","R","E","?","M","R","BOSS"],"build_version":"2019-01-23","purchased_purges":2,"victory":false,"max_hp_per_floor":[80,80,80,80,80,80,80,80,80,80,80,80,80,80,80,80,80,80,80,80,80,80,80,80,80,80,80,80,82,84,84,84,84],"card_choices":[{"not_picked":["Iron Wave","Body Slam"],"picked":"Searing Blow","floor":1},{"not_picked":["Warcry","Anger"],"picked":"Rampage","floor":3},{"not_picked":["Evolve","Corruption","Blood for Blood"],"picked":"SKIP","floor":7},{"not_picked":["Combust","Hemokinesis","Thunderclap"],"picked":"Iron Wave","floor":10},{"not_picked":["Intimidate","Perfected Strike","Barricade","Hemokinesis"],"picked":"SKIP","floor":13},{"not_picked":["Brutality","Dark Embrace","Bludgeon"],"picked":"Demon Form","floor":16},{"not_picked":["Clash","Twin Strike+1","Shrug It Off"],"picked":"Disarm","floor":18},{"not_picked":["Clash+1","Anger","Warcry"],"picked":"Shrug It Off+1","floor":19},{"not_picked":["Perfected Strike","Shrug It Off","Seeing Red"],"picked":"Heavy Blade","floor":22},{"not_picked":["Armaments+1","Corruption","Anger+1"],"picked":"Cleave+1","floor":24},{"not_picked":["Thunderclap+1","Fire Breathing","Iron Wave"],"picked":"Flame Barrier+1","floor":27},{"not_picked":["Wild Strike","Rampage","Heavy Blade","Power Through"],"picked":"Singing Bowl","floor":29},{"not_picked":["Anger","Flex","Perfected Strike","Thunderclap+1"],"picked":"Singing Bowl","floor":30},{"not_picked":["Headbutt","Flame Barrier","Disarm+1"],"picked":"Limit Break","floor":31}],"player_experience":169000,"relics_obtained":[{"floor":7,"key":"Bottled Flame"},{"floor":9,"key":"Question Card"},{"floor":10,"key":"Whetstone"},{"floor":13,"key":"Smiling Mask"},{"floor":26,"key":"PreservedInsect"},{"floor":27,"key":"Bottled Lightning"},{"floor":29,"key":"Singing Bowl"}],"event_choices":[{"cards_removed":["Strike_R"],"damage_healed":0,"gold_gain":0,"player_choice":"Card Removal","damage_taken":0,"max_hp_gain":0,"max_hp_loss":0,"event_name":"The Cleric","floor":4,"gold_loss":50},{"damage_healed":0,"gold_gain":0,"player_choice":"Success","damage_taken":18,"relics_obtained":["Gremlin Horn"],"max_hp_gain":0,"max_hp_loss":0,"event_name":"Scrap Ooze","floor":5,"gold_loss":0},{"damage_healed":47,"gold_gain":0,"player_choice":"Full Heal","damage_taken":0,"max_hp_gain":0,"max_hp_loss":0,"event_name":"Wheel of Change","floor":11,"gold_loss":0},{"damage_healed":0,"gold_gain":0,"player_choice":"Read","damage_taken":0,"max_hp_gain":0,"max_hp_loss":0,"event_name":"The Library","floor":20,"gold_loss":0,"cards_obtained":["Spot Weakness"]},{"cards_removed":["Spot Weakness"],"damage_healed":47,"gold_gain":0,"player_choice":"Offered Uncommon","damage_taken":0,"max_hp_gain":0,"max_hp_loss":0,"event_name":"Bonfire Elementals","floor":21,"gold_loss":0}],"is_beta":false,"boss_relics":[{"not_picked":["Calling Bell","Black Blood"],"picked":"Philosopher\u0027s Stone"}],"items_purged_floors":[2,14],"is_endless":false,"potions_floor_spawned":[7,13,16,22,24,27,31],"killed_by":"Automaton","ascension_level":1}