{"path_per_floor":["M","M","$","?","M","R","$","E","T","R","M","R","M","?","R","B",null,"M","?","$","M","M","M","R","?","T","M","R","M","M","$","R","B",null,"M","M","M","$","M","R","?","R","T","R","M","R","M","?","R","B"],"character_chosen":"IRONCLAD","items_purchased":["Flash of Steel"],"gold_per_floor":[109,123,25,25,39,39,39,70,70,70,89,89,100,200,200,305,305,305,305,230,230,230,230,230,230,230,230,230,230,230,130,130,130,130,130,130,130,5,5,5,5,5,5,5,5,5,5,5,5,5],"floor_reached":51,"campfire_rested":3,"playtime":2347,"current_hp_per_floor":[80,80,80,80,80,80,80,46,46,46,42,42,44,44,44,17,64,66,66,66,62,64,51,51,51,51,53,53,39,35,35,59,64,76,80,79,68,68,53,53,43,43,43,67,62,62,51,51,75,10],"items_purged":["Strike_R","Defend_R","Strike_R"],"gold":5,"score":614,"play_id":"19649e70-19f0-4b4b-9a12-a3fb2c629951","local_time":"20180307152942","is_prod":false,"is_daily":false,"is_ascension_mode":true,"campfire_upgraded":8,"timestamp":1520447382,"path_taken":["M","M","$","?","M","R","$","E","T","R","M","R","M","?","R","BOSS","M","?","$","?","M","M","R","?","T","M","R","M","M","?","R","BOSS","M","M","?","$","M","R","?","R","T","R","M","R","M","?","R","BOSS"],"build_version":"2018-03-01-PROD1","purchased_purges":3,"victory":true,"master_deck":["Strike_R","Strike_R","Defend_R","Bash+1","Offering+1","Rage+1","Headbutt","Flash of Steel","Spot Weakness+1","Limit Break+1","Clash","Double Tap+1","Madness+1","Madness+1"],"max_hp_per_floor":[80,80,80,80,80,80,80,80,80,80,80,80,80,80,80,80,80,80,80,80,80,80,80,80,80,80,80,80,80,80,80,80,80,80,80,80,80,80,80,80,80,80,80,80,80,80,80,80,80,80],"relics":["Burning Blood","Omamori","Shuriken","Ectoplasm","Shovel","Magic Flower","White Beast Statue","Dream Catcher"],"card_choices":[{"not_picked":["Havoc","True Grit"],"picked":"Rage"},{"not_picked":["Spot Weakness","Rupture"],"picked":"Headbutt"},{"not_picked":["Metallicize","True Grit"],"picked":"Spot Weakness"},{"not_picked":["Thunderclap","Havoc"],"picked":"Limit Break"},{"not_picked":["Thunderclap","Wild Strike"],"picked":"Flex"},{"not_picked":["Shrug It Off","Perfected Strike"],"picked":"Clash"},{"not_picked":["Brutality","Fiend Fire"],"picked":"Double Tap"}],"player_experience":531112,"potions_floor_usage":[18,23,29,29,30,37,37,37,39,45,50,50],"damage_taken":[{"damage":5,"enemies":"Small Slimes","floor":1,"turns":4},{"damage":6,"enemies":"Jaw Worm","floor":2,"turns":3},{"damage":4,"enemies":"Cultist","floor":5,"turns":3},{"damage":40,"enemies":"Gremlin Nob","floor":8,"turns":4},{"damage":10,"enemies":"Looter","floor":11,"turns":2},{"damage":4,"enemies":"Large Slime","floor":13,"turns":3},{"damage":33,"enemies":"The Guardian","floor":16,"turns":7},{"damage":4,"enemies":"3 Byrds","floor":18,"turns":4},{"damage":10,"enemies":"Shell Parasite","floor":21,"turns":4},{"damage":4,"enemies":"Cultist and Chosen","floor":22,"turns":4},{"damage":19,"enemies":"Snecko","floor":23,"turns":4},{"damage":4,"enemies":"3 Cultists","floor":27,"turns":4},{"damage":28,"enemies":"Snake Plant","floor":29,"turns":2},{"damage":13,"enemies":"Centurion and Healer","floor":30,"turns":3},{"damage":4,"enemies":"Collector","floor":33,"turns":4},{"damage":4,"enemies":"3 Darklings","floor":35,"turns":3},{"damage":10,"enemies":"Orb Walker","floor":36,"turns":2},{"damage":20,"enemies":"Maw","floor":37,"turns":4},{"damage":24,"enemies":"4 Shapes","floor":39,"turns":5},{"damage":14,"enemies":"Sphere and 2 Shapes","floor":45,"turns":4},{"damage":20,"enemies":"Maw","floor":47,"turns":5},{"damage":74,"enemies":"Donu and Deca","floor":50,"turns":6}],"event_choices":[{"event_name":"Living Wall","player_choice":"Forget","floor":4,"damage_taken":0},{"event_name":"Golden Shrine","player_choice":"Pray","floor":14,"damage_taken":0},{"event_name":"Back to Basics","player_choice":"Elegance","floor":19,"damage_taken":0},{"event_name":"Bonfire Elementals","player_choice":"BASIC","floor":25,"damage_taken":0},{"event_name":"Winding Halls","player_choice":"Embrace Madness","floor":41,"damage_taken":0}],"boss_relics":[{"not_picked":["Black Star","Tiny House"],"picked":"Ectoplasm"},{"not_picked":["Question Card","Snecko Eye"],"picked":"White Beast Statue"}],"potions_floor_spawned":[5,11,13,21,27,29,33,35,36,37,39,45,47],"seed_played":"6117739964687489536","ascension_level":5,"is_trial":false}