{"gold_per_floor":[12,12,62,73,85,111,170,170],"floor_reached":8,"playtime":403,"items_purged":[],"score":98,"play_id":"5b623e29-31c1-43ba-b142-e963219e8bf4","local_time":"20190118172410","is_ascension_mode":true,"campfire_choices":[],"neow_cost":"NO_GOLD","seed_source_timestamp":26295606491691,"circlet_count":0,"master_deck":["AscendersBane","Defend_G","Defend_G","Defend_G","Defend_G","Defend_G","Strike_G","Strike_G","Strike_G","Strike_G","Strike_G","Survivor","Neutralize","Bandage Up","Secret Technique","Sucker Punch","Deadly Poison","Dagger Throw","Flying Knee","Blur"],"relics":["Ring of the Snake","Dream Catcher","Potion Belt"],"potions_floor_usage":[6,8],"damage_taken":[{"damage":7,"enemies":"Small Slimes","floor":1,"turns":6},{"damage":1,"enemies":"2 Louse","floor":4,"turns":3},{"damage":0,"enemies":"Cultist","floor":5,"turns":4},{"damage":29,"enemies":"3 Sentries","floor":6,"turns":10},{"damage":29,"enemies":"Lagavulin Event","floor":7,"turns":6},{"damage":17,"enemies":"Lagavulin","floor":8,"turns":5}],"seed_played":"-3437485354090107007","potions_obtained":[{"floor":4,"key":"SpeedPotion"},{"floor":5,"key":"Explosive Potion"},{"floor":7,"key":"SteroidPotion"}],"is_trial":false,"path_per_floor":["M","?","?","M","M","E","?","E"],"character_chosen":"THE_SILENT","items_purchased":[],"campfire_rested":0,"item_purchase_floors":[],"current_hp_per_floor":[56,56,56,59,63,38,13,0],"gold":170,"neow_bonus":"RANDOM_COLORLESS_2","is_prod":false,"is_daily":false,"chose_seed":false,"campfire_upgraded":0,"win_rate":0,"timestamp":1547839450,"path_taken":["M","?","?","?","M","E","?","E"],"build_version":"2019-01-16","purchased_purges":0,"victory":false,"max_hp_per_floor":[66,66,66,66,66,66,66,66],"card_choices":[{"not_picked":["Choke","Blade Dance"],"picked":"Sucker Punch","floor":1},{"not_picked":["Prepared","Outmaneuver"],"picked":"Deadly Poison","floor":4},{"not_picked":["Deadly Poison","Backflip"],"picked":"Dagger Throw","floor":5},{"not_picked":["Bullet Time","Deflect"],"picked":"Flying Knee","floor":6},{"not_picked":["Accuracy","Flying Knee"],"picked":"Blur","floor":7}],"player_experience":913702,"relics_obtained":[{"floor":6,"key":"Dream Catcher"},{"floor":7,"key":"Potion Belt"}],"event_choices":[{"damage_healed":0,"gold_gain":0,"player_choice":"Ignored","damage_taken":0,"max_hp_gain":0,"max_hp_loss":0,"event_name":"Liars Game","floor":2,"gold_loss":0},{"damage_healed":0,"gold_gain":50,"player_choice":"Pray","damage_taken":0,"max_hp_gain":0,"max_hp_loss":0,"event_name":"Golden Shrine","floor":3,"gold_loss":0},{"damage_healed":0,"gold_gain":0,"player_choice":"Searched \u00271\u0027 times","damage_taken":0,"max_hp_gain":0,"max_hp_loss":0,"event_name":"Dead Adventurer","floor":7,"gold_loss":0}],"is_beta":true,"boss_relics":[],"items_purged_floors":[],"is_endless":false,"potions_floor_spawned":[4,5,7],"killed_by":"Lagavulin","ascension_level":15}