{"gold_per_floor":[114,114,127,127,142,175,187,214,280,252,264,226,238,265,277,385,397,421,433,435,372,50,50,68,68,146,157,171,171,141,152,152,255,255,272,272,272,286,2,2,31,31,55,72,72,72,86,86],"floor_reached":48,"playtime":2141,"items_purged":["Strike_B"],"score":607,"play_id":"807e2662-a5ed-46bc-ad0f-8ede49e17156","local_time":"20190228004754","is_ascension_mode":true,"campfire_choices":[{"data":"Genetic Algorithm","floor":7,"key":"SMITH"},{"floor":11,"key":"REST"},{"data":"White Noise","floor":13,"key":"SMITH"},{"data":"Recycle","floor":15,"key":"SMITH"},{"data":"Double Energy","floor":23,"key":"SMITH"},{"floor":25,"key":"REST"},{"floor":29,"key":"REST"},{"floor":32,"key":"REST"},{"floor":40,"key":"REST"},{"floor":45,"key":"REST"}],"neow_cost":"TEN_PERCENT_HP_LOSS","seed_source_timestamp":84226215160128,"circlet_count":0,"master_deck":["Zap","Dualcast","Recycle+1","Genetic Algorithm+1","Double Energy+1","White Noise+1","Rainbow","Go for the Eyes","Chrysalis","Flash of Steel","Gash+1","BootSequence","Seek","Seek","Gash","Redo","Ball Lightning","Compile Driver","Gash","Scrape","Master of Strategy","Scrape","Steam","Compile Driver"],"special_seed":0,"relics":["Cracked Core","Dead Branch","Kunai","MawBank","Centennial Puzzle","Runic Pyramid","CultistMask","Shuriken","Pandora\u0027s Box","Anchor","Vajra","DataDisk"],"potions_floor_usage":[6,16,28,28,48],"damage_taken":[{"damage":3,"enemies":"2 Louse","floor":1,"turns":2},{"damage":0,"enemies":"Small Slimes","floor":3,"turns":3},{"damage":2,"enemies":"Jaw Worm","floor":5,"turns":4},{"damage":24,"enemies":"Lagavulin","floor":6,"turns":7},{"damage":17,"enemies":"3 Louse","floor":8,"turns":2},{"damage":0,"enemies":"Gremlin Gang","floor":14,"turns":2},{"damage":18,"enemies":"The Guardian","floor":16,"turns":8},{"damage":0,"enemies":"Chosen","floor":18,"turns":4},{"damage":16,"enemies":"2 Thieves","floor":20,"turns":5},{"damage":34,"enemies":"Snake Plant","floor":24,"turns":9},{"damage":19,"enemies":"Centurion and Healer","floor":27,"turns":5},{"damage":0,"enemies":"Snecko","floor":28,"turns":2},{"damage":3,"enemies":"3 Cultists","floor":31,"turns":4},{"damage":48,"enemies":"Champ","floor":33,"turns":8},{"damage":9,"enemies":"3 Darklings","floor":35,"turns":4},{"damage":10,"enemies":"3 Shapes","floor":38,"turns":3},{"damage":63,"enemies":"Reptomancer","floor":41,"turns":6},{"damage":0,"enemies":"Jaw Worm Horde","floor":44,"turns":3},{"damage":0,"enemies":"3 Darklings","floor":47,"turns":3},{"damage":33,"enemies":"Writhing Mass","floor":48,"turns":5}],"seed_played":"-278995933958207954","potions_obtained":[{"floor":1,"key":"AttackPotion"},{"floor":3,"key":"GamblersBrew"},{"floor":6,"key":"Fire Potion"},{"floor":8,"key":"FairyPotion"},{"floor":14,"key":"AttackPotion"},{"floor":20,"key":"AttackPotion"},{"floor":30,"key":"Dexterity Potion"},{"floor":30,"key":"Weak Potion"}],"is_trial":false,"path_per_floor":["M","?","M","?","M","E","R","M","T","?","R","?","R","M","R","B",null,"M","?","M","?","$","R","M","R","T","M","M","R","?","M","R","B",null,"M","?","?","M","$","R","E","?","T","M","R","?","M","M"],"character_chosen":"DEFECT","items_purchased":["Chrysalis","Flash of Steel","Gash","Scrape","Master of Strategy"],"campfire_rested":6,"item_purchase_floors":[22,22,39,39,39],"current_hp_per_floor":[65,58,58,51,49,25,25,8,8,8,28,28,28,28,28,10,68,68,68,52,52,52,52,18,38,38,19,19,39,39,36,56,8,68,59,59,59,49,49,65,2,2,2,2,21,21,21,0],"gold":86,"neow_bonus":"ONE_RARE_RELIC","is_prod":false,"is_daily":false,"chose_seed":false,"campfire_upgraded":4,"win_rate":0,"timestamp":1551336474,"path_taken":["M","?","M","?","M","E","R","M","T","?","R","?","R","?","R","BOSS","M","?","?","?","?","R","M","R","T","M","M","R","?","?","R","BOSS","M","?","?","M","$","R","E","?","T","M","R","?","?","M"],"build_version":"2019-01-23","purchased_purges":1,"victory":false,"max_hp_per_floor":[68,68,68,68,68,68,68,68,68,68,68,68,68,68,68,68,68,68,68,68,68,68,68,68,68,68,68,68,68,68,68,68,68,68,68,68,65,65,65,65,65,65,65,65,65,65,65,65],"card_choices":[{"not_picked":["Rebound","Barrage"],"picked":"Recycle","floor":1},{"not_picked":["Steam","Lockon"],"picked":"Genetic Algorithm","floor":3},{"not_picked":["Reinforced Body","Fusion"],"picked":"Double Energy","floor":5},{"not_picked":["Scrape","Amplify"],"picked":"Aggregate","floor":6},{"not_picked":["Redo","Barrage"],"picked":"White Noise","floor":8},{"not_picked":["Beam Cell","Sweeping Beam","Tempest"],"picked":"SKIP","floor":14},{"not_picked":["Seek","Creative AI"],"picked":"Rainbow","floor":16},{"not_picked":["Cold Snap","Coolheaded"],"picked":"Go for the Eyes","floor":18},{"not_picked":["Lockon","Barrage","Sweeping Beam"],"picked":"SKIP","floor":20},{"not_picked":["Steam","Self Repair+1"],"picked":"Gash+1","floor":24},{"not_picked":["Blizzard","Redo"],"picked":"BootSequence","floor":27},{"not_picked":["Reinforced Body","Consume","Streamline"],"picked":"SKIP","floor":28},{"not_picked":["Cold Snap","Turbo+1","Stack"],"picked":"SKIP","floor":31},{"not_picked":["Amplify","Electrodynamics"],"picked":"Seek","floor":33},{"not_picked":["Cold Snap","Capacitor","Force Field+1"],"picked":"SKIP","floor":35},{"not_picked":["Undo","Sweeping Beam+1","Barrage"],"picked":"SKIP","floor":38},{"not_picked":["Coolheaded+1","Storm+1"],"picked":"Scrape","floor":41},{"not_picked":["Chaos","Skim"],"picked":"Steam","floor":44},{"not_picked":["Coolheaded","Hello World+1"],"picked":"Compile Driver","floor":47}],"player_experience":269823,"relics_obtained":[{"floor":6,"key":"MawBank"},{"floor":9,"key":"Centennial Puzzle"},{"floor":26,"key":"Shuriken"},{"floor":41,"key":"Anchor"},{"floor":43,"key":"Vajra"},{"floor":46,"key":"DataDisk"}],"event_choices":[{"damage_healed":0,"gold_gain":0,"player_choice":"Success","damage_taken":7,"relics_obtained":["Kunai"],"max_hp_gain":0,"max_hp_loss":0,"event_name":"Scrap Ooze","floor":2,"gold_loss":0},{"cards_removed":["Strike_B"],"damage_healed":0,"gold_gain":0,"player_choice":"Card Removal","damage_taken":7,"max_hp_gain":0,"max_hp_loss":0,"event_name":"Golden Wing","floor":4,"gold_loss":0},{"damage_healed":0,"gold_gain":0,"player_choice":"Left Gold","damage_taken":0,"max_hp_gain":0,"max_hp_loss":0,"event_name":"World of Goop","floor":10,"gold_loss":40},{"cards_removed":["Strike_B"],"damage_healed":0,"gold_gain":0,"player_choice":"Card Removal","damage_taken":0,"max_hp_gain":0,"max_hp_loss":0,"event_name":"The Cleric","floor":12,"gold_loss":50},{"damage_healed":0,"gold_gain":0,"player_choice":"Trade","damage_taken":0,"relics_obtained":["CultistMask"],"max_hp_gain":0,"max_hp_loss":0,"event_name":"FaceTrader","floor":19,"gold_loss":0},{"cards_removed":["Aggregate"],"damage_healed":0,"gold_gain":0,"player_choice":"Gave Gold","damage_taken":0,"max_hp_gain":0,"max_hp_loss":0,"event_name":"Beggar","floor":21,"gold_loss":75},{"damage_healed":0,"gold_gain":0,"player_choice":"Bought 2 Potions","damage_taken":0,"max_hp_gain":0,"max_hp_loss":0,"event_name":"The Woman in Blue","floor":30,"gold_loss":0},{"damage_healed":0,"gold_gain":0,"player_choice":"Ignored","damage_taken":0,"max_hp_gain":0,"max_hp_loss":0,"event_name":"Tomb of Lord Red Mask","floor":36,"gold_loss":0},{"damage_healed":0,"gold_gain":0,"player_choice":"Max HP","damage_taken":0,"max_hp_gain":0,"max_hp_loss":3,"event_name":"Winding Halls","floor":37,"gold_loss":0},{"damage_healed":0,"gold_gain":0,"player_choice":"Ignored","damage_taken":0,"max_hp_gain":0,"max_hp_loss":0,"event_name":"Mysterious Sphere","floor":42,"gold_loss":0},{"damage_healed":0,"gold_gain":0,"player_choice":"Relic","damage_taken":0,"max_hp_gain":0,"max_hp_loss":0,"event_name":"Wheel of Change","floor":46,"gold_loss":0}],"is_beta":false,"boss_relics":[{"not_picked":["Velvet Choker","Coffee Dripper"],"picked":"Runic Pyramid"},{"not_picked":["Empty Cage","FrozenCore"],"picked":"Pandora\u0027s Box"}],"items_purged_floors":[22],"is_endless":false,"potions_floor_spawned":[1,3,6,8,14,20,27,31,35],"killed_by":"Writhing Mass","ascension_level":4}