{"gold_per_floor":[117,131,131,81,100,100,0,0,53,73,88,88,121,131,131,236,236,247,258,91,102,114,114,140,151,151,251,285,295,295,315,315,410,460,473,520,538,538,550,550,17,30,30,30,30,42,42,59,59,59],"floor_reached":51,"playtime":5855,"items_purged":["Strike_G","Defend_G","Defend_G"],"score":768,"play_id":"339e0ef1-b825-4c83-b21e-8d7f4c378754","local_time":"20180720212810","is_ascension_mode":false,"campfire_choices":[{"data":"Footwork","floor":6,"key":"SMITH"},{"data":"Poisoned Stab","floor":8,"key":"SMITH"},{"data":"Neutralize","floor":12,"key":"SMITH"},{"data":"Leg Sweep","floor":15,"key":"SMITH"},{"floor":23,"key":"REST"},{"floor":30,"key":"REST"},{"floor":32,"key":"REST"},{"floor":40,"key":"REST"},{"floor":44,"key":"REST"},{"floor":47,"key":"REST"},{"floor":49,"key":"REST"}],"neow_cost":"NONE","seed_source_timestamp":21783038088486,"circlet_count":0,"master_deck":["Defend_G","Defend_G","Defend_G","Strike_G","Strike_G","Survivor","Neutralize+1","Flying Knee","Well Laid Plans","Footwork+1","Blur","Poisoned Stab+1","Distraction","Backflip","Corpse Explosion","Leg Sweep+1","Tools of the Trade","Slice+1","Slice+1","Infinite Blades","Predator+1","Noxious Fumes","Masterful Stab+1","Noxious Fumes","Dash","Choke+1","Slice","Adrenaline","Outmaneuver+1","Underhanded Strike+1","Endless Agony+1","Magnetism","Backstab","Panache","Backstab+1","Flying Knee+1","Dagger Throw+1"],"relics":["Ring of the Snake","Bag of Preparation","Oddly Smooth Stone","Lizard Tail","Bottled Flame","Vajra","Pear","Tiny House","Calipers","Bag of Marbles","Centennial Puzzle"],"potions_floor_usage":[16,16,24,24,28,29,29,33,36,39,48,50,50],"damage_taken":[{"damage":0,"enemies":"2 Louse","floor":1,"turns":3},{"damage":0,"enemies":"Jaw Worm","floor":2,"turns":5},{"damage":0,"enemies":"Cultist","floor":5,"turns":4},{"damage":0,"enemies":"Looter","floor":10,"turns":4},{"damage":2,"enemies":"Large Slime","floor":11,"turns":7},{"damage":11,"enemies":"Gremlin Nob","floor":13,"turns":4},{"damage":8,"enemies":"3 Louse","floor":14,"turns":3},{"damage":0,"enemies":"Hexaghost","floor":16,"turns":8},{"damage":20,"enemies":"3 Byrds","floor":18,"turns":6},{"damage":0,"enemies":"2 Thieves","floor":19,"turns":4},{"damage":10,"enemies":"3 Cultists","floor":21,"turns":4},{"damage":9,"enemies":"Snake Plant","floor":22,"turns":6},{"damage":66,"enemies":"Slavers","floor":24,"turns":5},{"damage":20,"enemies":"Centurion and Healer","floor":25,"turns":5},{"damage":3,"enemies":"Book of Stabbing","floor":28,"turns":7},{"damage":7,"enemies":"Sentry and Sphere","floor":29,"turns":6},{"damage":24,"enemies":"Snake Plant","floor":31,"turns":4},{"damage":19,"enemies":"Automaton","floor":33,"turns":9},{"damage":14,"enemies":"Orb Walker","floor":35,"turns":4},{"damage":18,"floor":36,"turns":5},{"damage":9,"enemies":"Flame Bruiser 1 Orb","floor":37,"turns":7},{"damage":33,"enemies":"4 Shapes","floor":39,"turns":7},{"damage":24,"enemies":"Flame Bruiser 2 Orb","floor":42,"turns":5},{"damage":23,"enemies":"Sphere and 2 Shapes","floor":46,"turns":6},{"damage":12,"enemies":"Transient","floor":48,"turns":5},{"damage":121,"enemies":"Donu and Deca","floor":50,"turns":7}],"seed_played":"-3555863588618488826","potions_obtained":[{"floor":1,"key":"SpeedPotion"},{"floor":11,"key":"Fire Potion"},{"floor":13,"key":"Fire Potion"},{"floor":18,"key":"Regen Potion"},{"floor":22,"key":"Regen Potion"},{"floor":25,"key":"GhostInAJar"},{"floor":28,"key":"Regen Potion"},{"floor":29,"key":"Energy Potion"},{"floor":34,"key":"Fruit Juice"},{"floor":37,"key":"PowerPotion"},{"floor":39,"key":"Strength Potion"},{"floor":42,"key":"SteroidPotion"},{"floor":46,"key":"Fruit Juice"}],"is_trial":false,"path_per_floor":["M","M","?","?","M","R","$","R","T","M","M","R","E","M","R","B",null,"M","M","$","M","M","R","E","M","T","?","E","M","R","M","R","B",null,"M","?","M","?","M","R","$","M","T","R","$","M","R","M","R","B"],"character_chosen":"THE_SILENT","items_purchased":["Poisoned Stab","Infinite Blades","Panache","Bag of Marbles","AttackPotion"],"campfire_rested":7,"item_purchase_floors":[7,20,41,41,41],"current_hp_per_floor":[70,70,70,70,70,70,70,70,70,70,68,68,57,49,49,49,70,50,50,50,40,31,52,26,6,6,6,13,20,44,20,44,25,85,71,58,49,49,16,43,43,19,19,46,46,23,50,43,71,4],"gold":59,"neow_bonus":"THREE_CARDS","is_prod":false,"is_daily":false,"chose_seed":false,"campfire_upgraded":4,"win_rate":0.0,"timestamp":1532147290,"path_taken":["M","M","?","?","M","R","$","R","T","M","M","R","E","M","R","BOSS","M","?","$","M","M","R","E","M","T","?","E","M","R","M","R","BOSS","M","?","M","?","M","R","$","?","T","R","$","M","R","M","R","BOSS"],"build_version":"2018-07-19v2","purchased_purges":3,"victory":true,"max_hp_per_floor":[70,70,70,70,70,70,70,70,70,70,70,70,70,70,70,70,70,70,70,70,70,70,70,70,70,70,70,80,80,80,80,80,80,85,85,90,90,90,90,90,90,90,90,90,90,90,90,95,95,95],"card_choices":[{"not_picked":["Outmaneuver","Quick Slash"],"picked":"Flying Knee","floor":0},{"not_picked":["Reflex","Skewer"],"picked":"Well Laid Plans","floor":1},{"not_picked":["Quick Slash","Tactician"],"picked":"Footwork","floor":2},{"not_picked":["Endless Agony","Expertise"],"picked":"Blur","floor":5},{"not_picked":["Underhanded Strike","Outmaneuver"],"picked":"Distraction","floor":10},{"not_picked":["Poisoned Stab","Quick Slash"],"picked":"Backflip","floor":11},{"not_picked":["Deadly Poison","Underhanded Strike"],"picked":"Corpse Explosion","floor":13},{"not_picked":["Flying Knee","Deflect"],"picked":"Leg Sweep","floor":14},{"not_picked":["Unload","Glass Knife"],"picked":"Tools of the Trade","floor":16},{"not_picked":["Dodge and Roll","Dagger Throw"],"picked":"Slice+1","floor":18},{"not_picked":["Flechettes","Acrobatics"],"picked":"Slice+1","floor":19},{"not_picked":["Acrobatics","Poisoned Stab"],"picked":"Predator+1","floor":21},{"not_picked":["Backflip","Escape Plan"],"picked":"Noxious Fumes","floor":22},{"not_picked":["Flying Knee+1","Bane"],"picked":"Masterful Stab+1","floor":24},{"not_picked":["Reflex","Caltrops"],"picked":"Noxious Fumes","floor":25},{"not_picked":["Eviscerate+1","Riddle With Holes+1"],"picked":"Dash","floor":28},{"not_picked":["Leg Sweep","Backflip"],"picked":"Choke","floor":29},{"not_picked":["Acrobatics","Terror"],"picked":"Slice","floor":31},{"not_picked":["Phantasmal Killer","After Image"],"picked":"Adrenaline","floor":33},{"not_picked":["Quick Slash","Poisoned Stab+1"],"picked":"Outmaneuver+1","floor":35},{"not_picked":["Prepared+1","Expertise"],"picked":"Underhanded Strike+1","floor":36},{"not_picked":["Tactician","Dodge and Roll+1"],"picked":"Endless Agony+1","floor":37},{"not_picked":["Deep Breath","Madness"],"picked":"Magnetism","floor":38},{"not_picked":["Dagger Spray+1","Footwork+1"],"picked":"Backstab","floor":39},{"not_picked":["Deflect","Footwork+1"],"picked":"Backstab+1","floor":42},{"not_picked":["Backflip","Choke"],"picked":"Flying Knee+1","floor":46},{"not_picked":["Dagger Spray","Backflip+1"],"picked":"Dagger Throw+1","floor":48}],"player_experience":49803,"relics_obtained":[{"floor":9,"key":"Bag of Preparation"},{"floor":13,"key":"Oddly Smooth Stone"},{"floor":24,"key":"Bottled Flame"},{"floor":26,"key":"Vajra"},{"floor":28,"key":"Pear"},{"floor":36,"key":"Calipers"},{"floor":43,"key":"Centennial Puzzle"}],"event_choices":[{"event_name":"Living Wall","player_choice":"Forget","floor":3,"damage_taken":0},{"event_name":"The Cleric","player_choice":"Card Removal","floor":4,"damage_taken":0},{"event_name":"Golden Shrine","player_choice":"Pray","floor":27,"damage_taken":0},{"event_name":"Mysterious Sphere","player_choice":"Fight","floor":36,"damage_taken":0},{"event_name":"SensoryStone","player_choice":"Memory 1","floor":38,"damage_taken":0}],"is_beta":false,"boss_relics":[{"not_picked":["Fusion Hammer","Orrery"],"picked":"Lizard Tail"},{"not_picked":["Ring of the Serpent","Runic Dome"],"picked":"Tiny House"}],"items_purged_floors":[7,20,41],"is_endless":false,"potions_floor_spawned":[1,11,13,14,18,22,25,28,29,37,39,42,46],"ascension_level":0}