{"path_per_floor":["M","$","?","?","M","E","R","M","T","R","M","M","?","?","R","B",null,"M","M","M","M","M","R","M","R","T","?","R","M","$","?","R"],"character_chosen":"THE_SILENT","items_purchased":[],"gold_per_floor":[117,42,42,42,52,83,83,96,96,96,116,131,131,131,131,232,232,247,215,234,250,260,260,275,275,275,275,275,289,189,189,189,189],"floor_reached":33,"campfire_rested":2,"playtime":1661,"current_hp_per_floor":[68,68,68,68,68,33,33,33,33,33,33,29,52,52,52,30,70,68,41,29,28,25,25,8,29,29,52,52,39,39,39,60,0],"items_purged":["Defend_G","Strike_G"],"gold":189,"score":249,"play_id":"5f07e4c6-3ae4-43de-bad7-f50d4efc93b1","local_time":"20180508121857","is_prod":false,"is_daily":false,"chose_seed":false,"is_ascension_mode":false,"campfire_upgraded":5,"timestamp":1525792737,"path_taken":["M","$","?","?","M","E","R","M","T","R","M","?","?","?","R","BOSS","M","M","?","M","?","R","M","R","T","?","R","M","$","?","R","BOSS"],"build_version":"2018-05-07","seed_source_timestamp":11523349218975,"purchased_purges":2,"victory":false,"master_deck":["Defend_G","Defend_G","Defend_G","Defend_G","Strike_G","Strike_G","Strike_G","Survivor","Neutralize+1","Cloak And Dagger+1","Madness+1","After Image+1","Dagger Spray","Escape Plan","Footwork","Corpse Explosion","Backstab+1","Poisoned Stab+1","Backflip","Catalyst","Burst"],"max_hp_per_floor":[70,70,70,70,70,70,70,70,70,70,70,70,70,70,70,70,70,70,70,70,70,70,70,70,70,70,70,70,70,70,70,70,70],"relics":["Ring of the Snake"],"card_choices":[{"not_picked":["Poisoned Stab","Endless Agony"],"picked":"Cloak And Dagger","floor":1.0},{"not_picked":["Acrobatics","Quick Slash"],"picked":"Dagger Spray","floor":6.0},{"not_picked":["Sucker Punch","Masterful Stab"],"picked":"Escape Plan","floor":11.0},{"not_picked":["Deflect","Sucker Punch"],"picked":"Footwork","floor":12.0},{"not_picked":["Die Die Die","Storm of Steel"],"picked":"Corpse Explosion","floor":16.0},{"not_picked":["Cloak And Dagger","Expertise"],"picked":"Backstab","floor":18.0},{"not_picked":["Expertise","All Out Attack"],"picked":"Poisoned Stab","floor":20.0},{"not_picked":["Acrobatics","Dagger Spray"],"picked":"Backflip","floor":22.0},{"not_picked":["Endless Agony","Bane"],"picked":"Catalyst","floor":24.0},{"not_picked":["Backflip","Deflect"],"picked":"Burst","floor":29.0}],"player_experience":794729,"potions_floor_usage":[],"damage_taken":[{"damage":2.0,"enemies":"Jaw Worm","floor":1.0,"turns":3.0},{"damage":0.0,"enemies":"Cultist","floor":5.0,"turns":4.0},{"damage":35.0,"enemies":"Lagavulin","floor":6.0,"turns":9.0},{"damage":0.0,"enemies":"2 Louse","floor":8.0,"turns":4.0},{"damage":0.0,"enemies":"Exordium Wildlife","floor":11.0,"turns":4.0},{"damage":4.0,"enemies":"2 Fungi Beasts","floor":12.0,"turns":4.0},{"damage":22.0,"enemies":"Slime Boss","floor":16.0,"turns":18.0},{"damage":2.0,"enemies":"3 Byrds","floor":18.0,"turns":8.0},{"damage":27.0,"enemies":"2 Thieves","floor":19.0,"turns":5.0},{"damage":12.0,"enemies":"Snake Plant","floor":20.0,"turns":10.0},{"damage":1.0,"enemies":"Snecko","floor":21.0,"turns":6.0},{"damage":3.0,"enemies":"Centurion and Healer","floor":22.0,"turns":13.0},{"damage":17.0,"enemies":"3 Cultists","floor":24.0,"turns":7.0},{"damage":13.0,"enemies":"Snecko","floor":29.0,"turns":8.0},{"damage":75,"enemies":"Collector","floor":33,"turns":8}],"event_choices":[{"event_name":"Match and Keep!","player_choice":"2 cards matched","floor":3.0,"damage_taken":0.0},{"event_name":"Scrap Ooze","player_choice":"unsuccessful","floor":4.0,"damage_taken":0.0},{"event_name":"Big Fish","player_choice":"Banana","floor":13.0,"damage_taken":0.0},{"event_name":"Living Wall","player_choice":"Forget","floor":14.0,"damage_taken":0.0},{"event_name":"The Library","player_choice":"Heal","floor":27.0,"damage_taken":0.0},{"event_name":"The Mausoleum","player_choice":"No","floor":31,"damage_taken":0}],"boss_relics":[],"potions_floor_spawned":[6,11,12,21,22,24],"seed_played":"6899020620955837946","killed_by":"Collector","ascension_level":0,"is_trial":false}