{"path_per_floor":["M","$","?","M","M","R","E","R","T","$","R","M","?","E","R","B",null,"M","?","?","M","$","R","M","R","T","M","?","R","M","M","R","B",null,"M","T","$","M","?","R","M","$","T","?","M","M","?","M","R","B"],"character_chosen":"THE_SILENT","items_purchased":["Backstab","Shuriken","Dagger Spray","Kunai"],"gold_per_floor":[109,38,288,301,312,312,369,369,369,8,8,21,96,126,126,229,229,212,137,137,147,47,47,65,65,91,104,104,104,122,138,138,239,239,259,285,35,48,0,0,19,19,19,19,38,55,55,74,74,74],"floor_reached":51,"campfire_rested":5,"playtime":3450,"current_hp_per_floor":[63,63,63,63,57,57,36,57,57,57,57,40,29,28,51,4,59,38,38,38,37,37,59,59,59,59,57,57,57,54,41,63,37,65,51,51,51,42,42,42,42,42,42,42,41,44,35,29,51,22],"items_purged":["Regret","Strike_G"],"gold":74,"score":758,"play_id":"aa6c12d2-fb94-4072-a9dc-50b23919c06e","local_time":"20180306125327","is_prod":false,"is_daily":false,"is_ascension_mode":true,"campfire_upgraded":5,"timestamp":1520351607,"path_taken":["M","$","?","M","M","R","E","R","T","$","R","?","?","E","R","BOSS","M","?","?","M","?","R","M","R","T","?","?","R","M","?","R","BOSS","M","?","$","M","?","R","M","?","T","?","M","?","?","M","R","BOSS"],"build_version":"2018-03-01-PROD1","purchased_purges":2,"victory":true,"master_deck":["Defend_G","Defend_G","Defend_G","Defend_G+1","Defend_G+1","Strike_G","Strike_G","Strike_G","Survivor","Neutralize+1","Dagger Throw","Backstab","Calculated Gamble+1","Adrenaline+1","Dagger Spray","Flying Knee","Underhanded Strike","Outmaneuver+1","Masterful Stab","Backstab","Deflect","Acrobatics+1","Backstab","Deflect+1","Slice+1","Well Laid Plans+1","Deflect+1","Malaise+1","Escape Plan","Madness","Madness","Burst"],"max_hp_per_floor":[70,70,70,70,70,70,70,70,70,70,70,70,70,77,77,77,77,77,74,74,74,74,74,74,74,74,74,74,74,74,74,74,74,74,74,74,74,74,74,74,74,74,74,74,74,74,74,74,74,74],"relics":["Ring of the Snake","Dream Catcher","Tiny Chest","Unceasing Top","Shuriken","Strawberry","Lizard Tail","War Paint","Orrery","Vajra","Kunai","Red Mask","Bag of Preparation"],"card_choices":[{"not_picked":["Accuracy","Backflip"],"picked":"Dagger Throw"},{"not_picked":["Bouncing Flask","Concentrate"],"picked":"Calculated Gamble"},{"not_picked":["Quick Slash","Prepared"],"picked":"Adrenaline"},{"not_picked":["PiercingWail","Leg Sweep"],"picked":"Flying Knee"},{"not_picked":["Bane","Wraith Form"],"picked":"Underhanded Strike"},{"not_picked":["Dagger Throw","Deflect"],"picked":"Outmaneuver"},{"not_picked":["Setup","Predator"],"picked":"Masterful Stab"},{"not_picked":["Deadly Poison","Slice"],"picked":"Deflect"},{"not_picked":["Bane","Underhanded Strike"],"picked":"Acrobatics"},{"not_picked":["Deadly Poison","Grand Finale"],"picked":"Deflect"},{"not_picked":["Accuracy","Quick Slash"],"picked":"Slice"},{"not_picked":["Prepared","Outmaneuver"],"picked":"Well Laid Plans"},{"not_picked":["Leg Sweep","Acrobatics"],"picked":"Deflect"},{"not_picked":["Bane","Poisoned Stab"],"picked":"Malaise"},{"not_picked":["Cloak And Dagger","Slice"],"picked":"Escape Plan"},{"not_picked":["Underhanded Strike","Prepared"],"picked":"Burst"}],"player_experience":488549,"potions_floor_usage":[7,14,30,30,33,33,45,46,46,50],"damage_taken":[{"damage":0,"enemies":"2 Louse","floor":1,"turns":3},{"damage":0,"enemies":"Cultist","floor":4,"turns":3},{"damage":6,"enemies":"Jaw Worm","floor":5,"turns":3},{"damage":21,"enemies":"3 Sentries","floor":7,"turns":12},{"damage":17,"enemies":"3 Louse","floor":12,"turns":4},{"damage":20,"enemies":"Lagavulin","floor":14,"turns":5},{"damage":47,"enemies":"The Guardian","floor":16,"turns":17},{"damage":21,"enemies":"2 Thieves","floor":18,"turns":4},{"damage":1,"enemies":"Shell Parasite","floor":21,"turns":3},{"damage":0,"enemies":"3 Cultists","floor":24,"turns":4},{"damage":2,"enemies":"Centurion and Healer","floor":27,"turns":4},{"damage":3,"enemies":"Snake Plant","floor":30,"turns":3},{"damage":13,"enemies":"Snecko","floor":31,"turns":5},{"damage":66,"enemies":"Champ","floor":33,"turns":11},{"damage":14,"enemies":"3 Shapes","floor":35,"turns":7},{"damage":9,"enemies":"3 Darklings","floor":38,"turns":5},{"damage":0,"enemies":"Sphere and 2 Shapes","floor":41,"turns":3},{"damage":1,"enemies":"4 Shapes","floor":45,"turns":4},{"damage":9,"enemies":"Maw","floor":46,"turns":8},{"damage":6,"enemies":"3 Darklings","floor":48,"turns":3},{"damage":29,"enemies":"Awakened One","floor":50,"turns":18}],"event_choices":[{"event_name":"Golden Shrine","player_choice":"Desecrate","floor":3,"damage_taken":0},{"event_name":"World of Goop","player_choice":"Gather Gold","floor":13,"damage_taken":0},{"event_name":"Beggar","player_choice":"Gave Gold","floor":19,"damage_taken":0},{"event_name":"Duplicator","player_choice":"One dupe","floor":20,"damage_taken":0},{"event_name":"The Library","player_choice":"Read","floor":28,"damage_taken":0},{"event_name":"Tomb of Lord Red Mask","player_choice":"Paid","floor":39,"damage_taken":0},{"event_name":"Winding Halls","player_choice":"Embrace Madness","floor":47,"damage_taken":0}],"boss_relics":[{"not_picked":["Tiny House","The Specimen"],"picked":"Lizard Tail"},{"not_picked":["Question Card","Runic Dome"],"picked":"Orrery"}],"potions_floor_spawned":[4,5,7,27,30,31,33,38,41,46,48],"seed_played":"-5202601054295081388","ascension_level":11,"is_trial":false}