{"gold_per_floor":[112,10,29,104,29,29,61,11,11,11,25,38,3,13,13,113,113,132,144,144,44,44,44,55,55,55,55],"floor_reached":27,"playtime":816,"items_purged":["Strike_R","Clothesline"],"score":271,"play_id":"05aa2ad8-06b6-450c-a110-08ca38ecc85a","local_time":"20190224135204","is_ascension_mode":true,"campfire_choices":[{"data":"Inflame","floor":6,"key":"SMITH"},{"data":"Spot Weakness","floor":10,"key":"SMITH"},{"data":"Heavy Blade","floor":15,"key":"SMITH"},{"data":"Bash","floor":23,"key":"SMITH"},{"data":"Perfected Strike","floor":25,"key":"SMITH"}],"neow_cost":"NONE","seed_source_timestamp":284505571491000,"circlet_count":0,"master_deck":["Strike_R+1","Strike_R+1","Strike_R+1","Strike_R+1","Defend_R+1","Defend_R+1","Defend_R+1","Defend_R+1","Bash+1","Twin Strike","Inflame+1","Spot Weakness+1","Shockwave","Iron Wave","Heavy Blade+1","Ghostly Armor","Twin Strike","Limit Break+1","Battle Trance","Perfected Strike+1","Twin Strike","Anger","Rage+1"],"special_seed":0,"relics":["Burning Blood","Bag of Preparation","Meat on the Bone","Orrery","Paper Frog"],"potions_floor_usage":[27],"damage_taken":[{"damage":6,"enemies":"Cultist","floor":1,"turns":4},{"damage":4,"enemies":"Small Slimes","floor":3,"turns":3},{"damage":35,"enemies":"Lagavulin","floor":7,"turns":6},{"damage":7,"enemies":"Jaw Worm","floor":11,"turns":3},{"damage":17,"enemies":"Blue Slaver","floor":12,"turns":3},{"damage":1,"enemies":"Looter","floor":14,"turns":3},{"damage":9,"enemies":"Slime Boss","floor":16,"turns":8},{"damage":23,"enemies":"Shell Parasite","floor":18,"turns":3},{"damage":9,"enemies":"3 Byrds","floor":19,"turns":6},{"damage":18,"enemies":"Centurion and Healer","floor":24,"turns":3},{"damage":58,"enemies":"Book of Stabbing","floor":27,"turns":4}],"seed_played":"-643527453024728039","potions_obtained":[{"floor":1,"key":"SteroidPotion"},{"floor":7,"key":"Dexterity Potion"}],"is_trial":false,"path_per_floor":["M","$","M","?","$","R","E","$","T","R","M","M","$","M","R","B",null,"M","M","?","$","?","R","M","R","T","E"],"character_chosen":"IRONCLAD","items_purchased":["Inflame","Clothesline","Fire Potion","Ghostly Armor"],"campfire_rested":0,"item_purchase_floors":[2,2,8,13],"current_hp_per_floor":[88,88,88,77,77,77,48,48,48,48,59,60,60,65,65,62,88,71,68,68,68,68,68,56,56,56,0],"gold":55,"neow_bonus":"TEN_PERCENT_HP_BONUS","is_prod":false,"is_daily":false,"chose_seed":false,"campfire_upgraded":5,"win_rate":0,"timestamp":1551037924,"path_taken":["M","?","M","?","?","R","E","?","T","R","M","M","$","M","R","BOSS","M","M","?","$","?","R","?","R","T","E"],"build_version":"2019-01-23","purchased_purges":2,"victory":false,"max_hp_per_floor":[88,88,88,88,88,88,88,88,88,88,88,88,88,88,88,88,88,88,88,88,88,88,88,88,88,88,88],"card_choices":[{"not_picked":["Shockwave","Shrug It Off"],"picked":"Twin Strike","floor":1},{"not_picked":["Warcry","Shrug It Off"],"picked":"Spot Weakness","floor":3},{"not_picked":["Evolve","Headbutt"],"picked":"Shockwave","floor":7},{"not_picked":["Flex","Entrench"],"picked":"Iron Wave","floor":11},{"not_picked":["Bloodletting","Warcry"],"picked":"Heavy Blade","floor":12},{"not_picked":["Shockwave","True Grit"],"picked":"Twin Strike","floor":14},{"not_picked":["Reaper","Demon Form"],"picked":"Limit Break","floor":16},{"not_picked":["Cleave","Sword Boomerang"],"picked":"Battle Trance","floor":17},{"not_picked":["Flex","Anger"],"picked":"Perfected Strike","floor":17},{"not_picked":["Clash","Corruption"],"picked":"Twin Strike","floor":17},{"not_picked":["Rampage","Thunderclap"],"picked":"Anger","floor":17},{"not_picked":["Rampage+1","Cleave","Body Slam"],"picked":"SKIP","floor":18},{"not_picked":["Pommel Strike","Disarm"],"picked":"Rage+1","floor":19},{"not_picked":["Thunderclap+1","Sentinel","Iron Wave+1"],"picked":"SKIP","floor":24}],"player_experience":218722,"relics_obtained":[{"floor":7,"key":"Bag of Preparation"},{"floor":9,"key":"Meat on the Bone"},{"floor":26,"key":"Paper Frog"}],"event_choices":[{"damage_healed":0,"gold_gain":75,"player_choice":"Gather Gold","damage_taken":11,"max_hp_gain":0,"max_hp_loss":0,"event_name":"World of Goop","floor":4,"gold_loss":0},{"damage_healed":0,"gold_gain":0,"player_choice":"Simplicity","damage_taken":0,"max_hp_gain":0,"max_hp_loss":0,"event_name":"Back to Basics","floor":20,"gold_loss":0,"cards_upgraded":["Strike_R","Strike_R","Strike_R","Strike_R","Defend_R","Defend_R","Defend_R","Defend_R"]},{"damage_healed":0,"gold_gain":0,"player_choice":"Forge","damage_taken":0,"max_hp_gain":0,"max_hp_loss":0,"event_name":"Accursed Blacksmith","floor":22,"gold_loss":0,"cards_upgraded":["Limit Break"]}],"is_beta":false,"boss_relics":[{"not_picked":["Runic Pyramid","Calling Bell"],"picked":"Orrery"}],"items_purged_floors":[5,21],"is_endless":false,"potions_floor_spawned":[1,7,12,16,19,24],"killed_by":"Book of Stabbing","ascension_level":3}