{"path_per_floor":["M","?","M","M","?","R","?","M","T","M","$","M","T","M","R","B",null,"M","M","$","M","?","R","E","M","T","R","M","?","R","?","R","B",null,"M","$","M","M","$","R","E","M","T"],"character_chosen":"IRONCLAD","items_purchased":["Vajra","Flex","Bronze Scales","Shrug It Off"],"gold_per_floor":[115,115,136,156,156,156,156,174,174,187,112,126,126,150,150,275,275,291,314,40,55,55,55,98,117,117,117,142,142,142,57,57,188,188,211,44,65,84,84,84,124,142,442],"floor_reached":44,"campfire_rested":4,"playtime":3806,"current_hp_per_floor":[79,59,62,63,63,63,56,49,49,51,51,47,47,46,46,12,80,80,63,63,15,15,39,18,12,12,36,27,27,51,65,65,56,94,72,72,54,36,36,64,47,22,22],"items_purged":["Strike_R","Strike_R"],"gold":442,"score":427,"play_id":"84c66835-9ee9-4850-ad5d-470f6887521e","is_prod":false,"is_daily":false,"is_ascension_mode":false,"campfire_upgraded":1,"path_taken":["M","?","M","M","?","R","?","M","T","M","?","?","?","M","R","BOSS","M","M","$","M","?","R","E","M","T","R","M","?","R","?","R","BOSS","M","$","M","M","$","R","E","M","T","M"],"build_version":"2018-02-15-PROD1","purchased_purges":2,"victory":false,"master_deck":["Strike_R","Strike_R","Strike_R","Defend_R","Defend_R","Defend_R","Defend_R","Bash+1","Uppercut","Rampage+1","Cleave","Pommel Strike","Spot Weakness","Armaments","Sword Boomerang","Double Tap","Anger","Heavy Blade","Flex","Heavy Blade+1","Bash","Iron Wave+1","Sword Boomerang+1","Offering","Shrug It Off","Twin Strike+1","Warcry+1"],"max_hp_per_floor":[80,80,80,80,80,80,80,80,80,80,80,80,80,80,80,80,80,80,80,80,80,80,80,80,80,80,80,80,80,80,94,94,94,94,94,94,94,94,94,94,94,94,94],"relics":["Burning Blood","Golden Idol","Self Forming Clay","Prayer Wheel","Girya","Black Star","Vajra","Pantograph","Dodecahedron","Champion Belt","Mango","White Beast Statue","Bronze Scales","Ancient Tea Set","Orichalcum","Old Coin"],"card_choices":[{"not_picked":["Shockwave","Perfected Strike"],"picked":"Uppercut"},{"not_picked":["Clothesline","Twin Strike"],"picked":"Rampage"},{"not_picked":["Anger","Pommel Strike"],"picked":"Cleave"},{"not_picked":["Heavy Blade","Combust"],"picked":"Pommel Strike"},{"not_picked":["Sword Boomerang","Cleave"],"picked":"Spot Weakness"},{"not_picked":["Pummel","Anger"],"picked":"Armaments"},{"not_picked":["Pommel Strike","Warcry"],"picked":"Sword Boomerang"},{"not_picked":["Dark Embrace","Berserk"],"picked":"Double Tap"},{"not_picked":["Intimidate","Clothesline"],"picked":"Anger"},{"not_picked":["Perfected Strike","Clash"],"picked":"Heavy Blade"},{"not_picked":["Rupture","Battle Trance"],"picked":"Heavy Blade"},{"not_picked":["Evolve","Combust"],"picked":"Iron Wave"},{"not_picked":["Headbutt","Double Tap"],"picked":"Sword Boomerang"},{"not_picked":["Barricade","Berserk"],"picked":"Offering"},{"not_picked":["Heavy Blade","Corruption"],"picked":"Twin Strike"},{"not_picked":["Flex","Rage"],"picked":"Warcry"}],"player_experience":84587,"potions_floor_usage":[8,10,16,24,33,33,33,35,41,42,44],"damage_taken":[{"damage":7,"enemies":"Small Slimes","floor":1,"turns":4},{"damage":3,"enemies":"Jaw Worm","floor":3,"turns":3},{"damage":5,"enemies":"2 Louse","floor":4,"turns":2},{"damage":13,"enemies":"Large Slime","floor":8,"turns":5},{"damage":4,"enemies":"Blue Slaver","floor":10,"turns":2},{"damage":10,"enemies":"Looter","floor":12,"turns":3},{"damage":7,"enemies":"2 Fungi Beasts","floor":14,"turns":3},{"damage":40,"enemies":"Hexaghost","floor":16,"turns":11},{"damage":0,"enemies":"Chosen","floor":18,"turns":4},{"damage":23,"enemies":"2 Thieves","floor":19,"turns":4},{"damage":54,"enemies":"Slaver and Parasite","floor":21,"turns":6},{"damage":27,"enemies":"Slavers","floor":24,"turns":6},{"damage":12,"enemies":"3 Cultists","floor":25,"turns":6},{"damage":15,"enemies":"Snake Plant","floor":28,"turns":2},{"damage":40,"enemies":"Champ","floor":33,"turns":9},{"damage":28,"enemies":"3 Darklings","floor":35,"turns":4},{"damage":24,"enemies":"3 Shapes","floor":37,"turns":5},{"damage":24,"enemies":"Sphere and 2 Shapes","floor":38,"turns":5},{"damage":23,"enemies":"Nemesis","floor":41,"turns":7},{"damage":31,"enemies":"3 Darklings","floor":42,"turns":4},{"damage":20,"enemies":"Maw","floor":44,"turns":4}],"event_choices":[{"event_name":"Golden Idol","player_choice":"Take Damage","floor":2,"damage_taken":0},{"event_name":"Big Fish","player_choice":"Box","floor":5,"damage_taken":0},{"event_name":"Golden Wing","player_choice":"Card Removal","floor":7,"damage_taken":0},{"event_name":"Match and Keep!","player_choice":"1 cards matched","floor":22,"damage_taken":0},{"event_name":"The Lab","player_choice":"Got Potions","floor":29,"damage_taken":0},{"event_name":"Addict","player_choice":"Obtained Relic","floor":31,"damage_taken":0}],"boss_relics":[{"not_picked":["Calling Bell","Black Blood"],"picked":"Black Star"},{"not_picked":["Velvet Choker","Pandora\u0027s Box"],"picked":"White Beast Statue"}],"potions_floor_spawned":[1,3,14,19,33,35,37,38,41,42],"seed_played":"-8247070818746571114","killed_by":"Maw","ascension_level":0,"is_trial":false}