{"gold_per_floor":[119,135,155,106,106,106,132,152,230,230,246,0,19,30,30,135,135,152,24,43,43,43],"floor_reached":22,"playtime":1725,"items_purged":["Strike_R"],"score":188,"play_id":"25e115e6-d0cb-49d3-885c-7d6187adec9a","local_time":"20190126130959","is_ascension_mode":false,"campfire_choices":[{"data":"Sentinel","floor":6,"key":"SMITH"},{"data":"Pommel Strike","floor":15,"key":"SMITH"}],"neow_cost":"NONE","seed_source_timestamp":170105055832561,"circlet_count":0,"master_deck":["Strike_R","Strike_R","Strike_R","Defend_R","Defend_R","Defend_R","Defend_R","Bash","Sentinel+1","Second Wind","Sever Soul","Cleave","Clash","Power Through","Thunderclap","Thunderclap","Inflame","Headbutt","Pommel Strike+1","Flame Barrier","Iron Wave","Limit Break","Armaments+1","Headbutt","Body Slam","Entrench"],"relics":["Burning Blood","Prayer Wheel","Pen Nib","Pantograph","Gremlin Horn","Eternal Feather"],"potions_floor_usage":[7,11,16,18,18,22],"damage_taken":[{"damage":5,"enemies":"Cultist","floor":1,"turns":4},{"damage":10,"enemies":"Jaw Worm","floor":2,"turns":4},{"damage":1,"enemies":"2 Louse","floor":3,"turns":2},{"damage":13,"enemies":"Lagavulin","floor":7,"turns":6},{"damage":24,"enemies":"Exordium Wildlife","floor":8,"turns":6},{"damage":11,"enemies":"Blue Slaver","floor":11,"turns":4},{"damage":0,"enemies":"2 Fungi Beasts","floor":13,"turns":2},{"damage":6,"enemies":"Large Slime","floor":14,"turns":5},{"damage":8,"enemies":"Slime Boss","floor":16,"turns":7},{"damage":11,"enemies":"Chosen","floor":18,"turns":5},{"damage":40,"enemies":"Shell Parasite","floor":20,"turns":7},{"damage":36,"enemies":"Colosseum Slavers","floor":22,"turns":4}],"seed_played":"7687725720811505245","potions_obtained":[{"floor":2,"key":"Fire Potion"},{"floor":8,"key":"BloodPotion"},{"floor":11,"key":"SkillPotion"},{"floor":13,"key":"AttackPotion"},{"floor":14,"key":"FearPotion"},{"floor":18,"key":"GamblersBrew"},{"floor":20,"key":"Dexterity Potion"}],"is_trial":false,"path_per_floor":["M","M","M","$","?","R","E","M","T","?","M","$","M","M","R","B",null,"M","$","M","?","?"],"character_chosen":"IRONCLAD","items_purchased":["Clash","Gremlin Horn","Body Slam"],"campfire_rested":0,"item_purchase_floors":[4,12,19],"current_hp_per_floor":[80,76,80,80,80,80,73,55,55,48,51,51,57,57,57,78,80,75,75,41,26,0],"gold":43,"neow_bonus":"TRANSFORM_CARD","is_prod":false,"is_daily":false,"chose_seed":false,"campfire_upgraded":2,"win_rate":0.0,"timestamp":1548529799,"path_taken":["M","M","M","?","?","R","E","M","T","?","M","$","?","M","R","BOSS","M","$","M","?","?"],"build_version":"2019-01-23","purchased_purges":1,"victory":false,"max_hp_per_floor":[80,80,80,80,80,80,80,80,80,80,80,80,80,80,80,80,80,80,80,80,85,85],"card_choices":[{"not_picked":["Shrug It Off","Headbutt"],"picked":"Second Wind","floor":1},{"not_picked":["Carnage","Flex"],"picked":"Sever Soul","floor":2},{"not_picked":["Rage","Ghostly Armor"],"picked":"Cleave","floor":3},{"not_picked":["Seeing Red","Sentinel"],"picked":"Power Through","floor":7},{"not_picked":["Perfected Strike","Shrug It Off"],"picked":"Thunderclap","floor":8},{"not_picked":["Anger","Combust"],"picked":"Thunderclap","floor":8},{"not_picked":["Carnage","Flex"],"picked":"Inflame","floor":11},{"not_picked":["Carnage","Entrench","Bloodletting"],"picked":"SKIP","floor":11},{"not_picked":["Blood for Blood","Body Slam"],"picked":"Headbutt","floor":13},{"not_picked":["Headbutt","Cleave"],"picked":"Pommel Strike","floor":13},{"not_picked":["Cleave","Thunderclap"],"picked":"Flame Barrier","floor":14},{"not_picked":["Flex","Demon Form"],"picked":"Iron Wave","floor":14},{"not_picked":["Reaper","Berserk"],"picked":"Limit Break","floor":16},{"not_picked":["Reckless Charge","Dropkick"],"picked":"Armaments+1","floor":18},{"not_picked":["Rupture","Clothesline+1"],"picked":"Headbutt","floor":18},{"not_picked":["Wild Strike+1","Ghostly Armor"],"picked":"Entrench","floor":20},{"not_picked":["Spot Weakness","Inflame","Power Through"],"picked":"SKIP","floor":20}],"player_experience":83556,"relics_obtained":[{"floor":7,"key":"Pen Nib"},{"floor":9,"key":"Pantograph"}],"event_choices":[{"damage_healed":0,"gold_gain":0,"player_choice":"Box","damage_taken":0,"relics_obtained":["Prayer Wheel"],"max_hp_gain":0,"max_hp_loss":0,"event_name":"Big Fish","floor":5,"gold_loss":0,"cards_obtained":["Regret"]},{"cards_removed":["Regret"],"damage_healed":0,"gold_gain":0,"player_choice":"Card Removal","damage_taken":7,"max_hp_gain":0,"max_hp_loss":0,"event_name":"Golden Wing","floor":10,"gold_loss":0},{"damage_healed":0,"gold_gain":0,"player_choice":"Shed Blood","damage_taken":20,"max_hp_gain":5,"max_hp_loss":0,"event_name":"Forgotten Altar","floor":21,"gold_loss":0},{"damage_healed":0,"gold_gain":0,"player_choice":"Fight","damage_taken":0,"max_hp_gain":0,"max_hp_loss":0,"event_name":"Colosseum","floor":22,"gold_loss":0}],"is_beta":false,"boss_relics":[{"not_picked":["Astrolabe","Coffee Dripper"],"picked":"Eternal Feather"}],"items_purged_floors":[19],"is_endless":false,"potions_floor_spawned":[2,8,11,13,14,18,20],"killed_by":"Colosseum Slavers","ascension_level":0}