{"path_per_floor":["M","M","?","M","M","R","M","M","T","M","M","M","M","?","R","B",null,"M","M","$","?","$","R","?","R","T","$","?","M","M"],"character_chosen":"THE_SILENT","items_purchased":["Apotheosis","Noxious Fumes"],"gold_per_floor":[118,133,133,150,166,166,186,203,230,242,256,268,283,283,283,381,381,400,380,129,129,29,29,29,29,78,4,104,122,135,135],"floor_reached":31,"campfire_rested":1,"playtime":949,"current_hp_per_floor":[69,69,69,69,65,65,65,65,65,65,59,58,54,40,40,13,70,34,5,5,28,28,28,28,49,49,49,49,43,29,0],"items_purged":["Strike_G","Strike_G"],"gold":135,"score":233,"play_id":"fd4ee5a8-acf4-46e8-baa8-7db1fe1fb638","local_time":"20180424224025","is_prod":false,"is_daily":false,"chose_seed":false,"is_ascension_mode":false,"campfire_upgraded":3,"timestamp":1524620425,"path_taken":["M","M","?","M","M","R","M","M","T","?","M","M","M","?","R","BOSS","M","M","$","?","?","R","?","R","T","$","?","M","?","M"],"build_version":"2018-04-19","seed_source_timestamp":47337462701302,"purchased_purges":2,"victory":false,"master_deck":["Defend_G","Defend_G","Defend_G","Defend_G","Defend_G","Strike_G","Strike_G+1","Survivor","Neutralize+1","Underhanded Strike","Cloak And Dagger","Reflex+1","Terror+1","Noxious Fumes+1","Tactician","Blur","Dagger Throw+1","Apotheosis","Noxious Fumes","Dagger Throw+1"],"max_hp_per_floor":[70,70,70,70,70,70,70,70,70,70,70,70,70,70,70,70,70,70,70,70,70,70,70,70,70,70,70,70,70,70,70],"relics":["Philosopher\u0027s Stone"],"card_choices":[{"not_picked":["Outmaneuver","Well Laid Plans"],"picked":"Underhanded Strike","floor":1},{"not_picked":["Distraction","Slice"],"picked":"Cloak And Dagger","floor":2},{"not_picked":["Escape Plan","Dodge and Roll"],"picked":"Reflex","floor":4},{"not_picked":["Crippling Poison","Flying Knee"],"picked":"Terror","floor":10},{"not_picked":["Leg Sweep","Accuracy"],"picked":"Noxious Fumes","floor":11},{"not_picked":["Phantasmal Killer","Grand Finale"],"picked":"Tactician","floor":16},{"not_picked":["Finisher","Deadly Poison"],"picked":"Blur","floor":18},{"not_picked":["PiercingWail","Bane"],"picked":"Dagger Throw","floor":19},{"not_picked":["Outmaneuver","Quick Slash"],"picked":"Dagger Throw","floor":29}],"player_experience":739701,"potions_floor_usage":[7,16,16,29,30],"damage_taken":[{"damage":1,"enemies":"2 Louse","floor":1,"turns":4},{"damage":0,"enemies":"Cultist","floor":2,"turns":4},{"damage":0,"enemies":"Small Slimes","floor":4,"turns":3},{"damage":4,"enemies":"Looter","floor":5,"turns":4},{"damage":0,"enemies":"Gremlin Gang","floor":7,"turns":5},{"damage":0,"enemies":"Blue Slaver","floor":8,"turns":4},{"damage":0,"enemies":"2 Fungi Beasts","floor":10,"turns":4},{"damage":6,"enemies":"3 Louse","floor":11,"turns":5},{"damage":1,"enemies":"Exordium Thugs","floor":12,"turns":5},{"damage":4,"enemies":"Large Slime","floor":13,"turns":5},{"damage":27,"enemies":"The Guardian","floor":16,"turns":11},{"damage":36,"enemies":"Chosen","floor":18,"turns":7},{"damage":29,"enemies":"2 Thieves","floor":19,"turns":4},{"damage":6,"enemies":"Snecko","floor":29,"turns":5},{"damage":14,"enemies":"Snake Plant","floor":30,"turns":5},{"damage":29,"enemies":"Centurion and Healer","floor":31,"turns":2}],"event_choices":[{"event_name":"Purifier","player_choice":"One Purge","floor":3,"damage_taken":0},{"event_name":"Shining Light","player_choice":"Entered Light","floor":14,"damage_taken":0},{"event_name":"The Library","player_choice":"Heal","floor":21,"damage_taken":0},{"event_name":"The Mausoleum","player_choice":"No","floor":24,"damage_taken":0},{"event_name":"Golden Shrine","player_choice":"Pray","floor":28,"damage_taken":0}],"boss_relics":[{"not_picked":["Orrery","Astrolabe","Snecko Eye"]}],"potions_floor_spawned":[1,2,8,12,19,29],"seed_played":"-4211982793624934184","killed_by":"Centurion and Healer","ascension_level":0,"is_trial":false}