{"path_per_floor":["M","?","$","M","?","R","M","M","T","M","$","M","M","M","R","B",null,"M","?","?","M","?","R","?","M","T"],"character_chosen":"IRONCLAD","items_purchased":["Offering","Spot Weakness"],"gold_per_floor":[360,435,198,208,158,158,173,192,192,205,26,45,58,75,75,177,177,189,189,189,209,209,209,209,219,219],"floor_reached":27,"campfire_rested":3,"playtime":644,"current_hp_per_floor":[58,47,47,38,38,59,61,39,39,33,33,28,20,20,41,10,72,50,50,50,20,20,35,35,20,20],"items_purged":["Defend_R","Defend_R"],"gold":219,"score":233,"play_id":"609098ef-bbc0-4bff-9c1c-d260ad8e8cf6","local_time":"20180319191935","is_prod":false,"is_daily":false,"is_ascension_mode":false,"campfire_upgraded":0,"timestamp":1521497975,"path_taken":["M","?","$","M","?","R","M","M","T","M","$","M","M","M","R","BOSS","M","?","?","?","?","R","?","M","T","M"],"build_version":"2018-03-15v3","purchased_purges":2,"victory":false,"master_deck":["Defend_R","Bash","Offering","Spot Weakness","Bite","Bite","Bite","Bite","Bite","Offering"],"max_hp_per_floor":[72,72,72,72,72,72,72,72,72,72,72,72,72,72,72,72,72,72,50,50,50,50,50,50,50,50],"relics":["Burning Blood"],"card_choices":[],"player_experience":624433,"potions_floor_usage":[18,18],"damage_taken":[{"damage":20,"enemies":"Small Slimes","floor":1,"turns":4},{"damage":15,"enemies":"Jaw Worm","floor":4,"turns":2},{"damage":4,"enemies":"Cultist","floor":7,"turns":2},{"damage":28,"enemies":"Exordium Wildlife","floor":8,"turns":4},{"damage":12,"enemies":"Large Slime","floor":10,"turns":5},{"damage":11,"enemies":"2 Fungi Beasts","floor":12,"turns":3},{"damage":14,"enemies":"Looter","floor":13,"turns":2},{"damage":6,"enemies":"Exordium Wildlife","floor":14,"turns":2},{"damage":37,"enemies":"Slime Boss","floor":16,"turns":8},{"damage":28,"enemies":"2 Thieves","floor":18,"turns":3},{"damage":46,"enemies":"Shell Parasite","floor":21,"turns":4},{"damage":41,"enemies":"3 Cultists","floor":25,"turns":5},{"damage":58,"enemies":"Cultist and Chosen","floor":27,"turns":4}],"event_choices":[{"event_name":"World of Goop","player_choice":"Gather Gold","floor":2,"damage_taken":0},{"event_name":"The Cleric","player_choice":"Card Removal","floor":5,"damage_taken":0},{"event_name":"Vampires","player_choice":"Became a vampire","floor":19,"damage_taken":0},{"event_name":"The Mausoleum","player_choice":"No","floor":20,"damage_taken":0},{"event_name":"Drug Dealer","player_choice":"Ignored","floor":22,"damage_taken":0},{"event_name":"Duplicator","player_choice":"One dupe","floor":24,"damage_taken":0}],"boss_relics":[{"not_picked":["Pandora\u0027s Box","Lizard Tail","Tiny House"]}],"potions_floor_spawned":[1,16],"seed_played":"3537632267382321509","killed_by":"Cultist and Chosen","ascension_level":0,"is_trial":false}