{"path_per_floor":["M","?","?","M","M","R","E","R","T","E","M","$","M","?","R","B",null,"M","$","?","?","M","R","M","E","T","?","?","R","$","M","R"],"character_chosen":"IRONCLAD","items_purchased":["Rampage","Inflame","Warcry","Feel No Pain","Ghostly Armor"],"gold_per_floor":[112,112,112,130,145,145,173,173,199,226,237,13,31,206,206,311,311,280,52,52,52,65,65,83,113,139,139,139,139,101,119,119],"floor_reached":33,"campfire_rested":3,"playtime":2323,"current_hp_per_floor":[79,79,72,72,78,78,44,44,44,28,36,36,34,34,59,42,84,67,67,67,67,61,61,29,13,13,13,41,66,66,39,64],"items_purged":["Strike_R","Doubt"],"gold":119,"score":300,"play_id":"a7294c80-bba0-4060-9e1d-488c3fe54148","is_prod":false,"is_daily":false,"is_ascension_mode":true,"campfire_upgraded":3,"path_taken":["M","?","?","?","M","R","E","R","T","E","M","$","M","?","R","BOSS","M","$","?","?","M","R","?","E","T","?","?","R","?","M","R","BOSS"],"build_version":"2018-02-22-PROD2","purchased_purges":2,"victory":false,"master_deck":["Strike_R","Strike_R","Defend_R","Defend_R","Defend_R","Defend_R","Bash+1","Flex+1","Disarm+1","Armaments+1","Rampage","Inflame","Iron Wave","Doubt","Dark Embrace","Doubt","Clumsy","Warcry","Feel No Pain","Flame Barrier","Cleave","Whirlwind+1","Decay","Ghostly Armor","Heavy Blade"],"max_hp_per_floor":[80,80,80,80,80,80,82,82,82,82,84,84,84,84,84,84,84,86,86,86,86,86,86,86,86,86,86,86,86,86,86,86],"relics":["Burning Blood","Singing Bowl","Bronze Scales","Gremlin Horn","Calling Bell","Oddly Smooth Stone","Torii","Pen Nib","Du-Vu Doll","Juzu Bracelet"],"card_choices":[{"not_picked":["Second Wind","True Grit"],"picked":"Flex"},{"not_picked":["Demon Form","Searing Blow"],"picked":"Disarm"},{"not_picked":["Dropkick","Clash"],"picked":"Armaments"},{"not_picked":["Fire Breathing","Havoc"],"picked":"Iron Wave"},{"not_picked":["Juggernaut","Brutality"],"picked":"Dark Embrace"},{"not_picked":["Reckless Charge","Corruption"],"picked":"Flame Barrier"},{"not_picked":["Rage","Sword Boomerang"],"picked":"Cleave"},{"not_picked":["Infernal Blade","Cleave"],"picked":"Whirlwind"},{"not_picked":["Anger","Rampage"],"picked":"Heavy Blade"}],"player_experience":286982,"potions_floor_usage":[24,25,25,33],"damage_taken":[{"damage":7.0,"enemies":"Jaw Worm","floor":1.0,"turns":5.0},{"damage":6.0,"enemies":"Small Slimes","floor":4.0,"turns":5.0},{"damage":0.0,"enemies":"2 Louse","floor":5.0,"turns":4.0},{"damage":42.0,"enemies":"3 Sentries","floor":7.0,"turns":11.0},{"damage":31.0,"enemies":"Lagavulin","floor":10.0,"turns":7.0},{"damage":0.0,"enemies":"Blue Slaver","floor":11.0,"turns":4.0},{"damage":8.0,"enemies":"Exordium Thugs","floor":13.0,"turns":4.0},{"damage":23.0,"enemies":"Hexaghost","floor":16.0,"turns":10.0},{"damage":25.0,"enemies":"2 Thieves","floor":18.0,"turns":5.0},{"damage":12,"enemies":"3 Byrds","floor":22,"turns":4},{"damage":38,"enemies":"Sentry and Sphere","floor":24,"turns":12},{"damage":22,"enemies":"Gremlin Leader","floor":25,"turns":9},{"damage":33,"enemies":"Centurion and Healer","floor":31,"turns":6},{"damage":71,"enemies":"Champ","floor":33,"turns":13}],"event_choices":[{"event_name":"Living Wall","player_choice":"Forget","floor":2.0,"damage_taken":0.0},{"event_name":"Golden Wing","player_choice":"Card Removal","floor":3.0,"damage_taken":0.0},{"event_name":"Liars Game","player_choice":"agreed","floor":14.0,"damage_taken":0.0},{"event_name":"Addict","player_choice":"Ignored","floor":20.0,"damage_taken":0.0},{"event_name":"Drug Dealer","player_choice":"Ignored","floor":21.0,"damage_taken":0.0},{"event_name":"Forgotten Altar","player_choice":"Smashed Altar","floor":27,"damage_taken":0},{"event_name":"The Library","player_choice":"Heal","floor":28,"damage_taken":0}],"boss_relics":[],"potions_floor_spawned":[4,5,7,16,18,22,24,31],"seed_played":"-5743736221214924865","killed_by":"Champ","ascension_level":2,"is_trial":false}