{"path_per_floor":["M","M","?","?","?","R","?","M","T","$","M","R","M","M","R","B",null,"M","M","$","M","?","R","?","M","T","M"],"character_chosen":"THE_SILENT","items_purchased":["Panache"],"gold_per_floor":[119,139,139,139,139,139,139,152,197,122,132,132,149,169,169,243,243,263,276,73,93,93,93,93,112,135,155,155],"floor_reached":28,"campfire_rested":1,"playtime":1095,"current_hp_per_floor":[63,59,59,59,45,45,45,39,39,39,36,57,57,49,49,23,58,50,48,48,32,55,55,42,30,30,13,0],"items_purged":["Normality"],"gold":155,"score":350,"play_id":"3030e0e5-9861-4fd2-9030-f2f402bcf00f","local_time":"20180418121317","is_prod":false,"is_daily":false,"chose_seed":false,"is_ascension_mode":true,"campfire_upgraded":3,"timestamp":1524064397,"path_taken":["M","M","?","?","?","R","?","M","T","$","M","R","?","M","R","BOSS","M","?","$","M","?","R","?","?","T","M","M"],"build_version":"2018-04-12","seed_source_timestamp":12237726415689,"purchased_purges":1,"victory":false,"master_deck":["Defend_G","Defend_G","Defend_G+1","Strike_G","Strike_G","Strike_G+1","Survivor","Neutralize+1","AscendersBane","Backflip+1","Regret","Catalyst+1","Acrobatics+1","Poisoned Stab","Deadly Poison+1","Die Die Die+1","Deflect+1","Distraction+1","Panache","Prepared+1"],"max_hp_per_floor":[70,70,70,70,70,70,70,70,70,70,70,70,70,70,70,70,70,70,70,70,70,70,70,75,75,75,75,75],"relics":["Runic Dome","Lantern","Ancient Tea Set","Bag of Marbles","Astrolabe","War Paint"],"card_choices":[{"not_picked":["Poisoned Stab","Outmaneuver"],"picked":"Backflip","floor":1.0},{"not_picked":["Reflex","Dagger Spray"],"picked":"Catalyst","floor":8},{"not_picked":["Prepared","Dagger Throw"],"picked":"Acrobatics","floor":11},{"not_picked":["Terror","Outmaneuver"],"picked":"Poisoned Stab","floor":13},{"not_picked":["Backflip","Outmaneuver"],"picked":"Deadly Poison","floor":14},{"not_picked":["Quick Slash","Underhanded Strike"],"picked":"Prepared","floor":25}],"player_experience":717179,"potions_floor_usage":[13,14,19,25],"damage_taken":[{"damage":0.0,"enemies":"2 Louse","floor":1.0,"turns":3.0},{"damage":4.0,"enemies":"Small Slimes","floor":2.0,"turns":4.0},{"damage":6,"enemies":"Exordium Wildlife","floor":8,"turns":5},{"damage":3,"enemies":"2 Fungi Beasts","floor":11,"turns":4},{"damage":0,"enemies":"Blue Slaver","floor":13,"turns":3},{"damage":8,"enemies":"Large Slime","floor":14,"turns":8},{"damage":26,"enemies":"Hexaghost","floor":16,"turns":9},{"damage":8,"enemies":"Spheric Guardian","floor":18,"turns":4},{"damage":2,"enemies":"Chosen","floor":19,"turns":3},{"damage":16,"enemies":"Sentry and Sphere","floor":21,"turns":6},{"damage":12,"enemies":"Snake Plant","floor":25,"turns":3},{"damage":17,"enemies":"Centurion and Healer","floor":27,"turns":6},{"damage":21,"enemies":"Sentry and Sphere","floor":28,"turns":3}],"event_choices":[{"event_name":"Living Wall","player_choice":"Forget","floor":3,"damage_taken":0},{"event_name":"Big Fish","player_choice":"Box","floor":4,"damage_taken":0},{"event_name":"Shining Light","player_choice":"Entered Light","floor":5,"damage_taken":0},{"event_name":"Accursed Blacksmith","player_choice":"Rummage","floor":7,"damage_taken":0},{"event_name":"The Library","player_choice":"Heal","floor":22,"damage_taken":0},{"event_name":"Forgotten Altar","player_choice":"Shed Blood","floor":24,"damage_taken":0}],"boss_relics":[{"not_picked":["Snecko Eye","Pandora\u0027s Box"],"picked":"Astrolabe"}],"potions_floor_spawned":[2,8,14,16,19],"seed_played":"3409672620986400702","killed_by":"Sentry and Sphere","ascension_level":13,"is_trial":false}