{"gold_per_floor":[11,30,41,51,326,326,342,342,367,382,382,228,262,279,279,353,353,330,330,330,68,32,58,58,58,58,78,98,98,133,54,54,54],"floor_reached":33,"playtime":1211,"items_purged":["Regret"],"score":570,"play_id":"e23be4b8-4a6e-451d-b245-93d75e76c128","local_time":"20190312161818","is_ascension_mode":true,"campfire_choices":[{"data":"Dash","floor":6.0,"key":"SMITH"},{"data":"Terror","floor":8.0,"key":"SMITH"},{"data":"Neutralize","floor":11.0,"key":"SMITH"},{"floor":15.0,"key":"REST"},{"data":"Footwork","floor":25.0,"key":"SMITH"},{"data":"Accuracy","floor":29.0,"key":"SMITH"},{"floor":32,"key":"REST"}],"neow_cost":"NO_GOLD","seed_source_timestamp":513309397322136,"circlet_count":0,"master_deck":["AscendersBane","Defend_G","Defend_G","Defend_G","Defend_G","Defend_G","Strike_G+1","Strike_G","Strike_G","Strike_G","Strike_G","Survivor","Neutralize+1","Dash+1","Terror+1","Infinite Blades","Footwork+1","Cloak And Dagger","Cloak And Dagger","Accuracy+1","PiercingWail","Finisher","Writhe","Caltrops+1","Dagger Spray+1","Blade Dance","Noxious Fumes+1"],"special_seed":0,"relics":["Ring of the Snake","Du-Vu Doll","Pen Nib","Oddly Smooth Stone","Orrery","Bag of Marbles","Frozen Egg 2","PreservedInsect","Blue Candle","Whetstone"],"potions_floor_usage":[],"damage_taken":[{"damage":5.0,"enemies":"2 Louse","floor":1.0,"turns":5.0},{"damage":0.0,"enemies":"Cultist","floor":2.0,"turns":3.0},{"damage":2.0,"enemies":"Jaw Worm","floor":3.0,"turns":4.0},{"damage":0.0,"enemies":"2 Fungi Beasts","floor":4.0,"turns":4.0},{"damage":5.0,"enemies":"Exordium Wildlife","floor":7.0,"turns":5.0},{"damage":3.0,"enemies":"3 Louse","floor":10.0,"turns":4.0},{"damage":14.0,"enemies":"3 Sentries","floor":13.0,"turns":8.0},{"damage":1.0,"enemies":"Lots of Slimes","floor":14.0,"turns":5.0},{"damage":3.0,"enemies":"The Guardian","floor":16.0,"turns":9.0},{"damage":8.0,"enemies":"2 Thieves","floor":18.0,"turns":4.0},{"damage":47.0,"enemies":"Gremlin Leader","floor":23.0,"turns":8.0},{"damage":10.0,"enemies":"Shell Parasite","floor":27.0,"turns":7.0},{"damage":5.0,"enemies":"Cultist and Chosen","floor":28.0,"turns":7.0},{"damage":22.0,"enemies":"Slavers","floor":30.0,"turns":6.0},{"damage":81,"enemies":"Champ","floor":33,"turns":11}],"seed_played":"-4036696615834069405","potions_obtained":[{"floor":1.0,"key":"SkillPotion"},{"floor":3.0,"key":"Strength Potion"},{"floor":10.0,"key":"GhostInAJar"},{"floor":14.0,"key":"AttackPotion"},{"floor":23.0,"key":"Block Potion"},{"floor":30.0,"key":"Explosive Potion"}],"is_trial":false,"path_per_floor":["M","M","M","M","?","R","M","R","T","M","R","$","E","M","R","B",null,"M","?","?","$","$","E","?","R","T","M","M","R","E","$","R","B"],"character_chosen":"THE_SILENT","items_purchased":["Footwork","Frozen Egg 2","Caltrops+1","Noxious Fumes+1"],"campfire_rested":2,"item_purchase_floors":[12,21,22,31],"current_hp_per_floor":[54,54,52,52,52,52,47,47,47,44,44,44,30,29,48,45,61,53,53,53,53,53,6,76,76,76,66,61,61,39,39,61,0],"gold":54,"neow_bonus":"ONE_RARE_RELIC","is_prod":false,"is_daily":false,"chose_seed":false,"campfire_upgraded":5,"win_rate":0,"timestamp":1552403898,"path_taken":["M","M","M","M","?","R","?","R","T","M","R","$","E","M","R","BOSS","M","?","?","?","$","E","?","R","T","?","M","R","E","$","R","BOSS"],"build_version":"2019-01-23","purchased_purges":1,"victory":false,"max_hp_per_floor":[66,66,66,66,66,66,66,66,66,66,66,66,66,66,66,66,66,66,66,66,66,66,66,76,76,76,76,76,76,76,76,76,76],"card_choices":[{"not_picked":["Backflip","Blur"],"picked":"Dash","floor":1.0},{"not_picked":["Blur","Flying Knee"],"picked":"Terror","floor":2.0},{"not_picked":["Acrobatics","Deadly Poison"],"picked":"Infinite Blades","floor":3.0},{"not_picked":["Dodge and Roll","Eviscerate","Dagger Throw"],"picked":"SKIP","floor":4.0},{"not_picked":["Calculated Gamble","Caltrops","Eviscerate"],"picked":"SKIP","floor":7.0},{"not_picked":["Doppelganger","Underhanded Strike","Flying Knee"],"picked":"SKIP","floor":10.0},{"not_picked":["PiercingWail","Poisoned Stab"],"picked":"Cloak And Dagger","floor":13.0},{"not_picked":["Deflect","Blade Dance"],"picked":"Cloak And Dagger","floor":14.0},{"not_picked":["Tools of the Trade","Bullet Time"],"picked":"Glass Knife","floor":16.0},{"not_picked":["Backflip","Bane"],"picked":"Accuracy","floor":17.0},{"not_picked":["Underhanded Strike","Crippling Poison"],"picked":"PiercingWail","floor":17.0},{"not_picked":["Choke","Endless Agony"],"picked":"Finisher","floor":17.0},{"not_picked":["Flying Knee+1","Dodge and Roll","Tactician+1"],"picked":"SKIP","floor":18.0},{"not_picked":["Corpse Explosion","Terror"],"picked":"Dagger Spray","floor":23.0},{"not_picked":["Flying Knee","Dagger Spray"],"picked":"Blade Dance","floor":27.0},{"not_picked":["Dagger Spray","Flying Knee","Dagger Throw"],"picked":"SKIP","floor":28.0},{"not_picked":["Dodge and Roll","Venomology","Slice"],"picked":"SKIP","floor":30.0}],"player_experience":984686,"relics_obtained":[{"floor":9.0,"key":"Pen Nib"},{"floor":13.0,"key":"Oddly Smooth Stone"},{"floor":23.0,"key":"PreservedInsect"},{"floor":26.0,"key":"Blue Candle"},{"floor":30.0,"key":"Whetstone"}],"event_choices":[{"damage_healed":0.0,"max_hp_gain":0.0,"max_hp_loss":0.0,"gold_gain":275.0,"event_name":"Golden Shrine","player_choice":"Desecrate","floor":5.0,"gold_loss":0.0,"damage_taken":0.0,"cards_obtained":["Regret"]},{"damage_healed":0.0,"max_hp_gain":0.0,"max_hp_loss":0.0,"gold_gain":0.0,"event_name":"The Mausoleum","player_choice":"Opened","floor":19.0,"gold_loss":0.0,"damage_taken":0.0,"relics_obtained":["Bag of Marbles"],"cards_obtained":["Writhe"]},{"damage_healed":0.0,"max_hp_gain":0.0,"max_hp_loss":0.0,"gold_gain":0.0,"event_name":"Ghosts","player_choice":"Ignored","floor":20.0,"gold_loss":0.0,"damage_taken":0.0},{"cards_removed":["Glass Knife"],"damage_healed":60.0,"max_hp_gain":10.0,"max_hp_loss":0.0,"gold_gain":0.0,"event_name":"Bonfire Elementals","player_choice":"Offered Rare","floor":24.0,"gold_loss":0.0,"damage_taken":0.0}],"is_beta":false,"boss_relics":[{"not_picked":["Fusion Hammer","Eternal Feather"],"picked":"Orrery"}],"items_purged_floors":[12],"is_endless":false,"potions_floor_spawned":[1,3,4,10,14,23,30],"killed_by":"Champ","ascension_level":20}