{"gold_per_floor":[116,191,191,82,102,102,113,113,113,13,38,38,52,62,62,163,163,179,54,64,80,80,111,111,34,34,34,34,51,70,85,85,189,189,204,204,54,54,65,65,76,76,76,93,108,108,38,51,51,51],"floor_reached":51,"playtime":4873,"items_purged":["Strike_G","Strike_G","Tactician","Defend_G"],"score":694,"play_id":"487c1b91-55f4-4bf5-9575-5cada42a06cc","local_time":"20180722013952","is_ascension_mode":false,"campfire_choices":[{"data":"Cloak And Dagger","floor":6,"key":"SMITH"},{"data":"Cloak And Dagger","floor":8,"key":"SMITH"},{"data":"Noxious Fumes","floor":12,"key":"SMITH"},{"data":"Noxious Fumes","floor":15,"key":"SMITH"},{"data":"Catalyst","floor":27,"key":"SMITH"},{"floor":32,"key":"REST"},{"data":"Bullet Time","floor":40,"key":"SMITH"},{"data":"Burst","floor":42,"key":"SMITH"},{"floor":49,"key":"REST"}],"neow_cost":"NONE","seed_source_timestamp":124275619909149,"circlet_count":0,"master_deck":["Defend_G","Defend_G","Defend_G","Defend_G","Survivor","Neutralize+1","Cloak And Dagger+1","Bandage Up","Noxious Fumes+1","Cloak And Dagger+1","Noxious Fumes+1","Deadly Poison","Riddle With Holes","Bane","Bullet Time+1","PiercingWail+1","Endless Agony","Catalyst+1","Bite","Bite","Bite","Bite","Bite","Calculated Gamble+1","J.A.X.","Dagger Throw","Accuracy","Tools of the Trade","Prepared+1","Madness","Madness","Underhanded Strike+1","Burst+1","Catalyst+1","Bane","Infinite Blades+1","Catalyst+1","Crippling Poison+1"],"relics":["Ring of the Snake","Ancient Tea Set","Vajra","Runic Pyramid","Strawberry","Bag of Marbles","Pear","Sozu","FaceOfCleric","Toxic Egg 2","Incense Burner"],"potions_floor_usage":[16,20,20,29,50,50],"damage_taken":[{"damage":1,"enemies":"Cultist","floor":1,"turns":4},{"damage":0,"enemies":"2 Louse","floor":5,"turns":3},{"damage":0,"enemies":"Jaw Worm","floor":7,"turns":5},{"damage":25,"enemies":"Gremlin Nob","floor":11,"turns":5},{"damage":0,"enemies":"Gremlin Gang","floor":13,"turns":4},{"damage":2,"enemies":"2 Fungi Beasts","floor":14,"turns":3},{"damage":10,"enemies":"Slime Boss","floor":16,"turns":8},{"damage":4,"enemies":"Shell Parasite","floor":18,"turns":4},{"damage":2,"enemies":"2 Thieves","floor":20,"turns":4},{"damage":7,"enemies":"3 Cultists","floor":21,"turns":5},{"damage":43,"enemies":"Slavers","floor":23,"turns":6},{"damage":15,"enemies":"Snake Plant","floor":29,"turns":2},{"damage":10,"enemies":"Centurion and Healer","floor":30,"turns":5},{"damage":8,"enemies":"Snecko","floor":31,"turns":4},{"damage":67,"enemies":"Champ","floor":33,"turns":10},{"damage":14,"enemies":"Flame Bruiser 1 Orb","floor":35,"turns":4},{"damage":9,"enemies":"3 Shapes","floor":39,"turns":5},{"damage":25,"enemies":"3 Darklings","floor":41,"turns":6},{"damage":23,"enemies":"Spire Growth","floor":44,"turns":5},{"damage":21,"enemies":"Transient","floor":45,"turns":5},{"damage":0,"floor":46,"turns":5},{"damage":27,"enemies":"3 Darklings","floor":48,"turns":5},{"damage":42,"enemies":"Time Eater","floor":50,"turns":6}],"seed_played":"3760899299487891314","potions_obtained":[{"floor":7,"key":"GhostInAJar"},{"floor":14,"key":"Regen Potion"},{"floor":16,"key":"Block Potion"},{"floor":20,"key":"Strength Potion"},{"floor":21,"key":"Poison Potion"},{"floor":31,"key":"Strength Potion"},{"floor":33,"key":"SteroidPotion"}],"is_trial":false,"path_per_floor":["M","?","?","$","M","R","M","R","T","$","E","R","M","M","R","B",null,"M","$","M","M","?","E","?","?","T","R","$","M","M","M","R","B",null,"M","?","$","?","M","R","M","R","T","M","M","?","$","M","R","B"],"character_chosen":"THE_SILENT","items_purchased":["Noxious Fumes","Catalyst+1"],"campfire_rested":2,"item_purchase_floors":[4,47],"current_hp_per_floor":[69,58,58,58,62,62,66,66,66,66,45,45,49,51,51,60,70,70,70,70,67,49,27,27,27,37,37,37,26,30,30,49,10,66,58,50,50,50,54,54,48,48,48,34,28,37,37,27,48,21],"gold":51,"neow_bonus":"UPGRADE_CARD","is_prod":false,"is_daily":false,"chose_seed":false,"campfire_upgraded":7,"win_rate":0,"timestamp":1532248792,"path_taken":["M","?","?","$","?","R","M","R","T","?","E","R","M","M","R","BOSS","M","$","M","M","?","E","?","?","T","R","$","M","M","M","R","BOSS","M","?","$","?","M","R","M","R","T","M","M","?","$","M","R","BOSS"],"build_version":"2018-07-19v2","purchased_purges":4,"victory":true,"max_hp_per_floor":[70,70,70,70,70,70,70,70,70,70,70,70,70,70,70,70,70,70,70,70,70,49,56,56,56,66,66,66,66,66,66,66,66,66,66,66,66,66,67,67,68,68,68,69,70,71,71,72,72,73],"card_choices":[{"not_picked":["Prepared","Acrobatics"],"picked":"Cloak And Dagger","floor":1},{"not_picked":["Outmaneuver","Endless Agony"],"picked":"Cloak And Dagger","floor":5},{"not_picked":["Masterful Stab","Expertise"],"picked":"Noxious Fumes","floor":7},{"not_picked":["Flying Knee","Caltrops"],"picked":"Deadly Poison","floor":11},{"not_picked":["Acrobatics","Flechettes"],"picked":"Riddle With Holes","floor":13},{"not_picked":["Deadly Poison","Choke"],"picked":"Bane","floor":14},{"not_picked":["Die Die Die","After Image"],"picked":"Bullet Time","floor":16},{"not_picked":["Quick Slash","Prepared"],"picked":"PiercingWail+1","floor":18},{"not_picked":["Flechettes","Slice"],"picked":"Endless Agony","floor":20},{"not_picked":["Blade Dance","Deflect+1"],"picked":"Catalyst","floor":21},{"not_picked":["Deadly Poison","Quick Slash"],"picked":"Calculated Gamble+1","floor":23},{"not_picked":["Outmaneuver","Reflex","Eviscerate"],"picked":"SKIP","floor":29},{"not_picked":["Terror","Cloak And Dagger"],"picked":"Dagger Throw","floor":30},{"not_picked":["Caltrops","Heel Hook+1"],"picked":"Accuracy","floor":31},{"not_picked":["Adrenaline","After Image"],"picked":"Tools of the Trade","floor":33},{"not_picked":["Dodge and Roll","Bouncing Flask"],"picked":"Prepared+1","floor":35},{"not_picked":["Quick Slash","Flying Knee"],"picked":"Underhanded Strike+1","floor":39},{"not_picked":["Dagger Throw+1","Infinite Blades"],"picked":"Burst","floor":41},{"not_picked":["PiercingWail+1","Distraction+1"],"picked":"Catalyst+1","floor":44},{"not_picked":["Dodge and Roll+1","Poisoned Stab+1"],"picked":"Bane","floor":45},{"not_picked":["Sucker Punch+1","Terror+1"],"picked":"Infinite Blades+1","floor":46},{"not_picked":["Flying Knee","Dagger Throw"],"picked":"Crippling Poison+1","floor":48}],"player_experience":67443,"relics_obtained":[{"floor":9,"key":"Ancient Tea Set"},{"floor":11,"key":"Vajra"},{"floor":23,"key":"Strawberry"},{"floor":26,"key":"Pear"},{"floor":43,"key":"Toxic Egg 2"},{"floor":46,"key":"Incense Burner"}],"event_choices":[{"event_name":"World of Goop","player_choice":"Gather Gold","floor":2,"damage_taken":0},{"event_name":"Match and Keep!","player_choice":"2 cards matched","floor":3,"damage_taken":0},{"event_name":"Vampires","player_choice":"Became a vampire","floor":22,"damage_taken":0},{"event_name":"The Mausoleum","player_choice":"Yes","floor":24,"damage_taken":0},{"event_name":"Drug Dealer","player_choice":"Got JAXXED","floor":25,"damage_taken":0},{"event_name":"Winding Halls","player_choice":"Embrace Madness","floor":36,"damage_taken":0},{"event_name":"FaceTrader","player_choice":"Trade","floor":38,"damage_taken":0},{"event_name":"MindBloom","player_choice":"Fight","floor":46,"damage_taken":0}],"is_beta":false,"boss_relics":[{"not_picked":["HoveringKite","White Beast Statue"],"picked":"Runic Pyramid"},{"not_picked":["Busted Crown","WristBlade"],"picked":"Sozu"}],"items_purged_floors":[4,10,19,37],"is_endless":false,"potions_floor_spawned":[7,14,16,20,21,31,33,39,45],"ascension_level":0}