{"path_per_floor":["M","?","$","?","M","R","E","R","T","E","?","R","M","M","R","B",null,"M","?","M","M"],"character_chosen":"IRONCLAD","items_purchased":["Thunderclap"],"gold_per_floor":[116,116,64,64,80,80,114,114,114,147,180,180,196,216,216,340,340,329,329,354,372],"floor_reached":22,"campfire_rested":1,"playtime":1368,"current_hp_per_floor":[72,72,72,67,67,67,65,65,65,42,22,42,54,66,66,19,73,59,59,52,26],"items_purged":[],"gold":372,"score":213,"play_id":"d4c3e9e5-117e-4f1a-b25f-ca020faf1405","is_prod":false,"is_daily":false,"is_ascension_mode":true,"campfire_upgraded":3,"path_taken":["M","?","$","?","?","R","E","R","T","E","?","R","M","M","R","BOSS","M","?","M","?","M"],"build_version":"2018-02-22-PROD2","purchased_purges":0,"victory":false,"master_deck":["Strike_R","Strike_R","Strike_R","Strike_R","Defend_R","Defend_R","Defend_R","Defend_R","Bash+1","Pommel Strike+1","Thunderclap+1","Reaper","Seeing Red+1","Double Tap","Rampage","Armaments"],"max_hp_per_floor":[72,72,72,67,67,67,69,69,69,69,69,69,71,73,73,73,73,73,73,73,75],"relics":["Burning Blood","Champion Belt","Golden Idol","Singing Bowl","Omamori","Dead Branch","Odd Mushroom","Black Star"],"card_choices":[{"not_picked":["Juggernaut","Rage"],"picked":"Pommel Strike"},{"not_picked":["Infernal Blade","Power Through"],"picked":"Reaper"},{"not_picked":["Uppercut","Perfected Strike"],"picked":"Seeing Red"},{"not_picked":["Demon Form","Brutality"],"picked":"Double Tap"},{"not_picked":["Iron Wave","Inflame"],"picked":"Rampage"},{"not_picked":["Twin Strike","Flame Barrier"],"picked":"Armaments"}],"player_experience":316930,"potions_floor_usage":[16,16],"damage_taken":[{"damage":0,"enemies":"Small Slimes","floor":1,"turns":3},{"damage":4,"enemies":"Cultist","floor":5,"turns":3},{"damage":10,"enemies":"Gremlin Nob","floor":7,"turns":3},{"damage":29,"enemies":"3 Sentries","floor":10,"turns":8},{"damage":36,"enemies":"The Mushroom Lair","floor":11,"turns":4},{"damage":0,"enemies":"2 Louse","floor":13,"turns":2},{"damage":0,"enemies":"Red Slaver","floor":14,"turns":4},{"damage":62,"enemies":"The Guardian","floor":16,"turns":14},{"damage":20,"enemies":"2 Thieves","floor":18,"turns":4},{"damage":25,"enemies":"3 Byrds","floor":20,"turns":6},{"damage":54,"enemies":"Centurion and Healer","floor":21,"turns":9},{"damage":49,"enemies":"3 Cultists","floor":22,"turns":5}],"event_choices":[{"event_name":"Upgrade Shrine","player_choice":"Upgraded","floor":2,"damage_taken":0},{"event_name":"Golden Idol","player_choice":"Lose Max HP","floor":4,"damage_taken":0},{"event_name":"Mushrooms","player_choice":"Fought Mushrooms","floor":11,"damage_taken":0},{"event_name":"Purifier","player_choice":"One Purge","floor":19,"damage_taken":0}],"boss_relics":[{"not_picked":["Velvet Choker","Pandora\u0027s Box"],"picked":"Black Star"}],"potions_floor_spawned":[1,5,13,16,20],"seed_played":"-6586314648691254991","killed_by":"3 Cultists","ascension_level":2,"is_trial":false}