{"path_per_floor":["M","?","M","$","M","E","M","?","T","M","R","M","R","?","R","B",null,"M","?","?","?","M","R","E","?","T","M","M","R","$","?","R"],"character_chosen":"IRONCLAD","items_purchased":["Whirlwind","Gremlin Horn"],"gold_per_floor":[115,115,125,49,62,94,104,104,127,142,142,165,165,240,240,371,371,389,389,389,314,332,332,371,286,338,359,377,377,60,60,60],"floor_reached":33,"campfire_rested":2,"playtime":1402,"current_hp_per_floor":[80,80,80,80,80,29,35,15,15,9,33,39,39,37,61,13,80,80,80,80,80,80,80,60,60,60,50,54,54,54,54,54],"items_purged":["Strike_R"],"gold":60,"score":265,"play_id":"383e8953-f5d0-41d9-9a61-24e39ceea294","is_prod":false,"is_daily":false,"is_ascension_mode":false,"campfire_upgraded":4,"path_taken":["M","?","M","$","M","E","M","?","T","M","R","M","R","?","R","BOSS","M","?","?","?","?","R","E","?","T","M","M","R","$","?","R","BOSS"],"build_version":"2018-02-15-PROD1","purchased_purges":1,"victory":false,"master_deck":["Strike_R","Strike_R","Defend_R","Defend_R","Defend_R","Bash","Shrug It Off","Armaments+1","Whirlwind","Cleave","Flex+1","Metallicize+1","Havoc+1","Bash","Spot Weakness+1","Flex+1"],"max_hp_per_floor":[80,80,80,80,80,80,80,80,80,80,80,80,80,80,80,80,80,80,80,80,80,80,80,80,80,80,80,80,80,80,80,80],"relics":["Burning Blood","Pen Nib","Golden Idol","Bag of Marbles","Frozen Egg 2","Velvet Choker","Dream Catcher","Oddly Smooth Stone","Vajra","Gremlin Horn"],"card_choices":[{"not_picked":["Anger","Flame Barrier"],"picked":"Shrug It Off"},{"not_picked":["Warcry","Fiend Fire"],"picked":"Armaments"},{"not_picked":["Corruption","Battle Trance"],"picked":"Cleave"},{"not_picked":["Seeing Red","Demon Form"],"picked":"Flex"},{"not_picked":["Rage","Iron Wave"],"picked":"Metallicize"},{"not_picked":["Clothesline","Cleave"],"picked":"Spot Weakness"},{"not_picked":["Perfected Strike","Anger"],"picked":"Flex"}],"player_experience":113023,"potions_floor_usage":[6,16,24,33,33],"damage_taken":[{"damage":6,"enemies":"2 Louse","floor":1,"turns":2},{"damage":2,"enemies":"Small Slimes","floor":3,"turns":5},{"damage":1,"enemies":"Cultist","floor":5,"turns":5},{"damage":69,"enemies":"Lagavulin","floor":6,"turns":10},{"damage":0,"enemies":"Large Slime","floor":7,"turns":4},{"damage":12,"enemies":"Blue Slaver","floor":10,"turns":3},{"damage":0,"enemies":"3 Louse","floor":12,"turns":2},{"damage":8,"enemies":"3 Sentries","floor":14,"turns":5},{"damage":54,"enemies":"Slime Boss","floor":16,"turns":12},{"damage":6,"enemies":"Shell Parasite","floor":18,"turns":7},{"damage":0,"enemies":"2 Thieves","floor":22,"turns":1},{"damage":35,"enemies":"Book of Stabbing","floor":24,"turns":6},{"damage":16,"enemies":"Slaver and Parasite","floor":27,"turns":4},{"damage":2,"enemies":"3 Cultists","floor":28,"turns":3},{"damage":66,"enemies":"Collector","floor":33,"turns":7}],"event_choices":[{"event_name":"Living Wall","player_choice":"Forget","floor":2,"damage_taken":0},{"event_name":"Golden Idol","player_choice":"Take Damage","floor":8,"damage_taken":0},{"event_name":"Dead Adventurer","player_choice":"Searched \u00271\u0027 times","floor":14,"damage_taken":0},{"event_name":"Match and Keep!","player_choice":"2 cards matched","floor":19,"damage_taken":0},{"event_name":"Transmorgrifier","player_choice":"Transform","floor":20,"damage_taken":0},{"event_name":"Beggar","player_choice":"Gave Gold","floor":21,"damage_taken":0},{"event_name":"Addict","player_choice":"Obtained Relic","floor":25,"damage_taken":0},{"event_name":"Back to Basics","player_choice":"Elegance","floor":31,"damage_taken":0}],"boss_relics":[{"not_picked":["Tiny House","Runic Cube"],"picked":"Velvet Choker"}],"potions_floor_spawned":[3,6,10,14,18],"seed_played":"3958334106993187058","killed_by":"Collector","ascension_level":0,"is_trial":false}