{"gold_per_floor":[115,131,131,148,6,6,35,48,75,75,75,95,195,216,216,216],"floor_reached":16,"playtime":701,"items_purged":[],"score":102,"play_id":"4536d64d-10a7-4b45-8a93-ab2b2f1afeec","local_time":"20190210153817","is_ascension_mode":false,"campfire_choices":[{"data":"1","floor":6,"key":"LIFT"},{"data":"2","floor":10,"key":"LIFT"},{"data":"3","floor":15,"key":"LIFT"}],"neow_cost":"TEN_PERCENT_HP_LOSS","seed_source_timestamp":83882382571404,"circlet_count":0,"master_deck":["Strike_R","Strike_R","Strike_R","Strike_R","Strike_R","Defend_R","Defend_R","Defend_R","Defend_R","Bash+1","Armaments","Shrug It Off","Shockwave","Barricade","Battle Trance","Thunderclap","Armaments","Heavy Blade"],"relics":["Burning Blood","Girya","Anchor","PreservedInsect","Golden Idol"],"potions_floor_usage":[16,16],"damage_taken":[{"damage":6,"enemies":"Cultist","floor":1,"turns":3},{"damage":6,"enemies":"2 Louse","floor":2,"turns":3},{"damage":0,"enemies":"Small Slimes","floor":4,"turns":4},{"damage":42,"enemies":"3 Sentries","floor":7,"turns":14},{"damage":14,"enemies":"3 Louse","floor":8,"turns":7},{"damage":0,"enemies":"2 Fungi Beasts","floor":12,"turns":3},{"damage":2,"enemies":"Blue Slaver","floor":14,"turns":6},{"damage":38,"enemies":"Hexaghost","floor":16,"turns":12}],"seed_played":"-1195758457254624119","potions_obtained":[{"floor":1,"key":"Strength Potion"},{"floor":8,"key":"SpeedPotion"},{"floor":12,"key":"EssenceOfSteel"}],"is_trial":false,"path_per_floor":["M","M","?","M","$","R","E","M","T","R","?","M","?","M","R","B"],"character_chosen":"IRONCLAD","items_purchased":["Barricade","Battle Trance"],"campfire_rested":0,"item_purchase_floors":[5,5],"current_hp_per_floor":[72,72,72,72,72,72,36,28,28,28,28,34,34,38,38,0],"gold":216,"neow_bonus":"ONE_RARE_RELIC","is_prod":false,"is_daily":false,"chose_seed":false,"campfire_upgraded":0,"win_rate":0,"timestamp":1549834697,"path_taken":["M","M","?","M","$","R","E","?","T","R","?","M","?","M","R","BOSS"],"build_version":"2019-01-23","purchased_purges":0,"victory":false,"max_hp_per_floor":[72,72,72,72,72,72,72,72,72,72,67,67,67,67,67,67],"card_choices":[{"not_picked":["Rupture","Inflame"],"picked":"Armaments","floor":1},{"not_picked":["Seeing Red","Reckless Charge"],"picked":"Shrug It Off","floor":2},{"not_picked":["Hemokinesis","Twin Strike"],"picked":"Shockwave","floor":4},{"not_picked":["Carnage","Warcry","Hemokinesis"],"picked":"SKIP","floor":7},{"not_picked":["Blood for Blood","Seeing Red"],"picked":"Thunderclap","floor":8},{"not_picked":["Sentinel","Warcry"],"picked":"Armaments","floor":12},{"not_picked":["Hemokinesis","Sever Soul"],"picked":"Heavy Blade","floor":14}],"player_experience":145563,"relics_obtained":[{"floor":7,"key":"Anchor"},{"floor":9,"key":"PreservedInsect"}],"event_choices":[{"damage_healed":0,"gold_gain":0,"player_choice":"Forge","damage_taken":0,"max_hp_gain":0,"max_hp_loss":0,"event_name":"Accursed Blacksmith","floor":3,"gold_loss":0,"cards_upgraded":["Bash"]},{"damage_healed":0,"gold_gain":0,"player_choice":"Lose Max HP","damage_taken":0,"relics_obtained":["Golden Idol"],"max_hp_gain":0,"max_hp_loss":5,"event_name":"Golden Idol","floor":11,"gold_loss":0},{"damage_healed":0,"gold_gain":100,"player_choice":"Pray","damage_taken":0,"max_hp_gain":0,"max_hp_loss":0,"event_name":"Golden Shrine","floor":13,"gold_loss":0}],"is_beta":false,"boss_relics":[],"items_purged_floors":[],"is_endless":false,"potions_floor_spawned":[1,8,12],"killed_by":"Hexaghost","ascension_level":0}