{"gold_per_floor":[116,116,116,41,60,86,86,143,168,168,60,82,82,97,97,97],"floor_reached":16,"playtime":448,"items_purged":["Defend_R","Strike_R"],"score":143,"play_id":"d2f50f93-0418-4813-aee8-15f33854e54b","local_time":"20180710183227","is_ascension_mode":true,"campfire_choices":[{"data":"Whirlwind","floor":7,"key":"SMITH"},{"data":"Clash","floor":10,"key":"SMITH"},{"data":"Dual Wield","floor":13,"key":"SMITH"},{"data":"True Grit","floor":15,"key":"SMITH"}],"neow_cost":"","seed_source_timestamp":30075886633401,"circlet_count":0,"master_deck":["Strike_R","Strike_R","Strike_R","Strike_R","Defend_R","Defend_R+1","Defend_R+1","Bash","Clash+1","Whirlwind+1","Dual Wield+1","Thunderclap","True Grit+1"],"relics":["Burning Blood","War Paint","The Courier","Tiny Chest","Bronze Scales","Odd Mushroom"],"potions_floor_usage":[8,12,16],"damage_taken":[{"damage":7,"enemies":"2 Louse","floor":1,"turns":5},{"damage":6,"enemies":"Cultist","floor":5,"turns":3},{"damage":25,"enemies":"3 Sentries","floor":6,"turns":12},{"damage":20,"enemies":"Gremlin Nob","floor":8,"turns":4},{"damage":0,"floor":12,"turns":2},{"damage":0,"enemies":"Small Slimes","floor":14,"turns":2},{"damage":47,"enemies":"Slime Boss","floor":16,"turns":6}],"seed_played":"3818060270779695254","potions_obtained":[{"floor":6,"key":"FearPotion"},{"floor":8,"key":"Fire Potion"},{"floor":14,"key":"Explosive Potion"}],"is_trial":false,"path_per_floor":["M","?","?","$","M","E","R","E","T","R","$","?","R","M","R"],"character_chosen":"IRONCLAD","items_purchased":["Dual Wield"],"campfire_rested":0,"item_purchase_floors":[11],"current_hp_per_floor":[71,64,64,64,64,45,45,31,31,31,31,37,37,43,43,0],"gold":97,"neow_bonus":"","is_prod":false,"is_daily":false,"chose_seed":false,"campfire_upgraded":4,"win_rate":0,"timestamp":1531258347,"path_taken":["M","?","?","$","M","E","R","E","T","R","$","?","R","M","R","BOSS"],"build_version":"2018-07-09","purchased_purges":2,"victory":false,"max_hp_per_floor":[80,80,80,80,80,80,80,80,80,80,80,80,80,80,80,80],"card_choices":[{"not_picked":["Feel No Pain","Body Slam"],"picked":"Clash","floor":1},{"not_picked":["Twin Strike","Body Slam","Entrench"],"picked":"SKIP","floor":5},{"not_picked":["True Grit","Fiend Fire"],"picked":"Whirlwind","floor":6},{"not_picked":["Searing Blow","Clothesline","Battle Trance"],"picked":"SKIP","floor":8},{"not_picked":["Reckless Charge","Warcry"],"picked":"Thunderclap","floor":12},{"not_picked":["Clothesline","Havoc"],"picked":"True Grit","floor":14}],"player_experience":818737,"relics_obtained":[{"floor":6,"key":"The Courier"},{"floor":8,"key":"Tiny Chest"},{"floor":9,"key":"Bronze Scales"},{"floor":12,"key":"Odd Mushroom"}],"event_choices":[{"event_name":"Scrap Ooze","player_choice":"success","floor":2,"damage_taken":7},{"event_name":"Liars Game","player_choice":"disagreed","floor":3,"damage_taken":0},{"event_name":"Mushrooms","player_choice":"Fought Mushrooms","floor":12,"damage_taken":0}],"boss_relics":[],"items_purged_floors":[4,11],"is_endless":false,"potions_floor_spawned":[6,8,14],"killed_by":"Slime Boss","ascension_level":7}