{"gold_per_floor":[119,119,67,82,96,122,122,153,153,181,193],"floor_reached":11,"playtime":483,"items_purged":[],"score":109,"play_id":"e47b0f28-2aa0-48b3-8ec8-c971ae69de1e","local_time":"20190215011417","is_ascension_mode":true,"campfire_choices":[{"data":"Mind Blast","floor":7,"key":"SMITH"}],"neow_cost":"CURSE","seed_source_timestamp":54557116671605,"circlet_count":0,"master_deck":["Strike_B","Strike_B","Strike_B","Strike_B","Defend_B","Defend_B","Defend_B","Defend_B","Zap","Dualcast","Mind Blast+1","Swift Strike","Aggregate","Sweeping Beam","Go for the Eyes","Redo","Hello World","Gash","Streamline"],"relics":["Cracked Core","Bag of Marbles","Mummified Hand","Bottled Tornado","MawBank"],"potions_floor_usage":[6,10,11],"damage_taken":[{"damage":7,"enemies":"Small Slimes","floor":1,"turns":2},{"damage":6,"enemies":"Cultist","floor":4,"turns":3},{"damage":0,"enemies":"Jaw Worm","floor":5,"turns":3},{"damage":32,"enemies":"Lagavulin","floor":6,"turns":6},{"damage":22,"enemies":"Gremlin Nob","floor":8,"turns":4},{"damage":22,"enemies":"3 Sentries","floor":10,"turns":4},{"damage":1,"enemies":"Lots of Slimes","floor":11,"turns":1}],"seed_played":"5328464649041804412","potions_obtained":[{"floor":1,"key":"Regen Potion"},{"floor":5,"key":"GamblersBrew"},{"floor":8,"key":"Fire Potion"},{"floor":10,"key":"GamblersBrew"}],"is_trial":false,"path_per_floor":["M","?","$","M","M","E","R","E","T","E","M"],"character_chosen":"DEFECT","items_purchased":["Sweeping Beam"],"campfire_rested":0,"item_purchase_floors":[3],"current_hp_per_floor":[68,68,68,62,62,45,45,23,23,1,0],"gold":193,"neow_bonus":"RANDOM_COLORLESS_2","is_prod":false,"is_daily":false,"chose_seed":false,"campfire_upgraded":1,"win_rate":0,"timestamp":1550222057,"path_taken":["M","?","$","?","M","E","R","E","T","E","M"],"build_version":"2019-01-23","purchased_purges":0,"victory":false,"max_hp_per_floor":[75,75,75,75,75,75,75,75,75,75,75],"card_choices":[{"not_picked":["Steam","Steam Power"],"picked":"Aggregate","floor":1},{"not_picked":["Turbo","Hologram"],"picked":"Go for the Eyes","floor":4},{"not_picked":["Steam","Turbo"],"picked":"Redo","floor":5},{"not_picked":["Conserve Battery","Compile Driver"],"picked":"Hello World","floor":6},{"not_picked":["Go for the Eyes","Biased Cognition"],"picked":"Gash","floor":8},{"not_picked":["Turbo","Steam"],"picked":"Streamline","floor":10}],"player_experience":285589,"relics_obtained":[{"floor":6,"key":"Bag of Marbles"},{"floor":8,"key":"Mummified Hand"},{"floor":9,"key":"Bottled Tornado"},{"floor":10,"key":"MawBank"}],"event_choices":[{"cards_removed":["Pain"],"damage_healed":0,"gold_gain":0,"player_choice":"Purged","damage_taken":0,"max_hp_gain":0,"max_hp_loss":0,"event_name":"Purifier","floor":2,"gold_loss":0}],"is_beta":false,"boss_relics":[],"items_purged_floors":[],"is_endless":false,"potions_floor_spawned":[1,5,8,10],"killed_by":"Lots of Slimes","ascension_level":4}