{"gold_per_floor":[116,129,129,148,148,148,176,191,191,191,202,213,163,181,181,277,277,296,106,122,122,132,132,144,144,193,206,305,305,56,82,82,82],"floor_reached":33,"playtime":1096,"items_purged":["Strike_R","Havoc"],"score":349,"play_id":"2c846244-a49c-4466-a47b-6e772fd34046","local_time":"20180726151336","is_ascension_mode":true,"campfire_choices":[{"data":"Flex","floor":6,"key":"SMITH"},{"floor":10,"key":"REST"},{"floor":15,"key":"REST"},{"data":"Limit Break","floor":23,"key":"SMITH"},{"floor":25,"key":"REST"},{"data":"True Grit","floor":29,"key":"SMITH"},{"floor":32,"key":"REST"}],"neow_cost":"NONE","seed_source_timestamp":16107650646078,"circlet_count":0,"master_deck":["Strike_R","Strike_R+1","Strike_R","Strike_R+1","Defend_R","Defend_R","Defend_R","Bash+1","Rampage+1","Flex+1","Headbutt","Offering","Limit Break+1","Flash of Steel","Twin Strike","Sword Boomerang","Clash","True Grit+1"],"relics":["Burning Blood","Unceasing Top","Mango","Runic Dome","Blood Vial","Vajra","Whetstone"],"potions_floor_usage":[7,16,20,27,33],"damage_taken":[{"damage":16,"enemies":"Cultist","floor":1,"turns":4},{"damage":15,"enemies":"Small Slimes","floor":2,"turns":3},{"damage":0,"enemies":"2 Louse","floor":4,"turns":2},{"damage":27,"enemies":"3 Sentries","floor":7,"turns":5},{"damage":21,"enemies":"Lots of Slimes","floor":8,"turns":5},{"damage":11,"enemies":"Looter","floor":11,"turns":2},{"damage":26,"enemies":"Exordium Thugs","floor":12,"turns":4},{"damage":14,"enemies":"2 Fungi Beasts","floor":14,"turns":2},{"damage":11,"enemies":"Slime Boss","floor":16,"turns":6},{"damage":7,"enemies":"Chosen","floor":18,"turns":2},{"damage":23,"enemies":"3 Byrds","floor":20,"turns":4},{"damage":23,"enemies":"Centurion and Healer","floor":22,"turns":3},{"damage":43,"enemies":"Snake Plant","floor":24,"turns":3},{"damage":12,"enemies":"Cultist and Chosen","floor":27,"turns":3},{"damage":86,"enemies":"Champ","floor":33,"turns":6}],"seed_played":"4972280637152549218","potions_obtained":[{"floor":2,"key":"AttackPotion"},{"floor":11,"key":"Strength Potion"},{"floor":12,"key":"Swift Potion"},{"floor":14,"key":"Block Potion"},{"floor":16,"key":"SkillPotion"},{"floor":22,"key":"Swift Potion"}],"is_trial":false,"path_per_floor":["M","M","?","M","?","R","E","M","T","R","M","M","?","M","R","B",null,"M","$","M","?","M","R","M","R","T","M","?","R","$","T","R"],"character_chosen":"IRONCLAD","items_purchased":["Flash of Steel","Havoc","Vajra"],"campfire_rested":4,"item_purchase_floors":[19,19,30],"current_hp_per_floor":[62,53,53,59,59,59,38,23,37,65,60,40,40,32,60,55,84,83,83,66,66,49,49,12,40,40,36,36,36,36,36,64,0],"gold":82,"neow_bonus":"UPGRADE_CARD","is_prod":false,"is_daily":false,"chose_seed":false,"campfire_upgraded":3,"win_rate":0,"timestamp":1532628816,"path_taken":["M","M","?","M","?","R","E","M","T","R","M","M","?","M","R","BOSS","M","$","?","?","M","R","M","R","T","M","?","R","?","?","R","BOSS"],"build_version":"2018-07-25","purchased_purges":2,"victory":false,"max_hp_per_floor":[80,80,80,80,80,80,80,80,94,94,94,94,94,94,94,94,94,94,94,94,94,94,94,94,94,94,94,94,94,94,94,94,94],"card_choices":[{"not_picked":["Heavy Blade","Rupture","Bloodletting"],"picked":"SKIP","floor":1},{"not_picked":["Battle Trance","Sever Soul"],"picked":"Rampage","floor":2},{"not_picked":["Sentinel","Pommel Strike"],"picked":"Flex","floor":4},{"not_picked":["Combust","Inflame","Body Slam"],"picked":"SKIP","floor":7},{"not_picked":["Twin Strike","Infernal Blade"],"picked":"Headbutt","floor":8},{"not_picked":["Havoc","Iron Wave"],"picked":"Offering","floor":11},{"not_picked":["Bloodletting","Shrug It Off","Metallicize"],"picked":"SKIP","floor":12},{"not_picked":["Ghostly Armor","Sentinel","Shrug It Off"],"picked":"SKIP","floor":14},{"not_picked":["Feed","Double Tap"],"picked":"Limit Break","floor":16},{"not_picked":["Headbutt","Wild Strike","Pommel Strike"],"picked":"SKIP","floor":18},{"not_picked":["Bloodletting+1","Rupture+1"],"picked":"Twin Strike","floor":20},{"not_picked":["Twin Strike+1","Clothesline"],"picked":"Sword Boomerang","floor":22},{"not_picked":["Battle Trance","Anger"],"picked":"Clash","floor":24},{"not_picked":["Sever Soul","Iron Wave+1"],"picked":"True Grit","floor":27}],"player_experience":840885,"relics_obtained":[{"floor":7,"key":"Unceasing Top"},{"floor":9,"key":"Mango"},{"floor":26,"key":"Blood Vial"},{"floor":31,"key":"Whetstone"}],"event_choices":[{"event_name":"Purifier","player_choice":"One Purge","floor":3,"damage_taken":0},{"event_name":"Accursed Blacksmith","player_choice":"Forge","floor":5,"damage_taken":0},{"event_name":"The Cleric","player_choice":"Card Removal","floor":13,"damage_taken":0},{"event_name":"The Woman in Blue","player_choice":"Bought 0 Potions","floor":21,"damage_taken":0},{"event_name":"Nest","player_choice":"Stole From Cult","floor":28,"damage_taken":0}],"is_beta":true,"boss_relics":[{"not_picked":["Coffee Dripper","Eternal Feather"],"picked":"Runic Dome"}],"items_purged_floors":[19,30],"is_endless":false,"potions_floor_spawned":[2,11,12,14,16,22],"killed_by":"Champ","ascension_level":8}