{"gold_per_floor":[115,65,85,35,35,35,49,84,133,133,133,7,7,7,7,7],"floor_reached":16,"playtime":558,"items_purged":["Mind Blast"],"score":154,"play_id":"8c25fd68-66e1-452a-aab7-5c6c4f871f7a","local_time":"20190122164525","is_ascension_mode":true,"campfire_choices":[{"data":"Perfected Strike","floor":6,"key":"SMITH"},{"floor":13,"key":"REST"},{"data":"Clothesline","floor":15,"key":"SMITH"}],"neow_cost":"TEN_PERCENT_HP_LOSS","seed_source_timestamp":19182326304514,"circlet_count":0,"master_deck":["AscendersBane","Strike_R","Strike_R","Strike_R","Strike_R","Strike_R","Defend_R+1","Defend_R+1","Bash","Finesse","Perfected Strike","Clothesline+1","Perfected Strike+1","Shrug It Off"],"relics":["Burning Blood","Blood Vial","Juzu Bracelet"],"potions_floor_usage":[16,16],"damage_taken":[{"damage":12,"enemies":"Small Slimes","floor":1,"turns":4},{"damage":2,"enemies":"2 Louse","floor":3,"turns":4},{"damage":0,"enemies":"Cultist","floor":7,"turns":2},{"damage":40,"enemies":"Lagavulin","floor":8,"turns":7},{"damage":40,"enemies":"Hexaghost","floor":16,"turns":9}],"seed_played":"7229221604807583381","potions_obtained":[{"floor":1,"key":"PowerPotion"},{"floor":7,"key":"AttackPotion"}],"is_trial":false,"path_per_floor":["?","?","?","?","$","?"],"character_chosen":"IRONCLAD","items_purchased":["Perfected Strike","FearPotion"],"campfire_rested":1,"item_purchase_floors":[4,12],"current_hp_per_floor":[66,66,70,70,56,56,62,28,28,21,21,21,42,42,42,4],"gold":7,"neow_bonus":"RANDOM_COLORLESS_2","is_prod":false,"is_daily":false,"chose_seed":false,"campfire_upgraded":2,"win_rate":0,"timestamp":1548182725,"path_taken":["M","?","M","$","?","R","M","E","T","?","?","?","R","?","R","BOSS"],"build_version":"2019-01-20","purchased_purges":1,"victory":false,"max_hp_per_floor":[72,72,72,72,72,72,72,72,72,72,72,72,72,72,72,72],"card_choices":[{"not_picked":["Armaments","Entrench"],"picked":"Perfected Strike","floor":1},{"not_picked":["Flex","Iron Wave"],"picked":"Clothesline","floor":3},{"not_picked":["Anger","Sword Boomerang","Pommel Strike"],"picked":"SKIP","floor":7},{"not_picked":["Havoc","Pommel Strike"],"picked":"Shrug It Off","floor":8}],"player_experience":937315,"relics_obtained":[{"floor":8,"key":"Blood Vial"},{"floor":9,"key":"Juzu Bracelet"}],"event_choices":[{"cards_removed":["Defend_R"],"damage_healed":0,"gold_gain":0,"player_choice":"Card Removal","damage_taken":0,"max_hp_gain":0,"max_hp_loss":0,"event_name":"The Cleric","floor":2,"gold_loss":50},{"damage_healed":0,"gold_gain":0,"player_choice":"Entered Light","damage_taken":14,"max_hp_gain":0,"max_hp_loss":0,"event_name":"Shining Light","floor":5,"gold_loss":0,"cards_upgraded":["Defend_R","Defend_R"]},{"cards_removed":["Defend_R"],"damage_healed":0,"gold_gain":0,"player_choice":"Card Removal","damage_taken":7,"max_hp_gain":0,"max_hp_loss":0,"event_name":"Golden Wing","floor":10,"gold_loss":0},{"damage_healed":0,"gold_gain":0,"player_choice":"Ignored","damage_taken":0,"max_hp_gain":0,"max_hp_loss":0,"event_name":"Golden Idol","floor":11,"gold_loss":0},{"damage_healed":0,"gold_gain":0,"player_choice":"Ignored","damage_taken":0,"max_hp_gain":0,"max_hp_loss":0,"event_name":"Liars Game","floor":14,"gold_loss":0}],"is_beta":true,"boss_relics":[],"items_purged_floors":[12],"is_endless":false,"potions_floor_spawned":[1,7],"killed_by":"Hexaghost","ascension_level":12}