{"gold_per_floor":[109,5,18,18,18,18,38,38,65,65,15,35,60,75,75,196,196,211,211,58,78,3,17,36,36,62,62],"floor_reached":27,"playtime":2041,"items_purged":["Strike_B"],"score":226,"play_id":"501ecb7f-ad28-4e0c-8579-b43c8742ce94","local_time":"20190315025435","is_ascension_mode":true,"campfire_choices":[{"data":"Zap","floor":6,"key":"SMITH"},{"data":"Coolheaded","floor":10,"key":"SMITH"},{"floor":15,"key":"REST"},{"floor":25,"key":"REST"}],"neow_cost":"NONE","seed_source_timestamp":162415954541986,"circlet_count":0,"master_deck":["Strike_B+1","Strike_B+1","Defend_B","Defend_B","Defend_B","Defend_B","Zap+1","Dualcast","Chill","Beam Cell","Loop+1","Coolheaded+1","Redo","Conserve Battery","Blizzard","Gash","Core Surge","Aggregate","Double Energy","Gash+1","Leap","Hologram","Clumsy"],"relics":["Cracked Core","Golden Idol","Happy Flower","Cursed Key","Omamori"],"potions_floor_usage":[16,24],"damage_taken":[{"damage":0,"enemies":"2 Louse","floor":1,"turns":1},{"damage":7,"enemies":"Jaw Worm","floor":3,"turns":3},{"damage":0,"enemies":"Small Slimes","floor":7,"turns":2},{"damage":8,"enemies":"2 Fungi Beasts","floor":12,"turns":3},{"damage":8,"enemies":"3 Louse","floor":13,"turns":3},{"damage":17,"enemies":"Lots of Slimes","floor":14,"turns":4},{"damage":26,"enemies":"Slime Boss","floor":16,"turns":13},{"damage":18,"enemies":"Shell Parasite","floor":18,"turns":4},{"damage":11,"enemies":"3 Byrds","floor":21,"turns":7},{"damage":34,"enemies":"Snake Plant","floor":23,"turns":5},{"damage":8,"enemies":"Cultist and Chosen","floor":24,"turns":7},{"damage":50,"enemies":"Centurion and Healer","floor":27,"turns":13}],"seed_played":"-7523271116277722611","potions_obtained":[{"floor":1,"key":"FearPotion"},{"floor":7,"key":"Dexterity Potion"},{"floor":13,"key":"Block Potion"},{"floor":18,"key":"Poison Potion"}],"is_trial":false,"path_per_floor":["M","$","M","?","?","R","M","?","T","R","$","M","M","M","R","B",null,"M","?","$","M","?","M","M","R","T","M"],"character_chosen":"DEFECT","items_purchased":["Chill","Beam Cell","Redo","Double Energy"],"campfire_rested":2,"item_purchase_floors":[2,2,11,20],"current_hp_per_floor":[82,82,75,75,59,59,59,39,39,39,39,31,23,6,30,4,82,64,64,64,53,53,19,11,35,35,0],"gold":62,"neow_bonus":"TEN_PERCENT_HP_BONUS","is_prod":false,"is_daily":false,"chose_seed":false,"campfire_upgraded":2,"win_rate":0,"timestamp":1552632875,"path_taken":["M","$","M","?","?","R","M","?","T","R","$","M","M","M","R","BOSS","M","?","$","M","?","M","M","R","T","M"],"build_version":"2019-01-23","purchased_purges":1,"victory":false,"max_hp_per_floor":[82,82,82,82,82,82,82,82,82,82,82,82,82,82,82,82,82,82,82,82,82,82,82,82,82,82,82],"card_choices":[{"not_picked":["Steam Power","Melter","Heatsinks"],"picked":"SKIP","floor":1},{"not_picked":["Stack","Beam Cell"],"picked":"Loop","floor":3},{"not_picked":["Undo","Force Field"],"picked":"Coolheaded","floor":7},{"not_picked":["Barrage","Sweeping Beam"],"picked":"Conserve Battery","floor":12},{"not_picked":["Sunder","Barrage"],"picked":"Blizzard","floor":13},{"not_picked":["Leap","Undo"],"picked":"Gash","floor":14},{"not_picked":["Reboot","Multi-Cast"],"picked":"Core Surge","floor":16},{"not_picked":["Conserve Battery","Static Discharge"],"picked":"Aggregate","floor":18},{"not_picked":["Compile Driver","Streamline+1"],"picked":"Gash+1","floor":21},{"not_picked":["Storm","Redo"],"picked":"Leap","floor":23},{"not_picked":["Darkness+1","Barrage+1"],"picked":"Hologram","floor":24}],"player_experience":1238835,"relics_obtained":[{"floor":9,"key":"Happy Flower"},{"floor":26,"key":"Omamori"}],"event_choices":[{"damage_healed":0,"gold_gain":0,"player_choice":"Grow","damage_taken":0,"max_hp_gain":0,"max_hp_loss":0,"event_name":"Living Wall","floor":4,"gold_loss":0,"cards_upgraded":["Loop"]},{"damage_healed":0,"gold_gain":0,"player_choice":"Entered Light","damage_taken":16,"max_hp_gain":0,"max_hp_loss":0,"event_name":"Shining Light","floor":5,"gold_loss":0,"cards_upgraded":["Strike_B","Strike_B"]},{"damage_healed":0,"gold_gain":0,"player_choice":"Take Damage","damage_taken":20,"relics_obtained":["Golden Idol"],"max_hp_gain":0,"max_hp_loss":0,"event_name":"Golden Idol","floor":8,"gold_loss":0},{"cards_removed":["Strike_B"],"damage_healed":0,"gold_gain":0,"player_choice":"Gave Gold","damage_taken":0,"max_hp_gain":0,"max_hp_loss":0,"event_name":"Beggar","floor":22,"gold_loss":75}],"is_beta":false,"boss_relics":[{"not_picked":["Nuclear Battery","Orrery"],"picked":"Cursed Key"}],"items_purged_floors":[20],"is_endless":false,"potions_floor_spawned":[1,7,13,14,18],"killed_by":"Centurion and Healer","ascension_level":2}