{"gold_per_floor":[17,17,17,27,42,42,70,86,86,86,116,116,135,168,168,273,273,283,66,66,18,38,38,66,66,117,149,149,149,149,11,11,111,111,131,105,120,133,133,151,151,183,183,58,88,103,114,36,36,36],"floor_reached":51,"playtime":2396,"items_purged":["Strike_R","Strike_R","Strike_R"],"score":958,"play_id":"499564a8-1bd7-4f6f-916b-880687948580","local_time":"20190228132632","is_ascension_mode":true,"campfire_choices":[{"data":"Trip","floor":6.0,"key":"SMITH"},{"data":"Clothesline","floor":10.0,"key":"SMITH"},{"data":"Flame Barrier","floor":12.0,"key":"SMITH"},{"floor":15.0,"key":"REST"},{"data":"Feed","floor":23,"key":"SMITH"},{"data":"Spot Weakness","floor":25,"key":"SMITH"},{"data":"Sword Boomerang","floor":30,"key":"SMITH"},{"data":"Uppercut","floor":32,"key":"SMITH"},{"floor":41,"key":"REST"},{"floor":49,"key":"REST"}],"neow_cost":"NO_GOLD","seed_source_timestamp":89527000420003,"circlet_count":0,"master_deck":["Defend_R","Defend_R+1","Defend_R","Defend_R+1","Bash+1","Madness+1","Trip+1","Pommel Strike+1","Thunderclap","Sword Boomerang+1","Clothesline+1","Flame Barrier+1","Feed+1","Twin Strike","Exhume","Spot Weakness+1","Finesse","Headbutt","Demon Form+1","Shrug It Off","Metallicize+1","Uppercut+1","Reaper","Rage+1","Sword Boomerang+1","Limit Break","Battle Trance+1","Offering","Havoc+1","Twin Strike+1","Metallicize+1"],"special_seed":0,"relics":["Burning Blood","Frozen Egg 2","Bottled Flame","Self Forming Clay","Darkstone Periapt","Bag of Preparation","Sozu","Singing Bowl","War Paint","Matryoshka","Question Card","Fusion Hammer","Gambling Chip","Lantern","Whetstone"],"potions_floor_usage":[],"damage_taken":[{"damage":5.0,"enemies":"2 Louse","floor":1.0,"turns":3.0},{"damage":2.0,"enemies":"Jaw Worm","floor":4.0,"turns":3.0},{"damage":5.0,"enemies":"Small Slimes","floor":5.0,"turns":3.0},{"damage":35.0,"enemies":"Gremlin Nob","floor":7.0,"turns":4.0},{"damage":0.0,"enemies":"Gremlin Gang","floor":8.0,"turns":3.0},{"damage":22.0,"enemies":"Lagavulin","floor":11.0,"turns":5.0},{"damage":4.0,"enemies":"Blue Slaver","floor":13.0,"turns":4.0},{"damage":15.0,"enemies":"3 Sentries","floor":14.0,"turns":5.0},{"damage":36.0,"enemies":"Slime Boss","floor":16.0,"turns":9.0},{"damage":1,"enemies":"3 Byrds","floor":18,"turns":5},{"damage":5,"enemies":"Chosen","floor":22,"turns":4},{"damage":25,"enemies":"Gremlin Leader","floor":24,"turns":5},{"damage":26,"enemies":"Book of Stabbing","floor":27,"turns":4},{"damage":22,"enemies":"Champ","floor":33,"turns":9},{"damage":15,"enemies":"3 Darklings","floor":35,"turns":6},{"damage":11,"enemies":"3 Shapes","floor":37,"turns":6},{"damage":46,"enemies":"Jaw Worm Horde","floor":38,"turns":7},{"damage":15,"enemies":"3 Darklings","floor":40,"turns":4},{"damage":55,"enemies":"Nemesis","floor":42,"turns":7},{"damage":11,"enemies":"Giant Head","floor":45,"turns":5},{"damage":36,"enemies":"Writhing Mass","floor":46,"turns":2},{"damage":29,"enemies":"Sphere and 2 Shapes","floor":47,"turns":4},{"damage":69,"enemies":"Awakened One","floor":50,"turns":8}],"seed_played":"7103206861709857433","potions_obtained":[{"floor":1.0,"key":"Energy Potion"},{"floor":5.0,"key":"BloodPotion"},{"floor":7.0,"key":"FearPotion"},{"floor":14.0,"key":"EssenceOfSteel"}],"is_trial":false,"path_per_floor":["M","?","?","M","M","R","E","M","T","R","E","R","M","E","R","B",null,"M","$","?","$","M","R","E","R","T","E","?","?","R","$","R","B",null,"M","$","M","M","?","M","R","E","T","$","E","M","M","$","R","B",null],"character_chosen":"IRONCLAD","items_purchased":["Finesse","Headbutt","Shrug It Off","Uppercut","Sword Boomerang","Metallicize+1"],"campfire_rested":3,"item_purchase_floors":[19,19,21,31,36,48],"current_hp_per_floor":[80,73,57,61,62,62,41,47,47,47,31,31,33,24,48,21,83,86,86,86,86,86,86,73,73,73,53,53,83,83,83,83,67,92,90,90,92,60,60,85,94,54,54,54,49,35,43,43,74,35],"gold":36,"neow_bonus":"RANDOM_COLORLESS_2","is_prod":false,"is_daily":false,"chose_seed":false,"campfire_upgraded":7,"win_rate":0,"timestamp":1551381992,"path_taken":["M","?","?","M","M","R","E","M","T","R","E","R","M","E","R","BOSS","M","$","?","$","?","R","E","R","T","E","?","?","R","?","R","BOSS","M","$","M","?","?","?","R","E","T","$","E","M","M","$","R","BOSS"],"build_version":"2019-01-23","purchased_purges":3,"victory":true,"max_hp_per_floor":[80,80,80,80,80,80,80,80,80,80,80,80,80,80,80,83,83,86,86,86,86,86,86,92,92,92,92,92,92,92,92,92,92,92,92,92,92,92,92,94,94,96,96,96,96,100,104,104,104,104],"card_choices":[{"not_picked":["Havoc","Rupture"],"picked":"Pommel Strike","floor":1.0},{"not_picked":["Body Slam","Warcry"],"picked":"Thunderclap","floor":4.0},{"not_picked":["Wild Strike","Bloodletting"],"picked":"Sword Boomerang","floor":5.0},{"not_picked":["Fiend Fire","Thunderclap","Havoc"],"picked":"SKIP","floor":7.0},{"not_picked":["Headbutt","Disarm"],"picked":"Clothesline","floor":8.0},{"not_picked":["Anger","Twin Strike"],"picked":"Flame Barrier","floor":11.0},{"not_picked":["Wild Strike","Power Through"],"picked":"Feed","floor":13.0},{"not_picked":["Thunderclap","Iron Wave"],"picked":"Twin Strike","floor":14.0},{"not_picked":["Fiend Fire","Limit Break"],"picked":"Exhume","floor":16.0},{"not_picked":["Wild Strike","Evolve+1"],"picked":"Spot Weakness","floor":18},{"not_picked":["Second Wind","Heavy Blade","Thunderclap"],"picked":"SKIP","floor":22},{"not_picked":["Demon Form+1","Armaments","Infernal Blade"],"picked":"Singing Bowl","floor":24},{"not_picked":["Intimidate","Clash"],"picked":"Metallicize+1","floor":27},{"not_picked":["Limit Break","Fiend Fire","Immolate"],"picked":"Reaper","floor":33},{"not_picked":["Perfected Strike","Thunderclap+1","Wild Strike+1"],"picked":"Rage+1","floor":35},{"not_picked":["True Grit","Perfected Strike+1","Body Slam"],"picked":"Limit Break","floor":37},{"not_picked":["Flame Barrier","Entrench+1","Pommel Strike"],"picked":"Battle Trance+1","floor":38},{"not_picked":["Anger+1","Headbutt+1","Shrug It Off+1","Perfected Strike"],"picked":"Singing Bowl","floor":40},{"not_picked":["Sever Soul","Iron Wave","Burning Pact+1","Exhume"],"picked":"Singing Bowl","floor":42},{"not_picked":["Wild Strike","Clash","Sever Soul+1"],"picked":"Offering","floor":45},{"not_picked":["Heavy Blade","Uppercut+1","Armaments+1"],"picked":"Havoc+1","floor":46},{"not_picked":["Sentinel+1","Clothesline","Rupture+1"],"picked":"Twin Strike+1","floor":47}],"player_experience":273875,"relics_obtained":[{"floor":7.0,"key":"Bottled Flame"},{"floor":9.0,"key":"Self Forming Clay"},{"floor":11.0,"key":"Darkstone Periapt"},{"floor":14.0,"key":"Bag of Preparation"},{"floor":24,"key":"Singing Bowl"},{"floor":26,"key":"War Paint"},{"floor":27,"key":"Matryoshka"},{"floor":42,"key":"Gambling Chip"},{"floor":43,"key":"Lantern"},{"floor":45,"key":"Whetstone"}],"event_choices":[{"damage_healed":0.0,"max_hp_gain":0.0,"max_hp_loss":0.0,"gold_gain":0.0,"event_name":"Scrap Ooze","player_choice":"Success","floor":2.0,"gold_loss":0.0,"damage_taken":7.0,"relics_obtained":["Frozen Egg 2"]},{"damage_healed":0.0,"max_hp_gain":0.0,"max_hp_loss":0.0,"gold_gain":0.0,"event_name":"Shining Light","player_choice":"Entered Light","floor":3.0,"gold_loss":0.0,"damage_taken":16.0,"cards_upgraded":["Pommel Strike","Madness"]},{"damage_healed":0,"gold_gain":0,"cards_transformed":["Strike_R"],"player_choice":"Transformed","damage_taken":0,"max_hp_gain":0,"max_hp_loss":0,"event_name":"Transmorgrifier","floor":20,"gold_loss":0,"cards_obtained":["Demon Form"]},{"damage_healed":0,"gold_gain":0,"player_choice":"Opened","damage_taken":0,"relics_obtained":["Question Card"],"max_hp_gain":0,"max_hp_loss":0,"event_name":"The Mausoleum","floor":28,"gold_loss":0},{"damage_healed":30,"gold_gain":0,"player_choice":"Heal","damage_taken":0,"max_hp_gain":0,"max_hp_loss":0,"event_name":"The Library","floor":29,"gold_loss":0},{"cards_removed":["Strike_R"],"damage_healed":0,"gold_gain":0,"player_choice":"Purged","damage_taken":0,"max_hp_gain":0,"max_hp_loss":0,"event_name":"Purifier","floor":39,"gold_loss":0}],"is_beta":false,"boss_relics":[{"not_picked":["Snecko Eye","White Beast Statue"],"picked":"Sozu"},{"not_picked":["Mark of Pain","Philosopher\u0027s Stone"],"picked":"Fusion Hammer"}],"items_purged_floors":[19,31,44],"is_endless":false,"potions_floor_spawned":[1,5,7,14,27,33,35,37,42],"ascension_level":4}