{"gold_per_floor":[115,131,144,158,158,185,185,205,205,111,111,122,138,167,167,167],"floor_reached":16,"playtime":866,"items_purged":[],"score":120,"play_id":"4a708b28-2c54-4845-a2b9-d5300df29b6b","local_time":"20190126001446","is_ascension_mode":true,"campfire_choices":[{"floor":7,"key":"RECALL"},{"floor":11,"key":"REST"},{"data":"Spot Weakness","floor":15,"key":"SMITH"}],"neow_cost":"NONE","seed_source_timestamp":10099159904789,"circlet_count":0,"master_deck":["Strike_R","Strike_R","Strike_R","Strike_R","Strike_R","Defend_R","Defend_R","Defend_R","Defend_R","Bash","Warcry","Warcry","Spot Weakness+1","Cleave","Cleave","Shrug It Off","Shrug It Off","Ghostly Armor","Whirlwind"],"relics":["Burning Blood","Boot","Anchor","Happy Flower","Darkstone Periapt"],"potions_floor_usage":[13,14,16,16],"damage_taken":[{"damage":1,"enemies":"Cultist","floor":1,"turns":3},{"damage":3,"enemies":"2 Louse","floor":2,"turns":4},{"damage":10,"enemies":"Small Slimes","floor":3,"turns":4},{"damage":32,"enemies":"Exordium Thugs","floor":4,"turns":5},{"damage":31,"enemies":"Lagavulin","floor":6,"turns":6},{"damage":6,"enemies":"2 Fungi Beasts","floor":8,"turns":3},{"damage":0,"enemies":"3 Louse","floor":12,"turns":2},{"damage":3,"enemies":"Gremlin Gang","floor":13,"turns":4},{"damage":8,"enemies":"3 Sentries","floor":14,"turns":4},{"damage":67,"enemies":"Hexaghost","floor":16,"turns":11}],"seed_played":"3896380169714954905","potions_obtained":[{"floor":2,"key":"AttackPotion"},{"floor":4,"key":"AttackPotion"},{"floor":6,"key":"EssenceOfSteel"},{"floor":8,"key":"Energy Potion"},{"floor":14,"key":"LiquidBronze"}],"is_trial":false,"path_per_floor":["M","M","M","M","?","E","R","M","T","$","R","M","M","E","R","B"],"character_chosen":"IRONCLAD","items_purchased":["Shrug It Off","BloodPotion"],"campfire_rested":1,"item_purchase_floors":[10,10],"current_hp_per_floor":[80,80,76,50,50,25,25,25,25,25,49,55,58,56,56,0],"gold":167,"neow_bonus":"RANDOM_COMMON_RELIC","is_prod":false,"is_daily":false,"chose_seed":false,"campfire_upgraded":1,"win_rate":0,"timestamp":1548479686,"path_taken":["M","?","M","M","?","E","R","M","T","$","R","?","M","E","R","BOSS"],"build_version":"2019-01-23","purchased_purges":0,"victory":false,"max_hp_per_floor":[80,80,80,80,80,80,80,80,80,80,80,80,80,80,80,80],"card_choices":[{"not_picked":["True Grit","Anger"],"picked":"Warcry","floor":1},{"not_picked":["Perfected Strike","Impervious"],"picked":"Warcry","floor":2},{"not_picked":["Ghostly Armor","Seeing Red"],"picked":"Spot Weakness","floor":3},{"not_picked":["Perfected Strike","Pummel"],"picked":"Cleave","floor":4},{"not_picked":["Juggernaut","Body Slam"],"picked":"Cleave","floor":6},{"not_picked":["Headbutt","Armaments"],"picked":"Shrug It Off","floor":8},{"not_picked":["Clothesline","Searing Blow","True Grit"],"picked":"SKIP","floor":12},{"not_picked":["Reckless Charge","Body Slam"],"picked":"Ghostly Armor","floor":13},{"not_picked":["Feel No Pain","Corruption"],"picked":"Whirlwind","floor":14}],"player_experience":78957,"relics_obtained":[{"floor":6,"key":"Happy Flower"},{"floor":14,"key":"Darkstone Periapt"}],"event_choices":[{"damage_healed":0,"gold_gain":0,"player_choice":"Gave Potion","damage_taken":0,"relics_obtained":["Anchor"],"max_hp_gain":0,"max_hp_loss":0,"event_name":"WeMeetAgain","floor":5,"gold_loss":0}],"is_beta":false,"boss_relics":[],"items_purged_floors":[],"is_endless":false,"potions_floor_spawned":[2,4,6,8,14],"killed_by":"Hexaghost","ascension_level":1}