{"path_per_floor":["M","M","$","M","M","R","M","R","T","?","M","M","$","?","R","B",null,"M"],"character_chosen":"IRONCLAD","items_purchased":[],"gold_per_floor":[113,126,51,64,81,81,99,99,181,131,150,168,68,68,68,198,198,217],"floor_reached":19,"campfire_rested":0,"playtime":1284,"current_hp_per_floor":[68,65,65,71,77,77,68,68,68,68,74,76,76,74,74,38,74,26],"items_purged":["Strike_R","Strike_R"],"gold":217,"score":161,"play_id":"9269ec14-d47d-45ab-ac74-2abbb499a7b8","is_prod":false,"is_daily":false,"is_ascension_mode":false,"campfire_upgraded":3,"path_taken":["M","M","$","?","?","R","?","R","T","?","?","M","$","?","R","BOSS","M","M"],"build_version":"2018-02-15-PROD1","purchased_purges":2,"victory":false,"master_deck":["Strike_R","Strike_R","Defend_R","Defend_R","Defend_R","Defend_R","Bash","Armaments+1","Body Slam","Iron Wave","Clash","Headbutt+1","Warcry+1","Headbutt+1","Limit Break+1","Decay","Normality","Decay"],"max_hp_per_floor":[80,80,80,80,80,80,80,80,80,80,80,80,80,74,74,74,74,74],"relics":["Burning Blood","Toxic Egg 2","Golden Idol","Calling Bell","Ancient Tea Set","Oddly Smooth Stone","Happy Flower"],"card_choices":[{"not_picked":["Twin Strike","Second Wind"],"picked":"Armaments"},{"not_picked":["Armaments","Dark Embrace"],"picked":"Body Slam"},{"not_picked":["Wild Strike","Perfected Strike"],"picked":"Iron Wave"},{"not_picked":["Carnage","Corruption"],"picked":"Clash"},{"not_picked":["Twin Strike","Evolve"],"picked":"Headbutt"},{"not_picked":["Headbutt","Iron Wave"],"picked":"Warcry"},{"not_picked":["Iron Wave","Disarm"],"picked":"Headbutt"},{"not_picked":["Barricade","Dark Embrace"],"picked":"Limit Break"}],"player_experience":145436,"potions_floor_usage":[16,16,16,19],"damage_taken":[{"damage":18,"enemies":"Cultist","floor":1,"turns":6},{"damage":9,"enemies":"Small Slimes","floor":2,"turns":5},{"damage":0,"enemies":"2 Louse","floor":4,"turns":4},{"damage":0,"enemies":"Exordium Wildlife","floor":5,"turns":3},{"damage":15,"enemies":"Exordium Thugs","floor":7,"turns":6},{"damage":0,"enemies":"3 Louse","floor":11,"turns":2},{"damage":4,"enemies":"Exordium Wildlife","floor":12,"turns":4},{"damage":54,"enemies":"Hexaghost","floor":16,"turns":14},{"damage":54,"enemies":"3 Byrds","floor":18,"turns":9},{"damage":24,"enemies":"Chosen","floor":19,"turns":6}],"event_choices":[{"event_name":"The Cleric","player_choice":"Card Removal","floor":10,"damage_taken":0},{"event_name":"Golden Idol","player_choice":"Lose Max HP","floor":14,"damage_taken":0}],"boss_relics":[{"not_picked":["Runic Cube","Lizard Tail"],"picked":"Calling Bell"}],"potions_floor_spawned":[2,4,5,16],"seed_played":"6088652716735275720","killed_by":"Chosen","ascension_level":0,"is_trial":false}