{"path_per_floor":["M","M","?","M","?","E","R","E","T","M","R","E","M","$","R","B",null,"M","T","?","T","M","E","?","R","T","M","R"],"character_chosen":"IRONCLAD","items_purchased":["Vajra"],"gold_per_floor":[116,134,134,150,100,131,131,191,214,226,226,256,273,48,48,148,148,158,158,158,158,174,201,201,201,226,246,246],"floor_reached":29,"campfire_rested":1,"playtime":1646,"current_hp_per_floor":[80,80,64,70,70,70,70,74,74,56,56,62,68,68,68,49,80,66,66,66,66,76,55,39,66,66,76,76],"items_purged":["Strike_R"],"gold":246,"score":286,"play_id":"83098948-4fef-4085-bbaa-fd37a48a3dd2","is_prod":false,"is_daily":false,"is_ascension_mode":false,"campfire_upgraded":4,"path_taken":["M","M","?","M","?","E","R","E","T","M","R","E","M","$","R","BOSS","M","?","?","?","M","E","?","R","T","?","R","E"],"build_version":"2018-02-15-PROD1","purchased_purges":1,"victory":false,"master_deck":["Strike_R","Strike_R","Strike_R","Defend_R+1","Defend_R","Defend_R","Bash+1","Armaments+1","Demon Form+1","Metallicize+1","Shrug It Off","Whirlwind+1","Shrug It Off+1","Flex+1"],"max_hp_per_floor":[80,80,80,80,80,80,80,80,80,80,80,80,80,80,80,80,80,80,80,80,80,80,90,90,90,90,90,90],"relics":["Black Blood","Lantern","Dodecahedron","Tiny Chest","Orichalcum","Pen Nib","Vajra","Champion Belt","Bird Faced Urn","Pear","Nilry\u0027s Codex","Ancient Tea Set"],"card_choices":[{"not_picked":["Whirlwind","Thunderclap"],"picked":"Armaments"},{"not_picked":["Twin Strike","Sword Boomerang"],"picked":"Demon Form"},{"not_picked":["True Grit","Thunderclap"],"picked":"Metallicize"},{"not_picked":["Fire Breathing","Feel No Pain"],"picked":"Shrug It Off"},{"not_picked":["Sword Boomerang","Perfected Strike"],"picked":"Whirlwind"},{"not_picked":["Combust","Iron Wave"],"picked":"Shrug It Off"},{"not_picked":["Perfected Strike","Rupture"],"picked":"Flex"}],"player_experience":24274,"potions_floor_usage":[6,16,23,23,23],"damage_taken":[{"damage":1,"enemies":"Jaw Worm","floor":1,"turns":5},{"damage":5,"enemies":"2 Louse","floor":2,"turns":3},{"damage":0,"enemies":"Cultist","floor":4,"turns":3},{"damage":6,"enemies":"Gremlin Nob","floor":6,"turns":3},{"damage":2,"enemies":"Lagavulin","floor":8,"turns":8},{"damage":24,"enemies":"Exordium Thugs","floor":10,"turns":8},{"damage":0,"enemies":"3 Sentries","floor":12,"turns":11},{"damage":0,"enemies":"2 Fungi Beasts","floor":13,"turns":5},{"damage":25,"enemies":"The Guardian","floor":16,"turns":7},{"damage":24,"enemies":"Spheric Guardian","floor":18,"turns":8},{"damage":0,"enemies":"3 Byrds","floor":22,"turns":3},{"damage":60,"enemies":"Slavers","floor":23,"turns":11},{"damage":0,"enemies":"Sentry and Sphere","floor":27,"turns":1},{"damage":80,"enemies":"Book of Stabbing","floor":29,"turns":10}],"event_choices":[{"event_name":"Shining Light","player_choice":"Entered Light","floor":3,"damage_taken":0},{"event_name":"The Cleric","player_choice":"Card Removal","floor":5,"damage_taken":0},{"event_name":"Back to Basics","player_choice":"Elegance","floor":20,"damage_taken":0},{"event_name":"Cursed Tome","player_choice":"Obtained Book","floor":24,"damage_taken":0}],"boss_relics":[{"not_picked":["Calling Bell","Runic Pyramid"],"picked":"Black Blood"}],"potions_floor_spawned":[1,10,13,16,18,22],"seed_played":"8436960193344773773","killed_by":"Book of Stabbing","ascension_level":0,"is_trial":false}