{"gold_per_floor":[111,43,58,11,27,27,42,42,42,58,58,58,74,86,86,182,182,202,218,236,236,236],"floor_reached":22,"playtime":614,"items_purged":[],"score":261,"play_id":"543b5fc4-f323-4500-9d7f-247dfcd5908d","local_time":"20180727192721","is_ascension_mode":true,"campfire_choices":[{"data":"Whirlwind","floor":6,"key":"SMITH"},{"data":"True Grit","floor":8,"key":"SMITH"},{"data":"Rampage","floor":12,"key":"SMITH"},{"data":"Flex","floor":15,"key":"SMITH"}],"neow_cost":"TEN_PERCENT_HP_LOSS","seed_source_timestamp":28955736806176,"circlet_count":0,"master_deck":["Strike_R","Strike_R","Defend_R","Defend_R","Defend_R","Bash","Dropkick","Rampage+1","Whirlwind+1","Flex+1","True Grit+1","Feel No Pain","Immolate","Infernal Blade+1","Brutality+1","Shockwave+1"],"relics":["Burning Blood","Ornamental Fan","Astrolabe"],"potions_floor_usage":[7,7,13,18,22],"damage_taken":[{"damage":12,"enemies":"Jaw Worm","floor":1,"turns":2},{"damage":6,"enemies":"Cultist","floor":3,"turns":3},{"damage":15,"enemies":"2 Louse","floor":5,"turns":3},{"damage":0,"enemies":"Red Slaver","floor":7,"turns":1},{"damage":0,"enemies":"2 Fungi Beasts","floor":10,"turns":1},{"damage":17,"enemies":"Exordium Thugs","floor":13,"turns":4},{"damage":17,"enemies":"Lots of Slimes","floor":14,"turns":2},{"damage":19,"enemies":"Slime Boss","floor":16,"turns":8},{"damage":13,"enemies":"Spheric Guardian","floor":18,"turns":4},{"damage":12,"enemies":"3 Byrds","floor":19,"turns":3},{"damage":33,"enemies":"Cultist and Chosen","floor":20,"turns":5},{"damage":21,"enemies":"Snake Plant","floor":22,"turns":2}],"seed_played":"318795536497399703","potions_obtained":[{"floor":1,"key":"Energy Potion"},{"floor":5,"key":"Explosive Potion"},{"floor":7,"key":"AttackPotion"},{"floor":14,"key":"Block Potion"},{"floor":19,"key":"Ancient Potion"},{"floor":20,"key":"AttackPotion"}],"is_trial":false,"path_per_floor":["M","$","M","$","M","R","M","R","T","M","?","R","M","M","R","B",null,"M","M","M","?"],"character_chosen":"IRONCLAD","items_purchased":["Whirlwind","Flex"],"campfire_rested":0,"item_purchase_floors":[2,4],"current_hp_per_floor":[66,66,66,66,57,57,63,63,63,69,69,69,61,50,50,37,63,56,50,23,23,2],"gold":236,"neow_bonus":"TRANSFORM_TWO_CARDS","is_prod":false,"is_daily":false,"chose_seed":false,"campfire_upgraded":4,"win_rate":0,"timestamp":1532730441,"path_taken":["M","$","M","$","M","R","M","R","T","M","?","R","?","M","R","BOSS","M","M","M","?","?"],"build_version":"2018-07-26","purchased_purges":0,"victory":false,"max_hp_per_floor":[72,72,72,72,72,72,72,72,72,72,72,72,72,72,72,72,72,72,72,72,72,72],"card_choices":[{"not_picked":["Sword Boomerang","True Grit"],"picked":"Rampage","floor":1},{"not_picked":["Perfected Strike","Fire Breathing","Shockwave"],"picked":"SKIP","floor":3},{"not_picked":["Havoc","Power Through"],"picked":"True Grit","floor":5},{"not_picked":["Cleave","Armaments","Burning Pact"],"picked":"SKIP","floor":7},{"not_picked":["Wild Strike","Cleave"],"picked":"Feel No Pain","floor":10},{"not_picked":["Flex","Uppercut","Heavy Blade"],"picked":"SKIP","floor":13},{"not_picked":["Entrench","Wild Strike","Hemokinesis"],"picked":"SKIP","floor":14},{"not_picked":["Exhume","Berserk"],"picked":"Immolate","floor":16},{"not_picked":["Pommel Strike","Clash","Thunderclap"],"picked":"SKIP","floor":18},{"not_picked":["Anger","Clash","Reaper"],"picked":"SKIP","floor":19},{"not_picked":["Infernal Blade+1","Flex","Iron Wave"],"picked":"SKIP","floor":20}],"player_experience":849338,"relics_obtained":[{"floor":9,"key":"Ornamental Fan"}],"event_choices":[{"event_name":"Wheel of Change","player_choice":"Curse","floor":11,"damage_taken":0},{"event_name":"Purifier","player_choice":"One Purge","floor":21,"damage_taken":0}],"is_beta":true,"boss_relics":[{"not_picked":["Runic Cube","Calling Bell"],"picked":"Astrolabe"}],"items_purged_floors":[],"is_endless":false,"potions_floor_spawned":[1,5,7,14,19,20],"killed_by":"Snake Plant","ascension_level":9}