{"gold_per_floor":[13,13,13,25,42,76,76,105,171,218,248,260,285,297],"floor_reached":14,"playtime":702,"items_purged":[],"score":132,"play_id":"f4995646-8a7c-48cf-a66c-e5df6fbb714b","local_time":"20190224105859","is_ascension_mode":true,"campfire_choices":[{"data":"Deadly Poison","floor":7,"key":"SMITH"},{"floor":12,"key":"REST"}],"neow_cost":"NO_GOLD","seed_source_timestamp":280753296884862,"circlet_count":0,"master_deck":["Defend_G","Defend_G+1","Defend_G","Defend_G","Defend_G+1","Strike_G","Strike_G","Strike_G","Strike_G","Strike_G","Survivor","Neutralize","Quick Slash","Deadly Poison+1","Acrobatics","Catalyst","Well Laid Plans","Deadly Poison","Flying Knee"],"relics":["Ring of the Snake","Gremlin Horn","MawBank","Boot","Bag of Marbles"],"potions_floor_usage":[6,6,6],"damage_taken":[{"damage":5,"enemies":"Small Slimes","floor":1,"turns":7},{"damage":0,"enemies":"2 Louse","floor":4,"turns":3},{"damage":0,"enemies":"Cultist","floor":5,"turns":4},{"damage":28,"enemies":"Lagavulin","floor":6,"turns":6},{"damage":31,"enemies":"3 Sentries","floor":8,"turns":12},{"damage":25,"enemies":"Lagavulin","floor":10,"turns":6},{"damage":1,"enemies":"Blue Slaver","floor":11,"turns":3},{"damage":23,"enemies":"Large Slime","floor":13,"turns":6},{"damage":7,"enemies":"3 Louse","floor":14,"turns":2}],"seed_played":"-88393296083177161","potions_obtained":[{"floor":3,"key":"SneckoOil"},{"floor":3,"key":"Energy Potion"},{"floor":3,"key":"Energy Potion"},{"floor":4,"key":"Dexterity Potion"},{"floor":5,"key":"Energy Potion"},{"floor":6,"key":"FairyPotion"},{"floor":11,"key":"SteroidPotion"},{"floor":13,"key":"FearPotion"}],"is_trial":false,"path_per_floor":["M","?","?","M","M","E","R","E","T","E","M","R","M","M"],"character_chosen":"THE_SILENT","items_purchased":[],"campfire_rested":1,"item_purchase_floors":[],"current_hp_per_floor":[79,62,62,62,62,34,34,3,3,3,2,27,4,0],"gold":297,"neow_bonus":"TWENTY_PERCENT_HP_BONUS","is_prod":false,"is_daily":false,"chose_seed":false,"campfire_upgraded":1,"win_rate":0,"timestamp":1551027539,"path_taken":["M","?","?","M","?","E","R","E","T","E","M","R","M","M"],"build_version":"2019-01-23","purchased_purges":0,"victory":false,"max_hp_per_floor":[84,84,84,84,84,84,84,84,84,84,84,84,84,84],"card_choices":[{"not_picked":["Reflex","Underhanded Strike"],"picked":"Quick Slash","floor":1},{"not_picked":["Concentrate","Heel Hook"],"picked":"Deadly Poison","floor":4},{"not_picked":["Dagger Throw","Outmaneuver"],"picked":"Acrobatics","floor":5},{"not_picked":["Well Laid Plans","Prepared"],"picked":"Catalyst","floor":6},{"not_picked":["Eviscerate","Flechettes"],"picked":"Well Laid Plans","floor":8},{"not_picked":["Doppelganger","Sucker Punch"],"picked":"Deadly Poison","floor":10},{"not_picked":["Setup","Escape Plan","Outmaneuver"],"picked":"SKIP","floor":11},{"not_picked":["Sucker Punch","Expertise"],"picked":"Flying Knee","floor":13}],"player_experience":218020,"relics_obtained":[{"floor":6,"key":"Gremlin Horn"},{"floor":8,"key":"MawBank"},{"floor":9,"key":"Boot"},{"floor":10,"key":"Bag of Marbles"}],"event_choices":[{"damage_healed":0,"gold_gain":0,"player_choice":"Entered Light","damage_taken":17,"max_hp_gain":0,"max_hp_loss":0,"event_name":"Shining Light","floor":2,"gold_loss":0,"cards_upgraded":["Defend_G","Defend_G"]},{"damage_healed":0,"gold_gain":0,"player_choice":"Got Potions","damage_taken":0,"max_hp_gain":0,"max_hp_loss":0,"event_name":"Lab","floor":3,"gold_loss":0}],"is_beta":false,"boss_relics":[],"items_purged_floors":[],"is_endless":false,"potions_floor_spawned":[4,5,6,11,13],"killed_by":"3 Louse","ascension_level":4}