{"gold_per_floor":[10,20,40,5,18,18,43,43,43,43,55,55,6,18,18,120,120,136,136,150,93,93,93,112,112,112,37,51,65,65,65],"floor_reached":31,"playtime":730,"items_purged":["Decay"],"score":284,"play_id":"9effa132-0ea2-4da3-9a23-02b29f2cabe0","local_time":"20180806204200","is_ascension_mode":true,"campfire_choices":[{"data":"1","floor":6,"key":"LIFT"},{"data":"2","floor":8,"key":"LIFT"},{"data":"3","floor":10,"key":"LIFT"},{"floor":15,"key":"REST"},{"floor":23,"key":"REST"},{"data":"Hyperbeam","floor":25,"key":"SMITH"},{"floor":30,"key":"REST"}],"neow_cost":"NO_GOLD","seed_source_timestamp":38238474461025,"circlet_count":0,"master_deck":["Strike_B","Strike_B","Strike_B","Strike_B","Defend_B","Defend_B","Defend_B","Defend_B","Zap","Dualcast","Streamline","Hologram","Storm","Loop","Static Discharge","Rip and Tear","Auto Shields","Gash","Rebound","All For One","Go for the Eyes","Gash+1","Hyperbeam+1"],"relics":["Cracked Core","Girya","Pen Nib","Cables","Philosopher\u0027s Stone","Nunchaku","Ornamental Fan"],"potions_floor_usage":[5,5,14,18],"damage_taken":[{"damage":1,"enemies":"Cultist","floor":1,"turns":3},{"damage":2,"enemies":"2 Louse","floor":2,"turns":2},{"damage":2,"enemies":"Jaw Worm","floor":3,"turns":3},{"damage":14,"enemies":"Exordium Thugs","floor":5,"turns":3},{"damage":28,"enemies":"Gremlin Nob","floor":7,"turns":4},{"damage":13,"enemies":"Blue Slaver","floor":11,"turns":2},{"damage":5,"enemies":"2 Fungi Beasts","floor":14,"turns":3},{"damage":23,"enemies":"Hexaghost","floor":16,"turns":6},{"damage":35,"enemies":"2 Thieves","floor":18,"turns":3},{"damage":8,"enemies":"Spheric Guardian","floor":20,"turns":3},{"damage":20,"enemies":"Snake Plant","floor":24,"turns":3},{"damage":13,"enemies":"Centurion and Healer","floor":28,"turns":3},{"damage":23,"enemies":"Slaver and Parasite","floor":29,"turns":3},{"damage":30,"enemies":"Snake Plant","floor":31,"turns":2}],"seed_played":"8507429073941354795","potions_obtained":[{"floor":1,"key":"Poison Potion"},{"floor":2,"key":"Explosive Potion"},{"floor":11,"key":"Weak Potion"},{"floor":16,"key":"SkillPotion"},{"floor":28,"key":"FairyPotion"}],"is_trial":false,"path_per_floor":["M","M","M","$","M","R","E","R","T","R","M","?","$","M","R","B",null,"M","?","M","?","?","R","M","R","T","$","M","M","R"],"character_chosen":"DEFECT","items_purchased":["Loop","Gash"],"campfire_rested":3,"item_purchase_floors":[4,13],"current_hp_per_floor":[74,72,70,70,56,56,28,28,28,28,15,15,15,10,32,9,75,40,40,32,32,32,54,34,34,34,34,21,7,29,0],"gold":65,"neow_bonus":"ONE_RARE_RELIC","is_prod":false,"is_daily":false,"chose_seed":false,"campfire_upgraded":1,"win_rate":0,"timestamp":1533598920,"path_taken":["M","?","M","$","M","R","E","R","T","R","M","?","?","M","R","BOSS","M","?","?","?","?","R","M","R","T","$","M","M","R","M"],"build_version":"2018-08-01","purchased_purges":1,"victory":false,"max_hp_per_floor":[75,75,75,75,75,75,75,75,75,75,75,75,75,75,75,75,75,75,75,75,75,75,75,75,75,75,75,75,75,75,75],"card_choices":[{"not_picked":["Scrape","Double Energy"],"picked":"Streamline","floor":1},{"not_picked":["Stack","Sweeping Beam"],"picked":"Hologram","floor":2},{"not_picked":["Coolheaded","Recycle"],"picked":"Storm","floor":3},{"not_picked":["Redo","Streamline"],"picked":"Static Discharge","floor":5},{"not_picked":["Force Field","Leap"],"picked":"Rip and Tear","floor":7},{"not_picked":["Leap","Conserve Battery"],"picked":"Auto Shields","floor":11},{"not_picked":["Ball Lightning","Compile Driver"],"picked":"Rebound","floor":14},{"not_picked":["Echo Form","Amplify"],"picked":"All For One","floor":16},{"not_picked":["Sweeping Beam+1","Leap"],"picked":"Go for the Eyes","floor":18},{"not_picked":["Rebound","Stack"],"picked":"Gash+1","floor":20},{"not_picked":["Defragment","Redo"],"picked":"Hyperbeam","floor":24},{"not_picked":["Leap","Blizzard","Steam"],"picked":"SKIP","floor":28},{"not_picked":["Steam Power","Turbo+1","Lockon"],"picked":"SKIP","floor":29}],"player_experience":863654,"relics_obtained":[{"floor":7,"key":"Pen Nib"},{"floor":9,"key":"Cables"},{"floor":26,"key":"Ornamental Fan"}],"event_choices":[{"event_name":"Golden Idol","player_choice":"Ignored","floor":12,"damage_taken":0},{"event_name":"Drug Dealer","player_choice":"Ignored","floor":19,"damage_taken":0},{"event_name":"WeMeetAgain","player_choice":"Gold","floor":21,"damage_taken":0},{"event_name":"Forgotten Altar","player_choice":"Smashed Altar","floor":22,"damage_taken":0}],"is_beta":true,"boss_relics":[{"not_picked":["White Beast Statue","Snecko Eye"],"picked":"Philosopher\u0027s Stone"}],"items_purged_floors":[27],"is_endless":false,"potions_floor_spawned":[1,2,11,16,28],"killed_by":"Snake Plant","ascension_level":4}