{"path_per_floor":["M","?","M","?","$","R","E","R","T","$","M","M","R","$","R","B",null,"M","M","$","M","?","R","?","R","T","M","?"],"character_chosen":"THE_SILENT","items_purchased":["Sadistic Nature","Bouncing Flask","Well Laid Plans","Deadly Poison"],"gold_per_floor":[214,214,225,225,8,8,34,34,114,39,55,72,72,32,32,110,110,127,140,14,31,31,31,31,31,85,98,98,98],"floor_reached":29,"campfire_rested":2,"playtime":1104,"current_hp_per_floor":[56,56,56,53,53,53,21,42,42,42,42,35,35,35,56,35,61,58,35,35,16,39,39,39,39,39,27,27,0],"items_purged":["Regret","Normality"],"gold":98,"score":365,"play_id":"a772f52f-fced-4462-89a0-f2fa7a1c7ace","local_time":"20180402231626","is_prod":false,"is_daily":false,"is_ascension_mode":true,"campfire_upgraded":4,"timestamp":1522721786,"path_taken":["M","?","?","?","$","R","E","R","T","$","?","M","R","?","R","BOSS","M","M","$","M","?","R","?","R","T","M","?","M"],"build_version":"2018-03-29v2","purchased_purges":2,"victory":false,"master_deck":["Defend_G","Defend_G","Defend_G","Defend_G","Defend_G","Strike_G","Strike_G","Strike_G","Strike_G","Strike_G","Survivor","Neutralize","AscendersBane","Terror+1","Acrobatics","Sadistic Nature+1","Bouncing Flask+1","Poisoned Stab","Deadly Poison","Escape Plan","Well Laid Plans","Wraith Form+1","Normality","Regret","Flying Knee+1","Deadly Poison"],"max_hp_per_floor":[70,70,70,70,70,70,70,70,70,70,70,70,70,70,70,70,70,70,70,70,70,70,70,70,70,70,70,70,70],"relics":["Ring of the Snake","Happy Flower","Gremlin Horn","Blue Candle","Bottled Lightning","Calling Bell","Anchor","Torii","Bag of Marbles","Blood Vial","Dead Branch"],"card_choices":[{"not_picked":["Dodge and Roll","Sucker Punch"],"picked":"Terror","floor":1},{"not_picked":["Poisoned Stab","Dodge and Roll"],"picked":"Acrobatics","floor":3},{"not_picked":["Bouncing Flask","Heel Hook"],"picked":"Poisoned Stab","floor":7},{"not_picked":["Bane","Skewer"],"picked":"Deadly Poison","floor":11},{"not_picked":["Setup","Backflip"],"picked":"Escape Plan","floor":12},{"not_picked":["Tools of the Trade","Phantasmal Killer"],"picked":"Wraith Form","floor":16},{"not_picked":["Expertise","Terror"],"picked":"Flying Knee","floor":18}],"player_experience":675070,"potions_floor_usage":[19,21,27],"damage_taken":[{"damage":7,"enemies":"Small Slimes","floor":1,"turns":4},{"damage":0,"enemies":"Cultist","floor":3,"turns":4},{"damage":32,"enemies":"Lagavulin","floor":7,"turns":5},{"damage":0,"enemies":"2 Louse","floor":11,"turns":3},{"damage":7,"enemies":"Blue Slaver","floor":12,"turns":3},{"damage":21,"enemies":"The Guardian","floor":16,"turns":8},{"damage":3,"enemies":"Chosen","floor":18,"turns":5},{"damage":23,"enemies":"2 Thieves","floor":19,"turns":5},{"damage":31,"enemies":"Cultist and Chosen","floor":21,"turns":8},{"damage":14,"enemies":"Centurion and Healer","floor":27,"turns":6},{"damage":30,"enemies":"3 Cultists","floor":29,"turns":3}],"event_choices":[{"event_name":"Big Fish","player_choice":"Box","floor":2,"damage_taken":0},{"event_name":"Scrap Ooze","player_choice":"success","floor":4,"damage_taken":3},{"event_name":"The Library","player_choice":"Heal","floor":22,"damage_taken":0},{"event_name":"Cursed Tome","player_choice":"Ignored","floor":24,"damage_taken":0},{"event_name":"The Mausoleum","player_choice":"Yes","floor":28,"damage_taken":0}],"boss_relics":[{"not_picked":["Runic Dome","Tiny House"],"picked":"Calling Bell"}],"potions_floor_spawned":[3,11,16,27],"seed_played":"7856088070891301434","killed_by":"3 Cultists","ascension_level":13,"is_trial":false}