{"gold_per_floor":[10,10,26,26,46,46,71,84,84,104,104,104,136,148,148,249,249,266,181,281,24,42,42,58,68,92,110,141,121,121,48,48,152,152,165,52,65,82,100,100,128,128,128,147,177,177,77,77,77,77],"floor_reached":51,"playtime":2425,"items_purged":["Strike_G","Strike_G"],"score":869,"play_id":"4e021eca-8d31-4f40-913e-e2b3879b14a4","local_time":"20190216015107","is_ascension_mode":true,"campfire_choices":[{"data":"A Thousand Cuts","floor":6,"key":"SMITH"},{"floor":11,"key":"REST"},{"floor":15,"key":"REST"},{"data":"After Image","floor":23,"key":"SMITH"},{"data":"Blade Dance","floor":30,"key":"SMITH"},{"data":"Infinite Blades","floor":32,"key":"SMITH"},{"data":"Cloak And Dagger","floor":40,"key":"SMITH"},{"floor":42,"key":"REST"},{"floor":49,"key":"REST"}],"neow_cost":"NO_GOLD","seed_source_timestamp":99089947771008,"circlet_count":0,"master_deck":["Defend_G","Defend_G","Defend_G","Defend_G","Defend_G","Strike_G","Strike_G","Strike_G","Survivor","Neutralize","A Thousand Cuts+1","Dagger Spray","Blade Dance","Bouncing Flask+1","Deflect","Backstab","Slice","Blade Dance+1","After Image+1","Cloak And Dagger+1","Slice+1","Well Laid Plans","PiercingWail","Escape Plan","Escape Plan","Infinite Blades+1","Accuracy","Finisher+1","Footwork","Endless Agony+1"],"relics":["Ring of the Snake","Oddly Smooth Stone","Bag of Marbles","Bottled Lightning","WristBlade","Lantern","Ice Cream","Meat on the Bone","Ornamental Fan","PreservedInsect","Blood Vial","Sozu","Incense Burner","Shuriken","Blue Candle"],"potions_floor_usage":[13,24,25,28,33,33,33],"damage_taken":[{"damage":3,"enemies":"Cultist","floor":1,"turns":4},{"damage":10,"enemies":"Jaw Worm","floor":3,"turns":4},{"damage":5,"enemies":"Small Slimes","floor":5,"turns":4},{"damage":28,"enemies":"Gremlin Nob","floor":7,"turns":4},{"damage":0,"enemies":"2 Fungi Beasts","floor":8,"turns":3},{"damage":10,"enemies":"Gremlin Gang","floor":10,"turns":2},{"damage":29,"enemies":"Lagavulin","floor":13,"turns":5},{"damage":0,"enemies":"Blue Slaver","floor":14,"turns":2},{"damage":21,"enemies":"The Guardian","floor":16,"turns":10},{"damage":2,"enemies":"Spheric Guardian","floor":18,"turns":3},{"damage":2,"enemies":"Colosseum Slavers","floor":20,"turns":3},{"damage":32,"enemies":"Colosseum Nobs","floor":20,"turns":5},{"damage":0,"enemies":"2 Thieves","floor":22,"turns":3},{"damage":11,"enemies":"Snecko","floor":24,"turns":4},{"damage":3,"enemies":"Sentry and Sphere","floor":25,"turns":5},{"damage":14,"enemies":"Shelled Parasite and Fungi","floor":27,"turns":4},{"damage":0,"enemies":"Gremlin Leader","floor":28,"turns":5},{"damage":12,"enemies":"Champ","floor":33,"turns":11},{"damage":29,"enemies":"3 Darklings","floor":35,"turns":5},{"damage":7,"enemies":"3 Shapes","floor":37,"turns":4},{"damage":6,"enemies":"Spire Growth","floor":38,"turns":4},{"damage":7,"enemies":"Jaw Worm Horde","floor":39,"turns":3},{"damage":26,"enemies":"Giant Head","floor":41,"turns":6},{"damage":9,"enemies":"Writhing Mass","floor":44,"turns":5},{"damage":17,"enemies":"Reptomancer","floor":45,"turns":5},{"damage":50,"enemies":"Awakened One","floor":50,"turns":10}],"seed_played":"4709863199463038367","potions_obtained":[{"floor":3,"key":"GamblersBrew"},{"floor":10,"key":"Energy Potion"},{"floor":16,"key":"Energy Potion"},{"floor":20,"key":"PowerPotion"},{"floor":24,"key":"PowerPotion"},{"floor":25,"key":"Block Potion"},{"floor":28,"key":"GhostInAJar"},{"floor":29,"key":"EntropicBrew"}],"is_trial":false,"path_per_floor":["M","$","M","?","M","R","E","M","T","M","R","?","E","M","R","B",null,"M","?","?","$","M","R","M","M","T","M","E","?","R","$","R","B",null,"M","$","M","M","M","R","E","R","T","M","E","?","$","?","R","B",null],"character_chosen":"THE_SILENT","items_purchased":["Ornamental Fan","Infinite Blades","Accuracy"],"campfire_rested":4,"item_purchase_floors":[21,31,36],"current_hp_per_floor":[67,67,57,62,57,57,29,29,29,19,41,41,12,12,34,13,75,73,73,39,39,39,39,40,49,49,47,47,47,47,47,47,49,75,46,46,41,49,44,44,32,54,54,47,44,44,44,44,65,29],"gold":77,"neow_bonus":"THREE_RARE_CARDS","is_prod":false,"is_daily":false,"chose_seed":false,"campfire_upgraded":5,"win_rate":0,"timestamp":1550303467,"path_taken":["M","$","M","?","M","R","E","M","T","M","R","?","E","?","R","BOSS","M","?","?","$","M","R","M","M","T","M","E","?","R","$","R","BOSS","M","$","M","M","?","R","E","R","T","M","E","?","$","?","R","BOSS"],"build_version":"2019-01-23","purchased_purges":2,"victory":true,"max_hp_per_floor":[70,70,70,75,75,75,75,75,75,75,75,75,75,75,75,75,75,75,75,75,75,75,75,75,75,75,75,75,75,75,75,75,75,75,75,75,75,75,75,75,75,75,75,75,75,71,71,71,71,71],"card_choices":[{"not_picked":["Phantasmal Killer","Malaise"],"picked":"A Thousand Cuts","floor":0},{"not_picked":["Bane","Caltrops"],"picked":"Dagger Spray","floor":1},{"not_picked":["Eviscerate","Acrobatics"],"picked":"Blade Dance","floor":3},{"not_picked":["Deflect","Sucker Punch"],"picked":"Bouncing Flask","floor":5},{"not_picked":["Dagger Throw","Eviscerate"],"picked":"Deflect","floor":7},{"not_picked":["Sucker Punch","Acrobatics"],"picked":"Backstab","floor":8},{"not_picked":["Dagger Throw","Sucker Punch"],"picked":"Slice","floor":10},{"not_picked":["Venomology","Deflect","Caltrops"],"picked":"SKIP","floor":13},{"not_picked":["Dodge and Roll","Choke"],"picked":"Blade Dance","floor":14},{"not_picked":["Bullet Time","Doppelganger"],"picked":"After Image","floor":16},{"not_picked":["Bane","Acrobatics"],"picked":"Cloak And Dagger","floor":18},{"not_picked":["Deadly Poison+1","Unload"],"picked":"Slice+1","floor":20},{"not_picked":["Skewer","Deadly Poison+1","Noxious Fumes"],"picked":"SKIP","floor":22},{"not_picked":["Riddle With Holes+1","Backstab"],"picked":"Well Laid Plans","floor":24},{"not_picked":["Dodge and Roll","Deflect"],"picked":"PiercingWail","floor":25},{"not_picked":["Underhanded Strike","Footwork"],"picked":"Escape Plan","floor":27},{"not_picked":["Sucker Punch","Grand Finale"],"picked":"Escape Plan","floor":28},{"not_picked":["Storm of Steel","Unload"],"picked":"Burst","floor":33},{"not_picked":["Blur+1","Flying Knee","Dodge and Roll+1"],"picked":"SKIP","floor":35},{"not_picked":["Quick Slash","Crippling Poison"],"picked":"Finisher+1","floor":37},{"not_picked":["Poisoned Stab","Deflect+1"],"picked":"Footwork","floor":38},{"not_picked":["Flechettes","Bane+1","Dagger Throw"],"picked":"SKIP","floor":39},{"not_picked":["Cloak And Dagger","Reflex+1"],"picked":"Endless Agony+1","floor":41},{"not_picked":["Slice","Dagger Throw+1","Dash+1"],"picked":"SKIP","floor":44},{"not_picked":["Catalyst+1","Skewer+1","Sucker Punch+1"],"picked":"SKIP","floor":45}],"player_experience":192250,"relics_obtained":[{"floor":7,"key":"Oddly Smooth Stone"},{"floor":9,"key":"Bag of Marbles"},{"floor":13,"key":"Bottled Lightning"},{"floor":20,"key":"Ice Cream"},{"floor":20,"key":"Meat on the Bone"},{"floor":26,"key":"PreservedInsect"},{"floor":28,"key":"Blood Vial"},{"floor":41,"key":"Incense Burner"},{"floor":43,"key":"Shuriken"},{"floor":45,"key":"Blue Candle"}],"event_choices":[{"damage_healed":0,"gold_gain":0,"player_choice":"Donut","damage_taken":0,"max_hp_gain":5,"max_hp_loss":0,"event_name":"Big Fish","floor":4,"gold_loss":0},{"damage_healed":0,"gold_gain":0,"player_choice":"Grow","damage_taken":0,"max_hp_gain":0,"max_hp_loss":0,"event_name":"Living Wall","floor":12,"gold_loss":0,"cards_upgraded":["Bouncing Flask"]},{"damage_healed":0,"gold_gain":0,"player_choice":"Obtained Relic","damage_taken":0,"relics_obtained":["Lantern"],"max_hp_gain":0,"max_hp_loss":0,"event_name":"Addict","floor":19,"gold_loss":85},{"damage_healed":0,"gold_gain":0,"player_choice":"Fight","damage_taken":0,"max_hp_gain":0,"max_hp_loss":0,"event_name":"Colosseum","floor":20,"gold_loss":0},{"damage_healed":0,"gold_gain":0,"player_choice":"Fought Nobs","damage_taken":0,"max_hp_gain":0,"max_hp_loss":0,"event_name":"Colosseum","floor":20,"gold_loss":0},{"damage_healed":0,"gold_gain":0,"player_choice":"Bought 1 Potion","damage_taken":0,"max_hp_gain":0,"max_hp_loss":0,"event_name":"The Woman in Blue","floor":29,"gold_loss":0},{"damage_healed":0,"gold_gain":0,"player_choice":"Max HP","damage_taken":0,"max_hp_gain":0,"max_hp_loss":4,"event_name":"Winding Halls","floor":46,"gold_loss":0},{"cards_removed":["Burst"],"damage_healed":0,"gold_gain":0,"player_choice":"Removed Skill","damage_taken":0,"max_hp_gain":0,"max_hp_loss":0,"event_name":"Falling","floor":48,"gold_loss":0}],"is_beta":false,"boss_relics":[{"not_picked":["Astrolabe","Velvet Choker"],"picked":"WristBlade"},{"not_picked":["Calling Bell","Orrery"],"picked":"Sozu"}],"items_purged_floors":[36,47],"is_endless":false,"potions_floor_spawned":[3,10,16,20,20,24,25,27,28,39,41],"ascension_level":3}