{"path_per_floor":["M","?","M","$","M","E","R","M","T","M","M","$","?","$","R","B",null,"M","?","$","M","M","R","M","R","T","$","M","?","M","M","R","B",null,"M"],"character_chosen":"IRONCLAD","items_purchased":["Flex","Dropkick"],"gold_per_floor":[113,113,131,56,71,106,106,126,126,138,151,101,101,5,5,105,105,122,122,43,54,73,73,87,87,87,37,54,54,66,76,76,177,177,197],"floor_reached":36,"campfire_rested":2,"playtime":991,"current_hp_per_floor":[80,80,80,80,80,44,44,40,40,31,30,30,30,30,54,30,80,80,80,80,64,54,54,45,45,45,45,51,51,45,55,56,56,56,42],"items_purged":["Regret","Defend_R","Defend_R","Defend_R"],"gold":197,"score":368,"play_id":"4b8be17e-ffc1-4292-9e23-ab9b9ec90d9b","local_time":"20180318131639","is_prod":false,"is_daily":false,"is_ascension_mode":false,"campfire_upgraded":3,"timestamp":1521389799,"path_taken":["M","?","M","$","M","E","R","M","T","M","M","$","?","?","R","BOSS","M","?","$","M","M","R","?","R","T","$","M","?","M","M","R","BOSS","M","M"],"build_version":"2018-03-15v3","purchased_purges":4,"victory":false,"master_deck":["Bash","Clash+1","Double Tap+1","Dual Wield+1","Flex","Dropkick","Bite","Bite","Transmutation+1","Bandage Up+1","Secret Weapon+1"],"max_hp_per_floor":[80,80,80,80,80,80,80,80,80,80,80,80,80,80,80,80,80,80,80,80,80,80,80,80,80,80,80,80,56,56,56,56,56,56,56],"relics":["Burning Blood","Oddly Smooth Stone","Bag of Marbles","Smiling Mask","Runic Dome","Bird Faced Urn","Astrolabe"],"card_choices":[{"not_picked":["Body Slam","Sword Boomerang"],"picked":"Clash"},{"not_picked":["Sever Soul","Blood for Blood"],"picked":"Double Tap"},{"not_picked":["Combust","Armaments"],"picked":"Dual Wield"}],"player_experience":595539,"potions_floor_usage":[16,28,28,33,35,36],"damage_taken":[{"damage":6,"enemies":"Cultist","floor":1,"turns":4},{"damage":5,"enemies":"Jaw Worm","floor":3,"turns":3},{"damage":1,"enemies":"Small Slimes","floor":5,"turns":2},{"damage":42,"enemies":"Lagavulin","floor":6,"turns":6},{"damage":10,"enemies":"Looter","floor":8,"turns":2},{"damage":15,"enemies":"Exordium Wildlife","floor":10,"turns":4},{"damage":7,"enemies":"Red Slaver","floor":11,"turns":2},{"damage":30,"enemies":"Hexaghost","floor":16,"turns":6},{"damage":4,"enemies":"Spheric Guardian","floor":18,"turns":3},{"damage":22,"enemies":"3 Byrds","floor":21,"turns":5},{"damage":16,"enemies":"Slaver and Parasite","floor":22,"turns":3},{"damage":15,"enemies":"Snake Plant","floor":24,"turns":2},{"damage":0,"enemies":"3 Cultists","floor":28,"turns":2},{"damage":20,"enemies":"Centurion and Healer","floor":30,"turns":3},{"damage":0,"enemies":"Snecko","floor":31,"turns":1},{"damage":15,"enemies":"Champ","floor":33,"turns":4},{"damage":20,"enemies":"3 Darklings","floor":35,"turns":3},{"damage":52,"enemies":"Orb Walker","floor":36,"turns":3}],"event_choices":[{"event_name":"Big Fish","player_choice":"Box","floor":2,"damage_taken":0},{"event_name":"Purifier","player_choice":"One Purge","floor":13,"damage_taken":0},{"event_name":"The Lab","player_choice":"Got Potions","floor":19,"damage_taken":0},{"event_name":"Vampires","player_choice":"Became a vampire","floor":29,"damage_taken":0}],"boss_relics":[{"not_picked":["Tiny House","Eternal Feather"],"picked":"Runic Dome"},{"not_picked":["Lizard Tail","Pandora\u0027s Box"],"picked":"Astrolabe"}],"potions_floor_spawned":[3,8,11,16,21,30,31],"seed_played":"3492585881048241480","killed_by":"Orb Walker","ascension_level":0,"is_trial":false}