{"path_per_floor":["M","M","?","M","?","E","$","?","T","?","?","R","M","M","R","B",null,"M","?","?","$","M","R","M","T","T","M","M","M","M","$","R","B",null,"M","?","M","$","M","R","M","?","T","$","?","M","?","$","R"],"character_chosen":"IRONCLAD","items_purchased":["Bag of Marbles","Dropkick","Bottled Lightning"],"gold_per_floor":[110,130,130,148,148,191,116,116,116,146,96,96,120,136,136,265,265,283,283,283,183,201,201,225,225,293,308,331,356,379,279,279,404,404,419,752,766,216,233,233,251,251,251,111,111,123,123,123,123],"floor_reached":50,"campfire_rested":2,"playtime":1398,"current_hp_per_floor":[80,75,75,71,71,41,41,34,34,34,34,71,57,37,74,28,74,65,65,65,65,62,62,68,68,68,74,74,68,74,74,74,49,74,74,74,56,56,42,42,17,17,17,17,17,23,23,23,23],"items_purged":["Defend_R","Double Tap","Strike_R","Reckless Charge","Bash"],"gold":123,"score":494,"play_id":"575d32ff-cbde-4759-b2d5-4f0e3fcd0378","local_time":"20180318103345","is_prod":false,"is_daily":false,"is_ascension_mode":false,"campfire_upgraded":2,"timestamp":1521380025,"path_taken":["M","?","?","M","?","E","$","?","T","?","?","R","M","M","R","BOSS","M","?","?","$","?","R","?","?","T","M","M","M","M","$","R","BOSS","M","?","M","$","?","R","M","?","T","$","?","M","?","$","R","BOSS"],"build_version":"2018-03-15v3","purchased_purges":6,"victory":false,"master_deck":["Rage+1","Double Tap+1","Rampage+1","Flex","Dropkick"],"max_hp_per_floor":[80,80,80,80,74,74,74,74,74,74,74,74,74,74,74,74,74,74,74,74,74,74,74,74,74,74,74,74,74,74,74,74,74,74,74,74,74,74,74,74,74,74,74,74,74,74,74,74,74],"relics":["Burning Blood","Regal Pillow","Du-Vu Doll","Astrolabe","Peace Pipe","The Courier","Sozu","Bag of Marbles","Bottled Lightning","Calipers"],"card_choices":[{"not_picked":["Flame Barrier","Flex"],"picked":"Inflame"},{"not_picked":["Pommel Strike","Feel No Pain"],"picked":"Rage"},{"not_picked":["Twin Strike","Anger"],"picked":"Clash"},{"not_picked":["Barricade","Impervious"],"picked":"Double Tap"},{"not_picked":["Fire Breathing","Armaments"],"picked":"Rampage"},{"not_picked":["Clothesline","Twin Strike"],"picked":"Flex"}],"player_experience":585866,"potions_floor_usage":[6,6,13,33,33,50],"damage_taken":[{"damage":6,"enemies":"Cultist","floor":1,"turns":3},{"damage":11,"enemies":"Jaw Worm","floor":2,"turns":3},{"damage":10,"enemies":"Small Slimes","floor":4,"turns":4},{"damage":36,"enemies":"Lagavulin","floor":6,"turns":5},{"damage":20,"enemies":"3 Louse","floor":13,"turns":2},{"damage":26,"enemies":"Red Slaver","floor":14,"turns":4},{"damage":52,"enemies":"Hexaghost","floor":16,"turns":8},{"damage":15,"enemies":"Chosen","floor":18,"turns":3},{"damage":9,"enemies":"Spheric Guardian","floor":22,"turns":3},{"damage":0,"enemies":"Chosen and Byrds","floor":24,"turns":3},{"damage":0,"enemies":"Centurion and Healer","floor":27,"turns":3},{"damage":0,"enemies":"Snecko","floor":28,"turns":3},{"damage":12,"enemies":"3 Cultists","floor":29,"turns":4},{"damage":0,"enemies":"Snake Plant","floor":30,"turns":2},{"damage":31,"enemies":"Collector","floor":33,"turns":7},{"damage":0,"enemies":"3 Shapes","floor":35,"turns":2},{"damage":24,"enemies":"3 Darklings","floor":37,"turns":4},{"damage":20,"enemies":"Maw","floor":39,"turns":5},{"damage":31,"enemies":"4 Shapes","floor":41,"turns":4},{"damage":0,"enemies":"3 Darklings","floor":46,"turns":3},{"damage":37,"enemies":"Donu and Deca","floor":50,"turns":3}],"event_choices":[{"event_name":"The Lab","player_choice":"Got Potions","floor":3,"damage_taken":0},{"event_name":"Golden Idol","player_choice":"Lose Max HP","floor":5,"damage_taken":0},{"event_name":"Golden Wing","player_choice":"Card Removal","floor":8,"damage_taken":0},{"event_name":"Dead Adventurer","player_choice":"Searched \u00271\u0027 times","floor":10,"damage_taken":0},{"event_name":"The Cleric","player_choice":"Card Removal","floor":11,"damage_taken":0},{"event_name":"Back to Basics","player_choice":"Elegance","floor":19,"damage_taken":0},{"event_name":"The Woman in Blue","player_choice":"Bought 0 Potions","floor":20,"damage_taken":0},{"event_name":"The Moai Head","player_choice":"Gave Idol","floor":36,"damage_taken":0},{"event_name":"Transmorgrifier","player_choice":"Transform","floor":42,"damage_taken":0},{"event_name":"Duplicator","player_choice":"Ignored","floor":47,"damage_taken":0}],"boss_relics":[{"not_picked":["Lizard Tail","Velvet Choker"],"picked":"Astrolabe"},{"not_picked":["Cursed Key","Calling Bell"],"picked":"Sozu"}],"potions_floor_spawned":[1,2,22,29,30,33,37,41],"seed_played":"-8487612753795716340","killed_by":"Donu and Deca","ascension_level":0,"is_trial":false}