{"path_per_floor":["M","M","?","?","$","E","M","R","T","R","?","R","?","?","R","B",null,"M","M","$","?","M","R","E","R","T","M","M","M"],"character_chosen":"IRONCLAD","items_purchased":[],"gold_per_floor":[112,125,200,200,125,153,171,171,171,171,171,171,121,121,121,225,225,237,256,156,81,97,97,123,123,423,443,463,477],"floor_reached":30,"campfire_rested":3,"playtime":1145,"current_hp_per_floor":[72,69,58,58,58,44,50,50,50,50,36,57,57,50,72,62,72,57,57,57,57,50,50,13,49,49,35,16,8],"items_purged":["Defend_R","Defend_R"],"gold":477,"score":285,"play_id":"53e4fa67-d122-4adb-ab7f-1380a396ed88","local_time":"20180305191545","is_prod":false,"is_daily":false,"is_ascension_mode":true,"campfire_upgraded":3,"timestamp":1520288145,"path_taken":["M","M","?","?","$","E","M","R","T","R","?","R","?","?","R","BOSS","M","M","$","?","M","R","E","R","T","M","M","?","M"],"build_version":"2018-03-01-PROD1","purchased_purges":2,"victory":false,"master_deck":["Strike_R","Strike_R","Strike_R+1","Defend_R+1","Bash+1","Clash+1","Iron Wave+1","Flex+1","Limit Break+1","Rage+1","Fiend Fire","Regret","Headbutt"],"max_hp_per_floor":[72,72,72,72,72,72,72,72,72,72,72,72,72,72,72,72,72,72,72,72,72,72,72,72,72,72,72,72,72],"relics":["Burning Blood","Torii","Toxic Egg 2","Orichalcum","Regal Pillow","Cursed Key","Paper Frog","Old Coin"],"card_choices":[{"not_picked":["Inflame","True Grit"],"picked":"Clash"},{"not_picked":["Pummel","Perfected Strike"],"picked":"Iron Wave"},{"not_picked":["Pommel Strike","Clash"],"picked":"Flex"},{"not_picked":["Demon Form","Bludgeon"],"picked":"Limit Break"},{"not_picked":["Reckless Charge","Clothesline"],"picked":"Rage"},{"not_picked":["Clash","Perfected Strike"],"picked":"Fiend Fire"},{"not_picked":["Iron Wave","Perfected Strike"],"picked":"Headbutt"}],"player_experience":443613,"potions_floor_usage":[16,16,22],"damage_taken":[{"damage":1,"enemies":"Jaw Worm","floor":1,"turns":3},{"damage":9,"enemies":"2 Louse","floor":2,"turns":3},{"damage":20,"enemies":"3 Sentries","floor":6,"turns":10},{"damage":0,"enemies":"Small Slimes","floor":7,"turns":2},{"damage":16,"enemies":"Slime Boss","floor":16,"turns":8},{"damage":21,"enemies":"3 Byrds","floor":18,"turns":6},{"damage":6,"enemies":"Spheric Guardian","floor":19,"turns":3},{"damage":13,"enemies":"Snake Plant","floor":22,"turns":3},{"damage":43,"enemies":"Slavers","floor":24,"turns":8},{"damage":20,"enemies":"3 Cultists","floor":27,"turns":5},{"damage":25,"enemies":"Snecko","floor":28,"turns":4},{"damage":14,"enemies":"Cultist and Chosen","floor":29,"turns":5},{"damage":8,"enemies":"Chosen and Byrds","floor":30,"turns":4}],"event_choices":[{"event_name":"World of Goop","player_choice":"Gather Gold","floor":3,"damage_taken":0},{"event_name":"Purifier","player_choice":"One Purge","floor":4,"damage_taken":0},{"event_name":"Shining Light","player_choice":"Entered Light","floor":11,"damage_taken":0},{"event_name":"The Cleric","player_choice":"Card Removal","floor":13,"damage_taken":0},{"event_name":"Scrap Ooze","player_choice":"success","floor":14,"damage_taken":7},{"event_name":"Beggar","player_choice":"Gave Gold","floor":21,"damage_taken":0}],"boss_relics":[{"not_picked":["Mark of Pain","Eternal Feather"],"picked":"Cursed Key"}],"potions_floor_spawned":[1,6,19,29],"seed_played":"-7715060018993424402","killed_by":"Chosen and Byrds","ascension_level":3,"is_trial":false}