{"path_per_floor":["M","M","?","$","?","R","E","R","T","R","M","R","M","?","R","B",null,"M","M","M","?","?","T","$","M","T"],"character_chosen":"THE_SILENT","items_purchased":["Backflip","Infinite Blades","Madness"],"gold_per_floor":[116,133,133,38,38,38,67,67,67,67,83,83,98,98,98,195,195,214,226,243,243,243,243,70,87,113],"floor_reached":27,"campfire_rested":1,"playtime":1750,"current_hp_per_floor":[66,62,55,55,55,55,42,42,42,42,42,42,26,26,47,39,70,68,63,54,41,25,25,25,14,14],"items_purged":["Injury"],"gold":113,"score":211,"play_id":"48d0d790-c2b4-4e3b-bb8d-c61884feee48","is_prod":false,"is_daily":false,"is_ascension_mode":false,"campfire_upgraded":4,"path_taken":["M","M","?","$","?","R","E","R","T","R","?","R","M","?","R","BOSS","M","M","M","?","?","?","$","M","T","E"],"build_version":"2018-02-15-PROD1","purchased_purges":1,"victory":false,"master_deck":["Defend_G","Defend_G","Defend_G+1","Strike_G","Strike_G","Survivor","Neutralize+1","Caltrops+1","Flying Knee","Backflip","Infinite Blades+1","Escape Plan","Terror+1","After Image","Adrenaline+1","Quick Slash+1","Deflect+1","Endless Agony","Cloak And Dagger","Necronomicurse","Madness","PiercingWail"],"max_hp_per_floor":[70,70,70,70,70,70,70,70,70,70,70,70,70,70,70,70,70,70,70,70,75,75,75,75,75,75],"relics":["Ring of the Snake","Vajra","Dead Branch","Astrolabe","Necronomicon","Gambling Chip","Bronze Scales"],"card_choices":[{"not_picked":["Cloak And Dagger","Endless Agony"],"picked":"Caltrops"},{"not_picked":["Sucker Punch","Skewer"],"picked":"Flying Knee"},{"not_picked":["Underhanded Strike","Backflip"],"picked":"Escape Plan"},{"not_picked":["Deadly Poison","Cloak And Dagger"],"picked":"Terror"},{"not_picked":["Grand Finale","Glass Knife"],"picked":"After Image"},{"not_picked":["Dagger Spray","Masterful Stab"],"picked":"Endless Agony"},{"not_picked":["Deadly Poison","Acrobatics"],"picked":"Cloak And Dagger"},{"not_picked":["Endless Agony","Blur"],"picked":"PiercingWail"}],"player_experience":125920,"potions_floor_usage":[7,16,16,27,27],"damage_taken":[{"damage":4,"enemies":"Small Slimes","floor":1,"turns":5},{"damage":4,"enemies":"Jaw Worm","floor":2,"turns":6},{"damage":13,"enemies":"Gremlin Nob","floor":7,"turns":5},{"damage":0,"enemies":"Cultist","floor":11,"turns":3},{"damage":16,"enemies":"Gremlin Gang","floor":13,"turns":4},{"damage":8,"enemies":"The Guardian","floor":16,"turns":9},{"damage":2,"enemies":"2 Thieves","floor":18,"turns":4},{"damage":5,"enemies":"Spheric Guardian","floor":19,"turns":3},{"damage":9,"enemies":"Centurion and Healer","floor":20,"turns":6},{"damage":11,"enemies":"Cultist and Chosen","floor":25,"turns":4},{"damage":14,"enemies":"Gremlin Leader","floor":27,"turns":5}],"event_choices":[{"event_name":"Golden Wing","player_choice":"Card Removal","floor":3,"damage_taken":0},{"event_name":"The Lab","player_choice":"Got Potions","floor":5,"damage_taken":0},{"event_name":"Accursed Blacksmith","player_choice":"Forge","floor":14,"damage_taken":0},{"event_name":"Forgotten Altar","player_choice":"Shed Blood","floor":21,"damage_taken":0},{"event_name":"Cursed Tome","player_choice":"Obtained Book","floor":22,"damage_taken":0}],"boss_relics":[{"not_picked":["Runic Dome","Runic Pyramid"],"picked":"Astrolabe"}],"potions_floor_spawned":[1,11,13,19],"seed_played":"7718998095835067453","killed_by":"Gremlin Leader","ascension_level":0,"is_trial":false}