{"path_per_floor":["M","M","M","M","?","E","M","M","T","?","?","M","?","?","R","B",null,"M","?","M","$","?"],"character_chosen":"IRONCLAD","items_purchased":["Combust"],"gold_per_floor":[113,131,143,159,159,197,220,235,259,509,509,525,525,600,600,719,719,739,654,674,524,524],"floor_reached":23,"campfire_rested":0,"playtime":990,"current_hp_per_floor":[80,80,72,58,58,40,40,36,36,36,36,30,54,43,43,12,74,74,74,50,50,50],"items_purged":["Strike_R"],"gold":524,"score":212,"play_id":"d1a10789-891d-4c3f-9831-e689f540824e","is_prod":false,"is_daily":false,"is_ascension_mode":true,"campfire_upgraded":1,"path_taken":["M","M","?","M","?","E","M","M","T","?","?","?","?","?","R","BOSS","M","?","M","$","?","E"],"build_version":"2018-02-22-PROD2","purchased_purges":1,"victory":false,"master_deck":["Strike_R","Strike_R","Defend_R","Defend_R","Defend_R","Defend_R","Bash","Whirlwind","Inflame","Spot Weakness","Pummel","Clothesline","Armaments+1","Regret","Reaper","Clash","Flex+1","Combust"],"max_hp_per_floor":[80,80,80,80,74,74,74,74,74,74,74,74,74,74,74,74,74,74,74,74,74,74],"relics":["Black Blood","Golden Idol","Self Forming Clay","Regal Pillow","Happy Flower"],"card_choices":[{"not_picked":["Rage","Sword Boomerang"],"picked":"Inflame"},{"not_picked":["Heavy Blade","Perfected Strike"],"picked":"Spot Weakness"},{"not_picked":["True Grit","Body Slam"],"picked":"Pummel"},{"not_picked":["Spot Weakness","Disarm"],"picked":"Clothesline"},{"not_picked":["Searing Blow","Clash"],"picked":"Armaments"},{"not_picked":["Brutality","Immolate"],"picked":"Reaper"},{"not_picked":["Shockwave","Armaments"],"picked":"Clash"},{"not_picked":["Uppercut","Rage"],"picked":"Flex"}],"player_experience":303467,"potions_floor_usage":[7,16],"damage_taken":[{"damage":6,"enemies":"Cultist","floor":1,"turns":3},{"damage":0,"enemies":"2 Louse","floor":2,"turns":1},{"damage":14,"enemies":"Jaw Worm","floor":3,"turns":5},{"damage":20,"enemies":"Exordium Wildlife","floor":4,"turns":4},{"damage":24,"enemies":"Gremlin Nob","floor":6,"turns":5},{"damage":6,"enemies":"Looter","floor":7,"turns":2},{"damage":10,"enemies":"Exordium Thugs","floor":8,"turns":4},{"damage":12,"enemies":"Exordium Wildlife","floor":12,"turns":5},{"damage":37,"enemies":"Slime Boss","floor":16,"turns":8},{"damage":19,"enemies":"3 Byrds","floor":18,"turns":7},{"damage":34,"enemies":"Shell Parasite","floor":20,"turns":6},{"damage":64,"enemies":"Gremlin Leader","floor":23,"turns":7}],"event_choices":[{"event_name":"Golden Idol","player_choice":"Lose Max HP","floor":5,"damage_taken":0},{"event_name":"Golden Shrine","player_choice":"Desecrate","floor":10,"damage_taken":0},{"event_name":"Liars Game","player_choice":"disagreed","floor":11,"damage_taken":0},{"event_name":"Big Fish","player_choice":"Banana","floor":13,"damage_taken":0},{"event_name":"World of Goop","player_choice":"Gather Gold","floor":14,"damage_taken":0},{"event_name":"Addict","player_choice":"Obtained Relic","floor":19,"damage_taken":0},{"event_name":"Back to Basics","player_choice":"Elegance","floor":22,"damage_taken":0}],"boss_relics":[{"not_picked":["Question Card","Tiny House"],"picked":"Black Blood"}],"potions_floor_spawned":[1,2,6,18],"seed_played":"1836284255945479930","killed_by":"Gremlin Leader","ascension_level":2,"is_trial":false}