{"path_per_floor":["M","M","?","M","T","R","?","R","T","M","$","M","E","M","R","B",null,"M","M","?","$","?","R","$","R","T","M","M","M","T","?","R"],"character_chosen":"IRONCLAD","items_purchased":["Cleave"],"gold_per_floor":[116,128,128,143,143,143,143,143,143,156,36,52,80,90,90,193,193,213,230,230,130,130,130,5,5,5,16,31,47,122,122,122],"floor_reached":33,"campfire_rested":1,"playtime":605,"current_hp_per_floor":[80,80,80,80,80,80,80,80,80,65,65,68,41,39,65,35,89,75,68,68,68,68,68,68,68,68,53,58,61,61,61,61],"items_purged":["Defend_R","Defend_R","Spot Weakness"],"gold":122,"score":247,"play_id":"2177cb91-6ab7-427e-a2e3-0ef5d0ca9737","local_time":"20180317142941","is_prod":false,"is_daily":false,"is_ascension_mode":false,"campfire_upgraded":5,"timestamp":1521307781,"path_taken":["M","?","?","?","?","R","?","R","T","M","$","M","E","M","R","BOSS","M","M","?","$","?","R","?","R","T","M","M","M","?","?","R","BOSS"],"build_version":"2018-03-15v2","purchased_purges":3,"victory":false,"master_deck":["Strike_R","Strike_R","Strike_R","Strike_R","Strike_R","Bash+1","Clash+1","Feed+1","Cleave","Rampage+1","Whirlwind+1"],"max_hp_per_floor":[80,80,80,80,80,80,80,80,80,80,80,83,86,89,89,89,89,89,92,92,92,92,92,92,92,92,92,92,92,92,92,92],"relics":["Burning Blood","Sundial","Charon\u0027s Ashes","Paper Frog","Sozu","Meat on the Bone","Dead Branch","Tiny Chest"],"card_choices":[{"not_picked":["Corruption","Fire Breathing"],"picked":"Clash"},{"not_picked":["Iron Wave","Second Wind"],"picked":"Feed"},{"not_picked":["Perfected Strike","Wild Strike"],"picked":"Rampage"},{"not_picked":["Body Slam","Havoc"],"picked":"Spot Weakness"}],"player_experience":580382,"potions_floor_usage":[12,16,16,18],"damage_taken":[{"damage":6,"enemies":"Cultist","floor":1,"turns":3},{"damage":4,"enemies":"2 Louse","floor":2,"turns":2},{"damage":0,"enemies":"Small Slimes","floor":4,"turns":3},{"damage":21,"enemies":"Exordium Thugs","floor":10,"turns":4},{"damage":6,"enemies":"Large Slime","floor":12,"turns":2},{"damage":36,"enemies":"Lagavulin","floor":13,"turns":4},{"damage":11,"enemies":"Exordium Wildlife","floor":14,"turns":2},{"damage":48,"enemies":"Hexaghost","floor":16,"turns":6},{"damage":20,"enemies":"2 Thieves","floor":18,"turns":3},{"damage":16,"enemies":"3 Byrds","floor":19,"turns":4},{"damage":21,"enemies":"Snake Plant","floor":27,"turns":3},{"damage":13,"enemies":"Cultist and Chosen","floor":28,"turns":4},{"damage":15,"enemies":"Snecko","floor":29,"turns":3},{"damage":63,"enemies":"Champ","floor":33,"turns":6}],"event_choices":[{"event_name":"Purifier","player_choice":"One Purge","floor":3,"damage_taken":0},{"event_name":"The Woman in Blue","player_choice":"Bought 0 Potions","floor":7,"damage_taken":0},{"event_name":"Wheel of Change","player_choice":"Relic","floor":20,"damage_taken":0},{"event_name":"Vampires","player_choice":"Ignored","floor":22,"damage_taken":0},{"event_name":"The Library","player_choice":"Read","floor":31,"damage_taken":0}],"boss_relics":[{"not_picked":["Calling Bell","Mark of Pain"],"picked":"Sozu"}],"potions_floor_spawned":[1,10,12,14,18],"seed_played":"4701842381371282326","killed_by":"Champ","ascension_level":0,"is_trial":false}