{"gold_per_floor":[114,114,44,44,63,96,48,48,48,48,13,13,28,28,28,133,133,149,149,159,45,61,61],"floor_reached":23,"playtime":841,"items_purged":["Strike_B"],"score":234,"play_id":"c76dcee6-b542-4e6b-a7e4-eefcc0f80dd2","local_time":"20190307122620","is_ascension_mode":true,"campfire_choices":[{"data":"Doom and Gloom","floor":8,"key":"SMITH"},{"floor":10,"key":"REST"},{"data":"Leap","floor":15,"key":"SMITH"}],"neow_cost":"NONE","seed_source_timestamp":250695029083149,"circlet_count":0,"master_deck":["Strike_B","Strike_B","Strike_B+1","Defend_B","Defend_B","Defend_B","Defend_B+1","Zap+1","Dualcast+1","Leap+1","Doom and Gloom+1","Hologram","BootSequence+1","Conserve Battery","Biased Cognition","Genetic Algorithm","Decay","Self Repair","Coolheaded"],"relics":["Black Star","War Paint","Strawberry","Bottled Flame","Cursed Key"],"potions_floor_usage":[22,23],"damage_taken":[{"damage":4,"enemies":"Jaw Worm","floor":1,"turns":6},{"damage":0,"enemies":"Cultist","floor":5,"turns":3},{"damage":53,"enemies":"Gremlin Nob","floor":6,"turns":5},{"damage":0,"enemies":"2 Louse","floor":13,"turns":1},{"damage":22,"enemies":"The Guardian","floor":16,"turns":11},{"damage":4,"enemies":"2 Thieves","floor":18,"turns":4},{"damage":11,"enemies":"Shell Parasite","floor":20,"turns":7},{"damage":16,"enemies":"Snake Plant","floor":22,"turns":5},{"damage":51,"enemies":"Gremlin Leader","floor":23,"turns":8}],"seed_played":"-8604493920660721720","potions_obtained":[{"floor":6,"key":"PowerPotion"},{"floor":13,"key":"EssenceOfSteel"}],"is_trial":false,"path_per_floor":["M","?","$","?","M","E","$","R","T","R","?","$","M","?","R","B",null,"M","?","M","$","M","E"],"character_chosen":"DEFECT","items_purchased":["Doom and Gloom","PowerPotion","Self Repair"],"campfire_rested":1,"item_purchase_floors":[3,7,21],"current_hp_per_floor":[71,71,71,71,71,25,25,25,25,49,69,69,69,53,53,31,69,65,65,54,54,45,0],"gold":61,"neow_bonus":"BOSS_RELIC","is_prod":false,"is_daily":false,"chose_seed":false,"campfire_upgraded":2,"win_rate":0,"timestamp":1551983180,"path_taken":["M","?","?","?","?","E","$","R","T","R","?","?","M","?","R","BOSS","M","?","M","$","M","E"],"build_version":"2019-01-23","purchased_purges":1,"victory":false,"max_hp_per_floor":[75,75,75,75,75,82,82,82,82,82,82,82,82,82,82,82,82,82,82,82,82,82,82],"card_choices":[{"not_picked":["Hologram","Sweeping Beam"],"picked":"Leap","floor":1},{"not_picked":["Ball Lightning","Go for the Eyes"],"picked":"Hologram","floor":5},{"not_picked":["Compile Driver","Beam Cell"],"picked":"BootSequence","floor":6},{"not_picked":["Coolheaded","Compile Driver"],"picked":"Conserve Battery","floor":13},{"not_picked":["Reboot","Core Surge"],"picked":"Biased Cognition","floor":16},{"not_picked":["Go for the Eyes","Gash"],"picked":"Genetic Algorithm","floor":18},{"not_picked":["Streamline","Compile Driver","Stack+1"],"picked":"SKIP","floor":20},{"not_picked":["Reboot","Stack"],"picked":"Coolheaded","floor":22}],"player_experience":331958,"relics_obtained":[{"floor":6,"key":"War Paint"},{"floor":6,"key":"Strawberry"},{"floor":9,"key":"Bottled Flame"}],"event_choices":[{"damage_healed":0,"gold_gain":0,"player_choice":"Upgraded","damage_taken":0,"max_hp_gain":0,"max_hp_loss":0,"event_name":"Upgrade Shrine","floor":2,"gold_loss":0,"cards_upgraded":["Zap"]},{"damage_healed":0,"gold_gain":0,"player_choice":"Ignored","damage_taken":0,"max_hp_gain":0,"max_hp_loss":0,"event_name":"Liars Game","floor":4,"gold_loss":0},{"damage_healed":20,"gold_gain":0,"player_choice":"Healed","damage_taken":0,"max_hp_gain":0,"max_hp_loss":0,"event_name":"The Cleric","floor":11,"gold_loss":35},{"damage_healed":0,"gold_gain":0,"player_choice":"Entered Light","damage_taken":16,"max_hp_gain":0,"max_hp_loss":0,"event_name":"Shining Light","floor":14,"gold_loss":0,"cards_upgraded":["BootSequence","Strike_B"]},{"damage_healed":0,"gold_gain":0,"player_choice":"Smashed Altar","damage_taken":0,"max_hp_gain":0,"max_hp_loss":0,"event_name":"Forgotten Altar","floor":19,"gold_loss":0,"cards_obtained":["Decay"]}],"is_beta":false,"boss_relics":[{"not_picked":["Calling Bell","Astrolabe"],"picked":"Cursed Key"}],"items_purged_floors":[21],"is_endless":false,"potions_floor_spawned":[6,13],"killed_by":"Gremlin Leader","ascension_level":5}