{"path_per_floor":["M","M","?","?","M","R","E","R","T","M","M","E","M","$","R","B",null,"M","?","$","M","M","R","?","?","T","R","?","M","R","E","R"],"character_chosen":"THE_SILENT","items_purchased":["Backstab","Corpse Explosion"],"gold_per_floor":[110,122,72,72,86,86,114,114,114,131,149,179,189,75,75,146,146,158,158,1,13,31,31,31,31,31,31,31,49,49,77,77,77],"floor_reached":33,"campfire_rested":4,"playtime":1875,"current_hp_per_floor":[56,50,50,50,48,48,1,22,22,18,16,12,11,11,32,10,55,43,43,43,30,21,21,21,21,21,42,42,22,22,35,56,0],"items_purged":["Strike_G"],"gold":77,"score":495,"play_id":"613d3974-488a-4f85-aa75-d9d9407f88e2","local_time":"20180404214738","is_prod":false,"is_daily":false,"is_ascension_mode":true,"campfire_upgraded":2,"timestamp":1522889258,"path_taken":["M","M","?","?","?","R","E","R","T","M","?","E","M","$","R","BOSS","M","?","$","M","M","R","?","?","T","R","?","M","R","E","R","BOSS"],"build_version":"2018-03-29v2","purchased_purges":1,"victory":false,"master_deck":["Defend_G+1","Defend_G+1","Defend_G+1","Defend_G+1","Strike_G+1","Strike_G+1","Survivor","Neutralize","AscendersBane","Noxious Fumes+1","Backflip","Backstab","Bane","Deflect","Backflip","Backstab","After Image+1","Slice","Corpse Explosion+1","Acrobatics","Flying Knee","Writhe","Catalyst+1","Footwork"],"max_hp_per_floor":[70,70,70,70,70,70,70,70,70,70,70,70,70,70,70,70,70,70,70,70,70,70,70,70,70,70,70,70,70,70,70,70,70],"relics":["Ring of the Snake","Bag of Preparation","Shovel","Question Card","Lizard Tail","Bottled Flame","Letter Opener","Bird Faced Urn","Centennial Puzzle"],"card_choices":[{"not_picked":["Deflect","Outmaneuver"],"picked":"Noxious Fumes","floor":2.0},{"not_picked":["Prepared","Skewer"],"picked":"Backflip","floor":5.0},{"not_picked":["Eviscerate","PiercingWail"],"picked":"Backstab","floor":7.0},{"not_picked":["Prepared","Dagger Throw"],"picked":"Bane","floor":11},{"not_picked":["Slice","Sucker Punch"],"picked":"Deflect","floor":12},{"not_picked":["Deadly Poison","Quick Slash","Tactician"],"picked":"Backflip","floor":13},{"not_picked":["Wraith Form","Unload","Die Die Die"],"picked":"After Image","floor":16},{"not_picked":["Deadly Poison","Dagger Throw","Poisoned Stab"],"picked":"Slice","floor":18},{"not_picked":["Malaise","Concentrate","Sucker Punch"],"picked":"Acrobatics","floor":21},{"not_picked":["Infinite Blades","Dodge and Roll","Flechettes"],"picked":"Flying Knee","floor":22},{"not_picked":["Predator","Dagger Throw","Sucker Punch"],"picked":"Catalyst","floor":29},{"not_picked":["Heel Hook","Predator","Dagger Spray"],"picked":"Footwork","floor":31}],"player_experience":680135,"potions_floor_usage":[12,16,16,18,22,33,33],"damage_taken":[{"damage":7.0,"enemies":"2 Louse","floor":1.0,"turns":4.0},{"damage":6.0,"enemies":"Small Slimes","floor":2.0,"turns":4.0},{"damage":2.0,"enemies":"Jaw Worm","floor":5.0,"turns":6.0},{"damage":47.0,"enemies":"Lagavulin","floor":7.0,"turns":9.0},{"damage":4,"enemies":"Exordium Wildlife","floor":10,"turns":7},{"damage":2,"enemies":"Gremlin Gang","floor":11,"turns":4},{"damage":4,"enemies":"3 Sentries","floor":12,"turns":7},{"damage":1,"enemies":"3 Louse","floor":13,"turns":3},{"damage":22,"enemies":"Slime Boss","floor":16,"turns":11},{"damage":12,"enemies":"2 Thieves","floor":18,"turns":5},{"damage":13,"enemies":"Chosen","floor":21,"turns":7},{"damage":21,"enemies":"Snecko","floor":22,"turns":6},{"damage":24,"enemies":"Sentry and Sphere","floor":29,"turns":9},{"damage":26,"enemies":"Book of Stabbing","floor":31,"turns":7},{"damage":62,"enemies":"Champ","floor":33,"turns":12}],"event_choices":[{"event_name":"The Cleric","player_choice":"Card Removal","floor":3.0,"damage_taken":0.0},{"event_name":"Living Wall","player_choice":"Forget","floor":4.0,"damage_taken":0.0},{"event_name":"Upgrade Shrine","player_choice":"Upgraded","floor":19,"damage_taken":0},{"event_name":"The Mausoleum","player_choice":"Yes","floor":24,"damage_taken":0},{"event_name":"Back to Basics","player_choice":"Simplicity","floor":25,"damage_taken":0},{"event_name":"Beggar","player_choice":"Ignored","floor":28,"damage_taken":0}],"boss_relics":[{"not_picked":["Astrolabe","Eternal Feather"],"picked":"Lizard Tail"}],"potions_floor_spawned":[7,11,12,16,18,29,31],"seed_played":"-6828261714617771809","killed_by":"Champ","ascension_level":13,"is_trial":false}