{"path_per_floor":["M","$","M","?","M","E","R","M","T","$","?","M","M","?","R","B",null,"M","M","$","M"],"character_chosen":"IRONCLAD","items_purchased":["Flash of Steel"],"gold_per_floor":[113,38,51,51,65,91,91,103,103,4,4,15,27,49,49,146,146,157,176,76,86],"floor_reached":22,"campfire_rested":1,"playtime":901,"current_hp_per_floor":[72,72,66,59,65,41,41,38,38,38,38,40,38,35,56,20,72,39,22,22,28],"items_purged":["Defend_R","Strike_R"],"gold":86,"score":216,"play_id":"cec80550-a522-49b1-af7e-449182f07e1d","local_time":"20180304142023","is_prod":false,"is_daily":false,"is_ascension_mode":true,"campfire_upgraded":1,"timestamp":1520184023,"path_taken":["M","$","?","?","?","E","R","M","T","?","?","?","M","?","R","BOSS","M","M","$","M","?"],"build_version":"2018-03-01-PROD1","purchased_purges":2,"victory":false,"master_deck":["Strike_R","Strike_R","Defend_R","Defend_R","Bash+1","Clash","Flash of Steel+1","Rampage+1"],"max_hp_per_floor":[72,72,72,72,72,72,72,72,72,72,72,72,72,72,72,72,72,72,72,72,72],"relics":["Burning Blood","Oddly Smooth Stone","Frozen Eye","Odd Mushroom","White Beast Statue"],"card_choices":[{"not_picked":["Second Wind","Reckless Charge"],"picked":"Clash"},{"not_picked":["Anger","Pommel Strike"],"picked":"Rampage"}],"player_experience":405288,"potions_floor_usage":[16,21,21,21,22],"damage_taken":[{"damage":6,"enemies":"Cultist","floor":1,"turns":3},{"damage":12,"enemies":"Jaw Worm","floor":3,"turns":2},{"damage":0,"enemies":"Small Slimes","floor":5,"turns":3},{"damage":30,"enemies":"Lagavulin","floor":6,"turns":5},{"damage":9,"enemies":"2 Fungi Beasts","floor":8,"turns":3},{"damage":4,"enemies":"Gremlin Gang","floor":12,"turns":4},{"damage":8,"enemies":"Red Slaver","floor":13,"turns":2},{"damage":9,"enemies":"The Mushroom Lair","floor":14,"turns":3},{"damage":42,"enemies":"The Guardian","floor":16,"turns":11},{"damage":39,"enemies":"2 Thieves","floor":18,"turns":4},{"damage":23,"enemies":"Spheric Guardian","floor":19,"turns":4},{"damage":0,"enemies":"Snake Plant","floor":21,"turns":3},{"damage":28,"enemies":"3 Cultists","floor":22,"turns":4}],"event_choices":[{"event_name":"Golden Wing","player_choice":"Card Removal","floor":4,"damage_taken":0},{"event_name":"Upgrade Shrine","player_choice":"Upgraded","floor":11,"damage_taken":0},{"event_name":"Mushrooms","player_choice":"Fought Mushrooms","floor":14,"damage_taken":0}],"boss_relics":[{"not_picked":["Cursed Key","Ectoplasm"],"picked":"White Beast Statue"}],"potions_floor_spawned":[1,12,13,14,18,19,21],"seed_played":"5141531138289142942","killed_by":"3 Cultists","ascension_level":3,"is_trial":false}