{"gold_per_floor":[119,93,73,92,109,140,152,152,199,199,216,216,245,257,257,257],"floor_reached":16,"playtime":586,"items_purged":[],"score":182,"play_id":"eacc8a66-7b27-4146-9ee2-39f71548bc7a","local_time":"20190306221659","is_ascension_mode":true,"campfire_choices":[{"data":"Armaments","floor":8,"key":"SMITH"},{"data":"Armaments","floor":10,"key":"SMITH"},{"data":"Body Slam","floor":15,"key":"SMITH"}],"neow_cost":"NONE","seed_source_timestamp":262330534433803,"circlet_count":0,"master_deck":["Strike_R","Strike_R","Strike_R","Strike_R","Strike_R","Defend_R","Defend_R","Defend_R","Defend_R","Bash","Armaments+1","Armaments+1","Twin Strike","Warcry","Reaper","Twin Strike","Twin Strike","Body Slam+1","Pommel Strike"],"relics":["Burning Blood","NeowsBlessing","Pear","Strawberry","PreservedInsect","Juzu Bracelet"],"potions_floor_usage":[11],"damage_taken":[{"damage":0,"enemies":"Small Slimes","floor":1,"turns":1},{"damage":0,"enemies":"Cultist","floor":4,"turns":1},{"damage":0,"enemies":"2 Louse","floor":5,"turns":1},{"damage":40,"enemies":"Gremlin Nob","floor":6,"turns":5},{"damage":13,"enemies":"Blue Slaver","floor":7,"turns":5},{"damage":15,"enemies":"2 Fungi Beasts","floor":11,"turns":4},{"damage":30,"enemies":"3 Sentries","floor":13,"turns":7},{"damage":1,"enemies":"Exordium Thugs","floor":14,"turns":5},{"damage":76,"enemies":"Hexaghost","floor":16,"turns":12}],"seed_played":"8946679886500579840","potions_obtained":[{"floor":3,"key":"FairyPotion"},{"floor":5,"key":"LiquidBronze"},{"floor":7,"key":"Ancient Potion"},{"floor":13,"key":"EssenceOfSteel"},{"floor":14,"key":"Weak Potion"}],"is_trial":false,"path_per_floor":["M","$","?","M","M","E","M","R","T","R","M","?","E","M","R","B"],"character_chosen":"IRONCLAD","items_purchased":["Armaments"],"campfire_rested":0,"item_purchase_floors":[2],"current_hp_per_floor":[78,78,78,80,80,56,54,54,61,61,62,62,46,56,56,0],"gold":257,"neow_bonus":"THREE_ENEMY_KILL","is_prod":false,"is_daily":false,"chose_seed":false,"campfire_upgraded":3,"win_rate":0,"timestamp":1551939419,"path_taken":["M","$","?","M","?","E","M","R","T","R","M","?","E","M","R","BOSS"],"build_version":"2019-01-23","purchased_purges":0,"victory":false,"max_hp_per_floor":[80,80,80,80,80,90,90,90,97,97,97,97,97,97,97,97],"card_choices":[{"not_picked":["Iron Wave","Clothesline"],"picked":"Armaments","floor":1},{"not_picked":["Wild Strike","Disarm"],"picked":"Twin Strike","floor":4},{"not_picked":["Evolve","Clash"],"picked":"Warcry","floor":5},{"not_picked":["Rage","Anger"],"picked":"Reaper","floor":6},{"not_picked":["Entrench","Sentinel"],"picked":"Twin Strike","floor":7},{"not_picked":["Heavy Blade","Anger"],"picked":"Twin Strike","floor":11},{"not_picked":["Clash","Whirlwind"],"picked":"Body Slam","floor":13},{"not_picked":["Anger","True Grit"],"picked":"Pommel Strike","floor":14}],"player_experience":414350,"relics_obtained":[{"floor":6,"key":"Pear"},{"floor":9,"key":"Strawberry"},{"floor":13,"key":"Juzu Bracelet"}],"event_choices":[{"damage_healed":0,"gold_gain":0,"player_choice":"Bought 1 Potion","damage_taken":0,"max_hp_gain":0,"max_hp_loss":0,"event_name":"The Woman in Blue","floor":3,"gold_loss":0},{"damage_healed":0,"gold_gain":0,"player_choice":"Searched \u00272\u0027 times","damage_taken":0,"relics_obtained":["PreservedInsect"],"max_hp_gain":0,"max_hp_loss":0,"event_name":"Dead Adventurer","floor":12,"gold_loss":0}],"is_beta":false,"boss_relics":[],"items_purged_floors":[],"is_endless":false,"potions_floor_spawned":[5,7,13,14],"killed_by":"Hexaghost","ascension_level":8}