{"gold_per_floor":[115,115,18,41,57,57,32,32,32,32,45,64,164,175,175,275,275,275,275,275,275,175,175,175,175],"floor_reached":25,"playtime":1154,"items_purged":["Defend_R","Defend_R"],"score":193,"play_id":"a1779d21-4f59-4f88-bd12-48e83bfe2daf","local_time":"20180713010800","is_ascension_mode":false,"campfire_choices":[{"data":"Armaments","floor":6,"key":"SMITH"},{"data":"Armaments","floor":8,"key":"SMITH"},{"data":"Searing Blow","floor":15,"key":"SMITH"},{"floor":23,"key":"REST"}],"neow_cost":"NONE","seed_source_timestamp":16363042438062,"circlet_count":0,"master_deck":["Strike_R","Strike_R+1","Strike_R","Strike_R+1","Strike_R","Defend_R","Bash","Fiend Fire","Anger","Armaments+1","Anger","Armaments+1","Dual Wield","Searing Blow+1","Flex","Reaper","Clash+1","Rage+1","Perfected Strike+1","Pommel Strike"],"relics":["Burning Blood","Whetstone","Pantograph","Ectoplasm","Dream Catcher"],"potions_floor_usage":[12],"damage_taken":[{"damage":7,"enemies":"Small Slimes","floor":1,"turns":2},{"damage":0,"enemies":"Cultist","floor":5,"turns":2},{"damage":1,"enemies":"Jaw Worm","floor":11,"turns":2},{"damage":2,"enemies":"Blue Slaver","floor":12,"turns":2},{"damage":0,"enemies":"Exordium Wildlife","floor":14,"turns":2},{"damage":65,"enemies":"The Guardian","floor":16,"turns":7},{"damage":17,"enemies":"3 Byrds","floor":18,"turns":6},{"damage":23,"enemies":"Spheric Guardian","floor":19,"turns":5},{"damage":44,"enemies":"Cultist and Chosen","floor":21,"turns":6},{"damage":27,"enemies":"Snake Plant","floor":24,"turns":3},{"damage":30,"enemies":"Centurion and Healer","floor":25,"turns":4}],"seed_played":"-3271341585507689644","potions_obtained":[{"floor":11,"key":"Ancient Potion"},{"floor":16,"key":"PowerPotion"}],"is_trial":false,"path_per_floor":["M","?","$","T","M","R","$","R","T","$","M","M","?","M","R","B",null,"M","M","?","M","$","R","M"],"character_chosen":"IRONCLAD","items_purchased":["Armaments","Armaments"],"campfire_rested":1,"item_purchase_floors":[3,7],"current_hp_per_floor":[79,72,72,72,78,78,78,78,78,78,80,80,80,80,80,21,80,69,54,54,16,16,40,25,0],"gold":175,"neow_bonus":"ONE_RANDOM_RARE_CARD","is_prod":false,"is_daily":false,"chose_seed":false,"campfire_upgraded":3,"win_rate":0,"timestamp":1531469280,"path_taken":["M","?","$","?","M","R","?","R","T","$","M","?","?","M","R","BOSS","M","M","?","M","?","R","M","M"],"build_version":"2018-07-12","purchased_purges":2,"victory":false,"max_hp_per_floor":[80,80,80,80,80,80,80,80,80,80,80,80,80,80,80,80,80,80,80,80,80,80,80,80,80],"card_choices":[{"not_picked":["Twin Strike","Sword Boomerang"],"picked":"Anger","floor":1},{"not_picked":["Heavy Blade","Whirlwind"],"picked":"Anger","floor":5},{"not_picked":["Warcry","Uppercut"],"picked":"Dual Wield","floor":11},{"not_picked":["Burning Pact","Heavy Blade"],"picked":"Searing Blow","floor":12},{"not_picked":["Disarm","Heavy Blade"],"picked":"Flex","floor":14},{"not_picked":["Berserk","Brutality"],"picked":"Reaper","floor":16},{"not_picked":["Twin Strike+1","Warcry"],"picked":"Clash+1","floor":18},{"not_picked":["Clothesline+1","Wild Strike+1"],"picked":"Rage+1","floor":19},{"not_picked":["Flex+1","Infernal Blade"],"picked":"Perfected Strike+1","floor":21},{"not_picked":["Thunderclap","Corruption"],"picked":"Pommel Strike","floor":23},{"not_picked":["Shrug It Off","Anger","Clothesline"],"picked":"SKIP","floor":24}],"player_experience":31670,"relics_obtained":[{"floor":4,"key":"Whetstone"},{"floor":9,"key":"Pantograph"}],"event_choices":[{"event_name":"Golden Wing","player_choice":"Card Removal","floor":2,"damage_taken":0},{"event_name":"Golden Shrine","player_choice":"Pray","floor":13,"damage_taken":0},{"event_name":"The Mausoleum","player_choice":"Yes","floor":20,"damage_taken":0}],"boss_relics":[{"not_picked":["Fusion Hammer","Runic Dome"],"picked":"Ectoplasm"}],"items_purged_floors":[3,22],"is_endless":false,"potions_floor_spawned":[11,16],"killed_by":"Centurion and Healer","ascension_level":0}