{"gold_per_floor":[119,70,88,105,105,105,146,146,169,17,17,50,63,79,79,199,199,214,214,214,314,329,329,342,356,356,356,373,403,403,413,413,511,511,531,531,541,541],"floor_reached":38,"playtime":1887,"items_purged":["Strike_B"],"score":447,"play_id":"8e483b3a-1513-4b2a-93cd-a43785d895ed","local_time":"20190313234842","is_ascension_mode":true,"campfire_choices":[{"data":"Sunder","floor":6,"key":"SMITH"},{"data":"Chill","floor":8,"key":"SMITH"},{"floor":11,"key":"REST"},{"data":"Streamline","floor":15,"key":"SMITH"},{"data":"Go for the Eyes","floor":23,"key":"SMITH"},{"data":"White Noise","floor":27,"key":"SMITH"},{"data":"Aggregate","floor":30,"key":"SMITH"},{"data":"Coolheaded","floor":32,"key":"SMITH"}],"neow_cost":"NONE","seed_source_timestamp":65016418317860,"circlet_count":0,"master_deck":["Strike_B","Strike_B","Strike_B","Defend_B","Defend_B","Defend_B","Defend_B","Zap","Dualcast","Echo Form","Gash","Gash","Chill+1","Sunder+1","Coolheaded+1","Go for the Eyes+1","Cold Snap","Capacitor","Streamline+1","Gash","All For One","FTL+1","Conserve Battery","White Noise+1","BootSequence","Aggregate+1","Turbo+1","Meteor Strike","Reinforced Body+1","Beam Cell"],"relics":["Cracked Core","Bloody Idol","Dream Catcher","Potion Belt","Bag of Marbles","Cursed Key","Thread and Needle","Bird Faced Urn","Anchor"],"potions_floor_usage":[33],"damage_taken":[{"damage":1,"enemies":"2 Louse","floor":1,"turns":3},{"damage":7,"enemies":"Jaw Worm","floor":3,"turns":3},{"damage":0,"enemies":"Small Slimes","floor":4,"turns":2},{"damage":5,"enemies":"3 Sentries","floor":7,"turns":5},{"damage":12,"enemies":"Gremlin Nob","floor":12,"turns":4},{"damage":3,"enemies":"2 Fungi Beasts","floor":13,"turns":2},{"damage":8,"enemies":"Exordium Thugs","floor":14,"turns":3},{"damage":21,"enemies":"Hexaghost","floor":16,"turns":8},{"damage":9,"enemies":"Spheric Guardian","floor":18,"turns":3},{"damage":6,"enemies":"Shell Parasite","floor":22,"turns":4},{"damage":0,"enemies":"3 Cultists","floor":24,"turns":5},{"damage":31,"enemies":"Snake Plant","floor":25,"turns":5},{"damage":0,"enemies":"Cultist and Chosen","floor":28,"turns":4},{"damage":13,"enemies":"Book of Stabbing","floor":29,"turns":6},{"damage":9,"enemies":"Shelled Parasite and Fungi","floor":31,"turns":6},{"damage":38,"enemies":"Automaton","floor":33,"turns":8},{"damage":48,"enemies":"3 Darklings","floor":35,"turns":6},{"damage":17,"enemies":"3 Shapes","floor":37,"turns":7},{"damage":71,"enemies":"Transient","floor":38,"turns":5}],"seed_played":"1499077588355851140","potions_obtained":[{"floor":3,"key":"Regen Potion"},{"floor":4,"key":"SpeedPotion"},{"floor":7,"key":"Ancient Potion"},{"floor":16,"key":"LiquidBronze"},{"floor":24,"key":"Explosive Potion"},{"floor":28,"key":"Strength Potion"},{"floor":29,"key":"FocusPotion"},{"floor":35,"key":"Weak Potion"}],"is_trial":false,"path_per_floor":["M","$","M","M","?","R","E","R","T","$","R","E","M","M","R","B",null,"M","?","?","?","M","R","M","M","T","R","M","E","R","M","R","B",null,"M","?","M","M"],"character_chosen":"DEFECT","items_purchased":["Gash","Go for the Eyes","Cold Snap"],"campfire_rested":1,"item_purchase_floors":[2,10,10],"current_hp_per_floor":[74,74,67,67,49,49,44,44,44,44,66,54,51,43,43,22,75,66,66,66,71,70,70,75,49,49,49,58,52,52,54,54,27,75,38,38,32,0],"gold":541,"neow_bonus":"ONE_RANDOM_RARE_CARD","is_prod":false,"is_daily":false,"chose_seed":false,"campfire_upgraded":7,"win_rate":0,"timestamp":1552535322,"path_taken":["M","$","M","M","?","R","E","R","T","$","R","E","M","M","R","BOSS","M","?","?","?","?","R","M","M","T","R","M","E","R","M","R","BOSS","M","?","M","?"],"build_version":"2019-01-23","purchased_purges":1,"victory":false,"max_hp_per_floor":[75,75,75,75,75,75,75,75,75,75,75,75,75,75,75,75,75,75,75,75,75,75,75,75,75,75,75,75,75,75,75,75,75,75,75,75,75,75],"card_choices":[{"not_picked":["Barrage","Streamline"],"picked":"Gash","floor":1},{"not_picked":["Conserve Battery","BootSequence"],"picked":"Chill","floor":3},{"not_picked":["Steam","Heatsinks"],"picked":"Sunder","floor":4},{"not_picked":["Skim","Genetic Algorithm"],"picked":"Coolheaded","floor":7},{"not_picked":["Scrape","Redo"],"picked":"Capacitor","floor":11},{"not_picked":["Scrape","Recycle"],"picked":"Streamline","floor":12},{"not_picked":["Fission","Compile Driver","Scrape"],"picked":"SKIP","floor":13},{"not_picked":["Reprogram","Compile Driver"],"picked":"Gash","floor":14},{"not_picked":["Reboot","Thunder Strike"],"picked":"All For One","floor":16},{"not_picked":["Cold Snap","Stack"],"picked":"FTL+1","floor":18},{"not_picked":["Tempest","Compile Driver","Fusion+1"],"picked":"SKIP","floor":22},{"not_picked":["Steam","Sweeping Beam+1"],"picked":"Conserve Battery","floor":24},{"not_picked":["Compile Driver","BootSequence+1"],"picked":"White Noise","floor":25},{"not_picked":["Chaos","Cold Snap"],"picked":"BootSequence","floor":28},{"not_picked":["Redo","Tempest"],"picked":"Aggregate","floor":29},{"not_picked":["Streamline+1","Compile Driver"],"picked":"Turbo+1","floor":31},{"not_picked":["Hyperbeam","Reboot"],"picked":"Meteor Strike","floor":33},{"not_picked":["Hologram+1","Sweeping Beam"],"picked":"Reinforced Body+1","floor":35},{"not_picked":["Compile Driver","Redo"],"picked":"Beam Cell","floor":37}],"player_experience":1235383,"relics_obtained":[{"floor":7,"key":"Dream Catcher"},{"floor":9,"key":"Potion Belt"},{"floor":12,"key":"Bag of Marbles"},{"floor":26,"key":"Bird Faced Urn"},{"floor":29,"key":"Anchor"}],"event_choices":[{"damage_healed":0,"gold_gain":0,"player_choice":"Take Damage","damage_taken":18,"relics_obtained":["Golden Idol"],"max_hp_gain":0,"max_hp_loss":0,"event_name":"Golden Idol","floor":5,"gold_loss":0},{"damage_healed":0,"gold_gain":0,"player_choice":"Gave Idol","damage_taken":0,"relics_obtained":["Bloody Idol"],"max_hp_gain":0,"max_hp_loss":0,"event_name":"Forgotten Altar","floor":19,"relics_lost":["Golden Idol"],"gold_loss":0},{"damage_healed":0,"gold_gain":0,"player_choice":"Opened","damage_taken":0,"relics_obtained":["Thread and Needle"],"max_hp_gain":0,"max_hp_loss":0,"event_name":"The Mausoleum","floor":20,"gold_loss":0},{"damage_healed":0,"gold_gain":100,"player_choice":"Pray","damage_taken":0,"max_hp_gain":0,"max_hp_loss":0,"event_name":"Golden Shrine","floor":21,"gold_loss":0},{"cards_removed":["Regret"],"damage_healed":0,"gold_gain":0,"player_choice":"Removed Curses","damage_taken":0,"max_hp_gain":0,"max_hp_loss":0,"event_name":"Fountain of Cleansing","floor":36,"gold_loss":0}],"is_beta":false,"boss_relics":[{"not_picked":["Sozu","Empty Cage"],"picked":"Cursed Key"},{"not_picked":["Calling Bell","Velvet Choker","Fusion Hammer"]}],"items_purged_floors":[10],"is_endless":false,"potions_floor_spawned":[3,4,7,16,24,28,29,31,35],"killed_by":"Transient","ascension_level":2}