{"gold_per_floor":[117,117,117,38,54,54,81,100,100,125,125,125,125,52,52,150,150,166,166,184,284,284],"floor_reached":22,"playtime":755,"items_purged":[],"score":290,"play_id":"df1107b0-bba9-4fc1-a152-62c8770b1592","local_time":"20190304191921","is_ascension_mode":false,"campfire_choices":[{"data":"Carnage","floor":6,"key":"SMITH"},{"data":"Inflame","floor":12,"key":"SMITH"},{"data":"Pummel","floor":15,"key":"SMITH"}],"neow_cost":"","seed_source_timestamp":0,"circlet_count":0,"master_deck":["Strike_R","Strike_R","Strike_R+1","Defend_R","Defend_R","Defend_R","Defend_R","Bash+1","Thunderclap+1","Carnage+1","Twin Strike","Iron Wave","Inflame+1","Pummel+1","Limit Break","Headbutt","Evolve","Hemokinesis","Dropkick+1"],"relics":["Burning Blood","Centennial Puzzle","Dodecahedron","Nunchaku","Question Card","Sozu","Du-Vu Doll","Toxic Egg 2"],"potions_floor_usage":[10,16,21],"damage_taken":[{"damage":3,"enemies":"Small Slimes","floor":1,"turns":4},{"damage":0,"enemies":"Cultist","floor":5,"turns":2},{"damage":18,"enemies":"3 Sentries","floor":7,"turns":5},{"damage":8,"enemies":"Jaw Worm","floor":8,"turns":4},{"damage":16,"enemies":"Lagavulin","floor":10,"turns":5},{"damage":15,"enemies":"Hexaghost","floor":16,"turns":6},{"damage":10,"enemies":"2 Thieves","floor":18,"turns":2},{"damage":5,"enemies":"Shell Parasite","floor":20,"turns":2},{"damage":35,"enemies":"Colosseum Slavers","floor":21,"turns":4},{"damage":16,"enemies":"Colosseum Nobs","floor":21,"turns":3},{"damage":43,"enemies":"Shelled Parasite and Fungi","floor":22,"turns":4}],"seed_played":"1060130759320085486","potions_obtained":[{"floor":7,"key":"Weak Potion"},{"floor":8,"key":"SpeedPotion"},{"floor":10,"key":"SkillPotion"}],"is_trial":true,"path_per_floor":["M","$","?","$","M","R","E","M","T","E","?","R","?","$","R","B",null,"M","?","M","?","M"],"character_chosen":"IRONCLAD","items_purchased":["Carnage","Pummel"],"campfire_rested":0,"item_purchase_floors":[4,14],"current_hp_per_floor":[80,80,80,80,80,80,68,66,66,56,44,44,28,28,28,19,80,76,76,77,38,0],"gold":284,"neow_bonus":"","is_prod":false,"is_daily":false,"chose_seed":false,"campfire_upgraded":3,"win_rate":0,"timestamp":1551748761,"path_taken":["M","$","?","$","M","R","E","?","T","E","?","R","?","?","R","BOSS","M","?","M","?","M"],"build_version":"2019-01-23","purchased_purges":0,"victory":false,"max_hp_per_floor":[80,80,80,80,80,80,80,80,80,80,80,80,80,80,80,80,80,80,80,80,80,80],"card_choices":[{"not_picked":["Clothesline","Bloodletting"],"picked":"Thunderclap","floor":1},{"not_picked":["Clothesline","Uppercut"],"picked":"Twin Strike","floor":5},{"not_picked":["Cleave","Clash"],"picked":"Iron Wave","floor":7},{"not_picked":["Iron Wave","Entrench","Burning Pact"],"picked":"SKIP","floor":8},{"not_picked":["Iron Wave","Hemokinesis"],"picked":"Inflame","floor":10},{"not_picked":["Dark Embrace","Double Tap","Immolate"],"picked":"Limit Break","floor":16},{"not_picked":["Heavy Blade","Twin Strike","Combust+1"],"picked":"Headbutt","floor":18},{"not_picked":["Twin Strike+1","Perfected Strike","Fire Breathing"],"picked":"Dropkick+1","floor":20}],"player_experience":303470,"relics_obtained":[{"floor":7,"key":"Centennial Puzzle"},{"floor":9,"key":"Dodecahedron"},{"floor":10,"key":"Nunchaku"},{"floor":21,"key":"Du-Vu Doll"},{"floor":21,"key":"Toxic Egg 2"}],"event_choices":[{"damage_healed":0,"gold_gain":0,"player_choice":"Forge","damage_taken":0,"max_hp_gain":0,"max_hp_loss":0,"event_name":"Accursed Blacksmith","floor":3,"gold_loss":0,"cards_upgraded":["Bash"]},{"damage_healed":0,"gold_gain":0,"player_choice":"Success","damage_taken":12,"relics_obtained":["Question Card"],"max_hp_gain":0,"max_hp_loss":0,"event_name":"Scrap Ooze","floor":11,"gold_loss":0},{"damage_healed":0,"gold_gain":0,"player_choice":"Entered Light","damage_taken":16,"max_hp_gain":0,"max_hp_loss":0,"event_name":"Shining Light","floor":13,"gold_loss":0,"cards_upgraded":["Thunderclap","Strike_R"]},{"damage_healed":0,"gold_gain":0,"cards_transformed":["Strike_R","Strike_R"],"player_choice":"Became Test Subject","damage_taken":0,"max_hp_gain":0,"max_hp_loss":0,"event_name":"Drug Dealer","floor":19,"gold_loss":0,"cards_obtained":["Evolve","Hemokinesis"]},{"damage_healed":0,"gold_gain":0,"player_choice":"Fight","damage_taken":0,"max_hp_gain":0,"max_hp_loss":0,"event_name":"Colosseum","floor":21,"gold_loss":0},{"damage_healed":0,"gold_gain":0,"player_choice":"Fought Nobs","damage_taken":0,"max_hp_gain":0,"max_hp_loss":0,"event_name":"Colosseum","floor":21,"gold_loss":0}],"is_beta":false,"boss_relics":[{"not_picked":["Pandora\u0027s Box","Coffee Dripper"],"picked":"Sozu"}],"items_purged_floors":[],"is_endless":true,"potions_floor_spawned":[7,8,10,20,21],"killed_by":"Shelled Parasite and Fungi","ascension_level":0}