{"path_per_floor":["M","M","M","?","?","E","$","E","T","R","M","?","E","M","R","B",null,"M","?","M","M","$","R"],"character_chosen":"IRONCLAD","items_purchased":["Rage","True Grit"],"gold_per_floor":[116,136,152,152,152,180,25,56,56,56,75,75,100,114,114,215,215,229,229,200,212,85,85,85],"floor_reached":24,"campfire_rested":1,"playtime":896,"current_hp_per_floor":[77,68,74,66,66,52,52,40,40,40,40,46,33,35,35,16,94,59,43,36,10,10,44,0],"items_purged":["Defend_R","Normality"],"gold":85,"score":331,"play_id":"201dc1c2-2f06-4c49-a9d8-6f59cdf4b5c1","local_time":"20180417181900","is_prod":false,"is_daily":false,"chose_seed":false,"is_ascension_mode":true,"campfire_upgraded":2,"timestamp":1523999940,"path_taken":["M","M","M","?","?","E","?","E","T","R","?","?","E","M","R","BOSS","M","?","?","M","?","R","E"],"build_version":"2018-04-12","seed_source_timestamp":25760563936267,"purchased_purges":2,"victory":false,"master_deck":["Strike_R","Strike_R","Strike_R","Strike_R","Strike_R","Defend_R+1","Defend_R+1","Bash","Second Wind","Clash","Rampage+1","Rage+1","Dark Embrace","Normality","Regret","Parasite","Warcry","Sever Soul","True Grit"],"max_hp_per_floor":[80,80,80,80,80,80,80,80,80,80,80,86,86,86,86,86,111,111,111,111,114,114,114,114],"relics":["Burning Blood","Champion Belt","Orichalcum","Lantern","Darkstone Periapt","Charon\u0027s Ashes","Calling Bell","Ginger","Strawberry","War Paint","Nilry\u0027s Codex"],"card_choices":[{"not_picked":["Wild Strike","Power Through"],"picked":"Second Wind","floor":1},{"not_picked":["Flex","Seeing Red"],"picked":"Clash","floor":2},{"not_picked":["Clash","Havoc"],"picked":"Rampage","floor":3},{"not_picked":["Feed","Offering"],"picked":"Dark Embrace","floor":16},{"not_picked":["Pommel Strike","Carnage"],"picked":"Warcry","floor":18},{"not_picked":["Infernal Blade","Power Through"],"picked":"Sever Soul","floor":20}],"player_experience":708213,"potions_floor_usage":[6,6,8,18,20,24],"damage_taken":[{"damage":1,"enemies":"Cultist","floor":1,"turns":3},{"damage":15,"enemies":"Small Slimes","floor":2,"turns":3},{"damage":0,"enemies":"2 Louse","floor":3,"turns":2},{"damage":20,"enemies":"Lagavulin","floor":6,"turns":4},{"damage":18,"enemies":"3 Sentries","floor":8,"turns":6},{"damage":6,"enemies":"Exordium Wildlife","floor":11,"turns":3},{"damage":19,"enemies":"Lagavulin","floor":13,"turns":7},{"damage":4,"enemies":"Red Slaver","floor":14,"turns":3},{"damage":25,"enemies":"Slime Boss","floor":16,"turns":12},{"damage":41,"enemies":"Shell Parasite","floor":18,"turns":8},{"damage":13,"enemies":"2 Thieves","floor":20,"turns":5},{"damage":35,"enemies":"Snake Plant","floor":21,"turns":4},{"damage":49,"enemies":"Book of Stabbing","floor":24,"turns":5}],"event_choices":[{"event_name":"Wheel of Change","player_choice":"Damage","floor":4,"damage_taken":0},{"event_name":"The Lab","player_choice":"Got Potions","floor":5,"damage_taken":0},{"event_name":"Accursed Blacksmith","player_choice":"Rummage","floor":12,"damage_taken":0},{"event_name":"Cursed Tome","player_choice":"Obtained Book","floor":19,"damage_taken":0}],"boss_relics":[{"not_picked":["Pandora\u0027s Box","Astrolabe"],"picked":"Calling Bell"}],"potions_floor_spawned":[1,2,3,16,18,21],"seed_played":"5166488723838875670","killed_by":"Book of Stabbing","ascension_level":6,"is_trial":false}