{"path_per_floor":["M","?","$","M","M","R","?","$","T","R","M","M","?","M","R","B",null,"M","?","M","?"],"character_chosen":"IRONCLAD","items_purchased":["True Grit","Wild Strike"],"gold_per_floor":[113,113,66,79,92,92,92,69,69,69,79,90,40,51,51,149,149,169,169,179,229,229],"floor_reached":22,"campfire_rested":0,"playtime":671,"current_hp_per_floor":[80,73,73,79,80,80,80,80,80,80,76,67,67,55,55,43,80,65,65,35,35,0],"items_purged":[],"gold":229,"score":176,"play_id":"29fffed6-5484-4933-9fd6-d716e2554c75","local_time":"20180424175151","is_prod":false,"is_daily":false,"chose_seed":false,"is_ascension_mode":false,"campfire_upgraded":3,"timestamp":1524603111,"path_taken":["M","?","$","M","M","R","?","$","T","R","?","M","?","M","R","BOSS","M","?","?","?","M"],"build_version":"2018-04-19","seed_source_timestamp":30301859624474,"purchased_purges":0,"victory":false,"master_deck":["Strike_R","Strike_R","Strike_R","Strike_R","Defend_R","Bash","Disarm","Cleave","True Grit+1","Flex","Feel No Pain+1","Wild Strike+1","Thunderclap","Juggernaut","Warcry"],"max_hp_per_floor":[80,80,80,80,80,80,80,80,80,80,80,80,80,80,80,80,80,80,80,80,80,80],"relics":["Black Blood"],"card_choices":[{"not_picked":["Flex","Warcry"],"picked":"Cleave","floor":1},{"not_picked":["Sword Boomerang","Entrench"],"picked":"Flex","floor":4},{"not_picked":["Iron Wave","Wild Strike"],"picked":"Feel No Pain","floor":5},{"not_picked":["Flex","Wild Strike"],"picked":"Thunderclap","floor":12},{"not_picked":["Impervious","Barricade"],"picked":"Juggernaut","floor":16},{"not_picked":["Dropkick","Battle Trance"],"picked":"Warcry","floor":18}],"player_experience":736903,"potions_floor_usage":[16,16,20],"damage_taken":[{"damage":3,"enemies":"Jaw Worm","floor":1,"turns":4},{"damage":0,"enemies":"Small Slimes","floor":4,"turns":3},{"damage":1,"enemies":"2 Louse","floor":5,"turns":3},{"damage":10,"enemies":"Large Slime","floor":11,"turns":5},{"damage":15,"enemies":"Looter","floor":12,"turns":3},{"damage":18,"enemies":"Lots of Slimes","floor":14,"turns":2},{"damage":18,"enemies":"Slime Boss","floor":16,"turns":9},{"damage":25,"enemies":"Chosen","floor":18,"turns":7},{"damage":40,"enemies":"Shell Parasite","floor":20,"turns":7},{"damage":38,"enemies":"Snake Plant","floor":22,"turns":4}],"event_choices":[{"event_name":"Golden Wing","player_choice":"Card Removal","floor":2,"damage_taken":0},{"event_name":"Dead Adventurer","player_choice":"Searched \u00270\u0027 times","floor":7,"damage_taken":0},{"event_name":"The Cleric","player_choice":"Card Removal","floor":13,"damage_taken":0},{"event_name":"Purifier","player_choice":"One Purge","floor":19,"damage_taken":0},{"event_name":"The Joust","player_choice":"Bet on Murderer","floor":21,"damage_taken":0}],"boss_relics":[{"not_picked":["Philosopher\u0027s Stone","Velvet Choker"],"picked":"Black Blood"}],"potions_floor_spawned":[5,11,14],"seed_played":"5619374607120501632","killed_by":"Snake Plant","ascension_level":0,"is_trial":false}