{"path_per_floor":["M","M","?","?","M","R","?","M","T","M","R","M","R","$","R","B",null,"M","?","M","M","$","R","?","M","T","?","M","$","R","M","R"],"character_chosen":"THE_SILENT","items_purchased":["Ornamental Fan","Paper Crane","Malaise"],"gold_per_floor":[109,125,75,325,340,340,340,358,440,458,458,469,469,149,149,251,251,268,268,281,295,14,14,14,30,30,30,49,49,49,65,65],"floor_reached":33,"campfire_rested":4,"playtime":2215,"current_hp_per_floor":[61,61,60,60,55,55,55,53,53,45,45,38,56,56,56,35,54,42,42,42,11,11,23,23,21,21,35,22,22,34,28,40],"items_purged":["Regret"],"gold":65,"score":385,"play_id":"d665081b-4aee-477b-847b-30fea2ff489d","is_prod":false,"is_daily":false,"is_ascension_mode":true,"campfire_upgraded":3,"path_taken":["M","M","?","?","?","R","?","M","T","M","R","M","R","?","R","BOSS","M","?","M","?","$","R","?","M","T","?","M","$","R","M","R","BOSS"],"build_version":"2018-02-22-PROD2","purchased_purges":1,"victory":false,"master_deck":["Defend_G","Defend_G","Defend_G","Defend_G","Defend_G","Survivor","Neutralize+1","Night Terror+1","Terror+1","Dagger Spray","Flying Knee","PiercingWail","Dash","Glass Knife","Endless Agony","Backstab","Bite","Bite","Bite","Bite","Bite","Malaise","Backstab","Die Die Die"],"max_hp_per_floor":[63,63,60,60,60,60,60,60,60,60,60,60,60,60,60,60,60,60,42,42,42,42,42,42,42,42,42,42,42,42,42,42],"relics":["Ring of the Snake","Toolbox","Ornamental Fan","Orrery","Paper Crane","Du-Vu Doll"],"card_choices":[{"not_picked":["Wraith Form","Tools of the Trade"],"picked":"Night Terror"},{"not_picked":["Underhanded Strike","Concentrate"],"picked":"Terror"},{"not_picked":["Accuracy","Terror"],"picked":"Dagger Spray"},{"not_picked":["Poisoned Stab","Skewer"],"picked":"Flying Knee"},{"not_picked":["Skewer","Deflect"],"picked":"PiercingWail"},{"not_picked":["Cloak And Dagger","Calculated Gamble"],"picked":"Dash"},{"not_picked":["Tools of the Trade","Unload"],"picked":"Glass Knife"},{"not_picked":["Expertise","Sucker Punch"],"picked":"Endless Agony"},{"not_picked":["Acrobatics","Backflip"],"picked":"Backstab"},{"not_picked":["Cloak And Dagger","Terror"],"picked":"Backstab"},{"not_picked":["Slice","Sucker Punch"],"picked":"Die Die Die"}],"player_experience":377090,"potions_floor_usage":[5,12,16,16,18,28,33,33],"damage_taken":[{"damage":2,"enemies":"Small Slimes","floor":1,"turns":3},{"damage":0,"enemies":"Jaw Worm","floor":2,"turns":5},{"damage":5,"enemies":"2 Louse","floor":5,"turns":2},{"damage":2,"enemies":"Red Slaver","floor":8,"turns":3},{"damage":8,"enemies":"3 Louse","floor":10,"turns":3},{"damage":7,"enemies":"Large Slime","floor":12,"turns":7},{"damage":36,"enemies":"The Guardian","floor":16,"turns":16},{"damage":18,"enemies":"2 Thieves","floor":18,"turns":3},{"damage":0,"enemies":"3 Byrds","floor":20,"turns":5},{"damage":43,"enemies":"Snake Plant","floor":21,"turns":6},{"damage":12,"enemies":"Centurion and Healer","floor":25,"turns":6},{"damage":13,"enemies":"Slaver and Parasite","floor":28,"turns":3},{"damage":16,"enemies":"Snecko","floor":31,"turns":7},{"damage":50,"enemies":"Champ","floor":33,"turns":9}],"event_choices":[{"event_name":"The Cleric","player_choice":"Card Removal","floor":3,"damage_taken":0},{"event_name":"Golden Shrine","player_choice":"Desecrate","floor":4,"damage_taken":0},{"event_name":"The Lab","player_choice":"Got Potions","floor":7,"damage_taken":0},{"event_name":"Vampires","player_choice":"Became a vampire","floor":19,"damage_taken":0},{"event_name":"Addict","player_choice":"Ignored","floor":24,"damage_taken":0},{"event_name":"The Library","player_choice":"Heal","floor":27,"damage_taken":0}],"boss_relics":[{"not_picked":["The Specimen","Pandora\u0027s Box"],"picked":"Orrery"}],"potions_floor_spawned":[2,8,10,16,21,28,31],"seed_played":"4411467094764851793","killed_by":"Champ","ascension_level":10,"is_trial":false}