{"path_per_floor":["M","$","?","?","T","E","R","T","T","E","M","?","M","M","R","B",null,"M","M","?","$","M","R"],"character_chosen":"THE_SILENT","items_purchased":["Underhanded Strike","Dagger Spray"],"gold_per_floor":[112,10,10,85,85,112,112,137,137,167,183,183,200,210,210,310,310,328,342,442,320,334,334],"floor_reached":24,"campfire_rested":3,"playtime":1624,"current_hp_per_floor":[59,59,59,48,48,36,57,57,57,7,7,7,7,5,26,20,59,59,59,59,59,37,58],"items_purged":["Strike_G","Regret"],"gold":334,"score":275,"play_id":"22615c3f-6f10-4ffe-9f92-a456b1c72807","is_prod":false,"is_daily":false,"is_ascension_mode":true,"campfire_upgraded":0,"path_taken":["M","$","?","?","?","E","R","?","T","E","?","?","M","M","R","BOSS","M","M","?","?","M","R","E"],"build_version":"2018-02-22-PROD2","purchased_purges":2,"victory":false,"master_deck":["Defend_G","Defend_G","Defend_G","Defend_G","Defend_G","Strike_G","Strike_G","Strike_G","Strike_G","Survivor","Neutralize","Tools of the Trade","Underhanded Strike","Dagger Throw","Dash","A Thousand Cuts","Predator","Bullet Time","Prepared","Accuracy+1","Dagger Spray","Blur+1"],"max_hp_per_floor":[70,70,70,70,70,72,72,72,72,72,72,72,72,72,72,72,72,72,72,72,72,72,72],"relics":["Question Card","Thread and Needle","Gambling Chip","Singing Bowl","Bag of Marbles","Ginger","Ninja Scroll","Lizard Tail"],"card_choices":[{"not_picked":["Catalyst","Choke","All Out Attack"],"picked":"Tools of the Trade"},{"not_picked":["Bouncing Flask","Dash","Concentrate"],"picked":"Dagger Throw"},{"not_picked":["Riddle With Holes","Poisoned Stab","Cloak And Dagger"],"picked":"Dash"},{"not_picked":["Outmaneuver","Flying Knee","Dodge and Roll"],"picked":"A Thousand Cuts"},{"not_picked":["Deflect","Concentrate","Glass Knife"],"picked":"Predator"},{"not_picked":["Night Terror","Doppelganger","Grand Finale"],"picked":"Bullet Time"},{"not_picked":["Deflect","Bouncing Flask","All Out Attack"],"picked":"Prepared"},{"not_picked":["Endless Agony","Slice","Dash"],"picked":"Accuracy"},{"not_picked":["Poisoned Stab","Slice","Acrobatics"],"picked":"Blur"}],"player_experience":269573,"potions_floor_usage":[6,16,16,19,19],"damage_taken":[{"damage":4,"enemies":"Small Slimes","floor":1,"turns":4},{"damage":14,"enemies":"3 Sentries","floor":6,"turns":9},{"damage":50,"enemies":"Gremlin Nob","floor":10,"turns":6},{"damage":0,"enemies":"2 Louse","floor":11,"turns":2},{"damage":0,"enemies":"Jaw Worm","floor":13,"turns":2},{"damage":2,"enemies":"Large Slime","floor":14,"turns":5},{"damage":6,"enemies":"The Guardian","floor":16,"turns":14},{"damage":0,"enemies":"3 Byrds","floor":18,"turns":6},{"damage":0,"enemies":"2 Thieves","floor":19,"turns":4},{"damage":22,"enemies":"Snecko","floor":22,"turns":5},{"damage":52,"enemies":"Book of Stabbing","floor":24,"turns":7}],"event_choices":[{"event_name":"Big Fish","player_choice":"Box","floor":3,"damage_taken":0},{"event_name":"World of Goop","player_choice":"Gather Gold","floor":4,"damage_taken":0},{"event_name":"Golden Idol","player_choice":"Ignored","floor":12,"damage_taken":0},{"event_name":"Golden Shrine","player_choice":"Pray","floor":20,"damage_taken":0}],"boss_relics":[{"not_picked":["Orrery","Astrolabe"],"picked":"Lizard Tail"}],"potions_floor_spawned":[1,10,11,13,14,18,22],"seed_played":"4174691113861915185","killed_by":"Book of Stabbing","ascension_level":7,"is_trial":false}