{"gold_per_floor":[117,8,28,45,59,59,89,89,112,141,158,158,158,181,181,282,282,269,287,287,287],"floor_reached":21,"playtime":1066,"items_purged":["Strike_B"],"score":208,"play_id":"c7450e94-22ed-4596-b1eb-5332edc3bb75","local_time":"20190224184417","is_ascension_mode":true,"campfire_choices":[{"data":"Defragment","floor":6,"key":"SMITH"},{"data":"Defragment","floor":8,"key":"SMITH"},{"data":"White Noise","floor":12,"key":"SMITH"},{"data":"Reinforced Body","floor":15,"key":"SMITH"}],"neow_cost":"NONE","seed_source_timestamp":292251168213640,"circlet_count":0,"master_deck":["Strike_B","Strike_B","Defend_B","Defend_B","Defend_B","Defend_B","Zap","Dualcast","Glacier","Defragment+1","Capacitor","Beam Cell","Reinforced Body+1","Defragment+1","Barrage","White Noise+1","Rainbow","Chaos+1","Redo","Finesse"],"relics":["Cracked Core","Anchor","Dream Catcher","Centennial Puzzle","Nuclear Battery"],"potions_floor_usage":[10],"damage_taken":[{"damage":0,"enemies":"Cultist","floor":1,"turns":4},{"damage":2,"enemies":"Jaw Worm","floor":3,"turns":3},{"damage":0,"enemies":"Small Slimes","floor":4,"turns":3},{"damage":3,"enemies":"Blue Slaver","floor":5,"turns":3},{"damage":2,"enemies":"3 Sentries","floor":7,"turns":11},{"damage":20,"enemies":"Gremlin Nob","floor":10,"turns":7},{"damage":0,"enemies":"Gremlin Gang","floor":11,"turns":6},{"damage":13,"enemies":"Hexaghost","floor":16,"turns":12},{"damage":14,"enemies":"2 Thieves","floor":18,"turns":4},{"damage":0,"enemies":"3 Byrds","floor":19,"turns":5},{"damage":67,"enemies":"Cultist and Chosen","floor":21,"turns":6}],"seed_played":"-4134209211288578833","potions_obtained":[{"floor":0,"key":"Strength Potion"},{"floor":0,"key":"Regen Potion"},{"floor":0,"key":"FocusPotion"},{"floor":10,"key":"EssenceOfSteel"}],"is_trial":false,"path_per_floor":["M","$","M","M","M","R","E","R","T","E","M","R","?","T","R","B",null,"M","M","?","M"],"character_chosen":"DEFECT","items_purchased":["Defragment"],"campfire_rested":0,"item_purchase_floors":[2],"current_hp_per_floor":[75,75,73,73,70,70,68,68,68,53,53,53,46,46,46,33,75,61,61,61,0],"gold":287,"neow_bonus":"THREE_SMALL_POTIONS","is_prod":false,"is_daily":false,"chose_seed":false,"campfire_upgraded":4,"win_rate":0,"timestamp":1551055457,"path_taken":["M","$","M","?","M","R","E","R","T","E","M","R","?","?","R","BOSS","M","M","?","M"],"build_version":"2019-01-23","purchased_purges":1,"victory":false,"max_hp_per_floor":[75,75,75,75,75,75,75,75,75,75,75,75,75,75,75,75,75,75,75,75,75],"card_choices":[{"not_picked":["Sunder","Blizzard"],"picked":"Glacier","floor":1},{"not_picked":["Double Energy","Steam Power"],"picked":"Capacitor","floor":3},{"not_picked":["Redo","Hello World"],"picked":"Beam Cell","floor":4},{"not_picked":["Stack","Barrage"],"picked":"Reinforced Body","floor":5},{"not_picked":["Beam Cell","Leap"],"picked":"Defragment","floor":7},{"not_picked":["Chaos","Heatsinks"],"picked":"Barrage","floor":10},{"not_picked":["Sweeping Beam","Capacitor"],"picked":"White Noise","floor":11},{"not_picked":["All For One","Reboot"],"picked":"Rainbow","floor":16},{"not_picked":["Fusion","Stack"],"picked":"Chaos+1","floor":18},{"not_picked":["Conserve Battery","Cold Snap"],"picked":"Redo","floor":19}],"player_experience":225840,"relics_obtained":[{"floor":7,"key":"Anchor"},{"floor":9,"key":"Dream Catcher"},{"floor":10,"key":"Centennial Puzzle"}],"event_choices":[{"cards_removed":["Strike_B"],"damage_healed":0,"gold_gain":0,"player_choice":"Card Removal","damage_taken":7,"max_hp_gain":0,"max_hp_loss":0,"event_name":"Golden Wing","floor":13,"gold_loss":0},{"damage_healed":0,"gold_gain":0,"player_choice":"1 cards matched","damage_taken":0,"max_hp_gain":0,"max_hp_loss":0,"event_name":"Match and Keep!","floor":20,"gold_loss":0,"cards_obtained":["Finesse"]}],"is_beta":false,"boss_relics":[{"not_picked":["FrozenCore","Black Star"],"picked":"Nuclear Battery"}],"items_purged_floors":[2],"is_endless":false,"potions_floor_spawned":[1,10,11,16],"killed_by":"Cultist and Chosen","ascension_level":2}