{"gold_per_floor":[117,117,117,130,44,70,70,81,106,106,122,132,193,223,223,321,321,338,338,10,10,10,41,56,56,79,99,115,133,0,14,14,14],"floor_reached":33,"playtime":1361,"items_purged":[],"score":302,"play_id":"ddd2d8f9-0fd6-497e-bc54-12b7a2fa62eb","local_time":"20190210125348","is_ascension_mode":false,"campfire_choices":[{"data":"Fusion","floor":7,"key":"SMITH"},{"data":"Chaos","floor":10,"key":"SMITH"},{"data":"Compile Driver","floor":15,"key":"SMITH"},{"floor":25,"key":"REST"},{"floor":32,"key":"RECALL"}],"neow_cost":"NONE","seed_source_timestamp":75560217648799,"circlet_count":0,"master_deck":["Strike_B","Strike_B","Strike_B","Defend_B","Defend_B","Defend_B","Defend_B","Zap+1","Dualcast","Coolheaded+1","Chaos+1","Capacitor","Turbo","Fusion+1","Cold Snap","Tempest","Go for the Eyes","Compile Driver+1","Steam","Electrodynamics","Redo","Darkness","Chaos+1","Steam+1","Defragment+1","Leap","Beam Cell","Cold Snap+1","Sweeping Beam"],"relics":["Cracked Core","NeowsBlessing","Strawberry","Orichalcum","DataDisk","Calipers","Snecko Eye","Medical Kit","Centennial Puzzle","Potion Belt"],"potions_floor_usage":[8,23,31,31],"damage_taken":[{"damage":0,"enemies":"Small Slimes","floor":1,"turns":1},{"damage":0,"enemies":"Cultist","floor":4,"turns":1},{"damage":0,"enemies":"Gremlin Nob","floor":6,"turns":1},{"damage":1,"enemies":"Jaw Worm","floor":8,"turns":3},{"damage":1,"enemies":"Looter","floor":11,"turns":3},{"damage":5,"enemies":"Large Slime","floor":12,"turns":4},{"damage":25,"enemies":"3 Sentries","floor":13,"turns":7},{"damage":7,"enemies":"3 Sentries","floor":14,"turns":4},{"damage":21,"enemies":"Hexaghost","floor":16,"turns":9},{"damage":11,"enemies":"Shell Parasite","floor":18,"turns":7},{"damage":50,"enemies":"Slavers","floor":23,"turns":4},{"damage":12,"enemies":"2 Thieves","floor":24,"turns":3},{"damage":19,"enemies":"Shelled Parasite and Fungi","floor":27,"turns":5},{"damage":5,"enemies":"Cultist and Chosen","floor":28,"turns":4},{"damage":4,"enemies":"Snecko","floor":29,"turns":4},{"damage":11,"enemies":"Snake Plant","floor":31,"turns":3},{"damage":9,"enemies":"Automaton","floor":33,"turns":3}],"seed_played":"-9014359207590985365","potions_obtained":[{"floor":6,"key":"Explosive Potion"},{"floor":11,"key":"FairyPotion"},{"floor":16,"key":"Poison Potion"},{"floor":18,"key":"GamblersBrew"},{"floor":23,"key":"Strength Potion"},{"floor":27,"key":"Energy Potion"},{"floor":29,"key":"Block Potion"}],"is_trial":false,"path_per_floor":["M","?","?","M","$","E","R","M","T","R","M","M","?","E","R","B",null,"M","?","$","?","?","E","M","R","T","M","M","M","?","M","R","B"],"character_chosen":"DEFECT","items_purchased":["Capacitor","Turbo","Electrodynamics","Medical Kit","Redo"],"campfire_rested":1,"item_purchase_floors":[5,5,20,20,20],"current_hp_per_floor":[75,75,75,75,75,82,82,81,81,81,80,75,50,43,43,22,82,71,71,71,71,71,21,9,33,33,14,9,5,5,8,8,0],"gold":14,"neow_bonus":"THREE_ENEMY_KILL","is_prod":false,"is_daily":false,"chose_seed":false,"campfire_upgraded":3,"win_rate":0,"timestamp":1549824828,"path_taken":["M","?","?","?","$","E","R","M","T","R","M","M","?","E","R","BOSS","M","?","$","?","?","E","M","R","T","?","M","M","?","M","R","BOSS"],"build_version":"2019-01-23","purchased_purges":0,"victory":false,"max_hp_per_floor":[75,75,75,75,75,82,82,82,82,82,82,82,82,82,82,82,82,82,82,82,82,82,82,82,82,82,82,82,82,82,82,82,82],"card_choices":[{"not_picked":["Hologram","White Noise"],"picked":"Coolheaded","floor":1},{"not_picked":["Compile Driver","Self Repair"],"picked":"Chaos","floor":4},{"not_picked":["Hyperbeam","Ball Lightning"],"picked":"Fusion","floor":6},{"not_picked":["Force Field","Tempest"],"picked":"Cold Snap","floor":8},{"not_picked":["Gash","Hologram"],"picked":"Tempest","floor":11},{"not_picked":["Gash","Melter"],"picked":"Go for the Eyes","floor":12},{"not_picked":["Sweeping Beam","Hologram"],"picked":"Compile Driver","floor":13},{"not_picked":["Melter","Ball Lightning","Creative AI"],"picked":"SKIP","floor":14},{"not_picked":["Conserve Battery+1","Go for the Eyes"],"picked":"Steam","floor":18},{"not_picked":["Fusion","Lockon+1"],"picked":"Steam+1","floor":23},{"not_picked":["Fusion","Rip and Tear"],"picked":"Defragment+1","floor":24},{"not_picked":["Turbo+1","Redo"],"picked":"Leap","floor":27},{"not_picked":["Gash+1","Compile Driver"],"picked":"Beam Cell","floor":28},{"not_picked":["Recycle","Turbo"],"picked":"Cold Snap+1","floor":29},{"not_picked":["Biased Cognition","Redo"],"picked":"Sweeping Beam","floor":31}],"player_experience":138917,"relics_obtained":[{"floor":6,"key":"Strawberry"},{"floor":9,"key":"Orichalcum"},{"floor":13,"key":"DataDisk"},{"floor":14,"key":"Calipers"},{"floor":23,"key":"Centennial Puzzle"},{"floor":26,"key":"Potion Belt"}],"event_choices":[{"damage_healed":0,"gold_gain":0,"player_choice":"Grow","damage_taken":0,"max_hp_gain":0,"max_hp_loss":0,"event_name":"Living Wall","floor":2,"gold_loss":0,"cards_upgraded":["Zap"]},{"damage_healed":0,"gold_gain":0,"player_choice":"Upgraded","damage_taken":0,"max_hp_gain":0,"max_hp_loss":0,"event_name":"Upgrade Shrine","floor":3,"gold_loss":0,"cards_upgraded":["Coolheaded"]},{"damage_healed":0,"gold_gain":30,"player_choice":"Searched \u00272\u0027 times","damage_taken":0,"max_hp_gain":0,"max_hp_loss":0,"event_name":"Dead Adventurer","floor":13,"gold_loss":0},{"cards_removed":["Strike_B"],"damage_healed":0,"gold_gain":0,"player_choice":"Elegance","damage_taken":0,"max_hp_gain":0,"max_hp_loss":0,"event_name":"Back to Basics","floor":19,"gold_loss":0},{"damage_healed":0,"gold_gain":0,"player_choice":"Read","damage_taken":0,"max_hp_gain":0,"max_hp_loss":0,"event_name":"The Library","floor":21,"gold_loss":0,"cards_obtained":["Darkness"]},{"damage_healed":0,"gold_gain":0,"player_choice":"Copied","damage_taken":0,"max_hp_gain":0,"max_hp_loss":0,"event_name":"Duplicator","floor":22,"gold_loss":0,"cards_obtained":["Chaos"]},{"damage_healed":0,"gold_gain":0,"player_choice":"Paid Fearfully","damage_taken":0,"max_hp_gain":0,"max_hp_loss":0,"event_name":"Masked Bandits","floor":30,"gold_loss":133}],"is_beta":false,"boss_relics":[{"not_picked":["Philosopher\u0027s Stone","Runic Dome"],"picked":"Snecko Eye"}],"items_purged_floors":[],"is_endless":false,"potions_floor_spawned":[6,11,16,18,23,27,29],"killed_by":"Automaton","ascension_level":0}