{"path_per_floor":["M","?","?","M","$","E","?","E","T","R","E","?","M","M","R"],"character_chosen":"IRONCLAD","items_purchased":["Shuriken","Sword Boomerang"],"gold_per_floor":[111,111,286,300,1,28,28,62,62,62,97,97,111,127,127,127],"floor_reached":16,"campfire_rested":1,"playtime":466,"current_hp_per_floor":[66,66,66,71,71,44,30,14,14,35,21,21,17,25,25,0],"items_purged":[],"gold":127,"score":153,"play_id":"10017350-1e96-4bdc-bbf1-5d623add32ee","local_time":"20180417180349","is_prod":false,"is_daily":false,"chose_seed":false,"is_ascension_mode":true,"campfire_upgraded":1,"timestamp":1523999029,"path_taken":["M","?","?","M","$","E","?","E","T","R","E","?","M","M","R","BOSS"],"build_version":"2018-04-12","seed_source_timestamp":25281550724618,"purchased_purges":1,"victory":false,"master_deck":["Strike_R","Strike_R","Strike_R","Strike_R","Strike_R","Defend_R","Defend_R","Defend_R","Bash","Cleave+1","Uppercut+1","Metallicize+1","Sword Boomerang","Metallicize","Flex","Reaper","Twin Strike"],"max_hp_per_floor":[72,72,72,72,72,72,72,72,72,72,72,72,72,72,72,72],"relics":["Burning Blood","Ice Cream","Shuriken","Blood Vial","Dream Catcher","Letter Opener","Toolbox"],"card_choices":[{"not_picked":["Havoc","Iron Wave"],"picked":"Cleave","floor":1},{"not_picked":["Ghostly Armor","Spot Weakness"],"picked":"Metallicize","floor":4},{"not_picked":["True Grit","Hemokinesis"],"picked":"Metallicize","floor":8},{"not_picked":["Anger","Iron Wave"],"picked":"Flex","floor":10},{"not_picked":["Warcry","Flame Barrier"],"picked":"Reaper","floor":11},{"not_picked":["Metallicize","True Grit"],"picked":"Twin Strike","floor":13}],"player_experience":707747,"potions_floor_usage":[11,16,16,16],"damage_taken":[{"damage":12,"enemies":"Small Slimes","floor":1,"turns":3},{"damage":1,"enemies":"Cultist","floor":4,"turns":3},{"damage":33,"enemies":"3 Sentries","floor":6,"turns":6},{"damage":24,"enemies":"Lagavulin","floor":8,"turns":6},{"damage":22,"enemies":"Gremlin Nob","floor":11,"turns":4},{"damage":12,"enemies":"Jaw Worm","floor":13,"turns":2},{"damage":0,"enemies":"3 Louse","floor":14,"turns":2},{"damage":43,"enemies":"The Guardian","floor":16,"turns":9}],"event_choices":[{"event_name":"Transmorgrifier","player_choice":"Transform","floor":2,"damage_taken":0},{"event_name":"Liars Game","player_choice":"agreed","floor":3,"damage_taken":0},{"event_name":"Shining Light","player_choice":"Entered Light","floor":7,"damage_taken":0},{"event_name":"Purifier","player_choice":"One Purge","floor":12,"damage_taken":0}],"boss_relics":[],"potions_floor_spawned":[6,11,13,14],"seed_played":"8048189474989537404","killed_by":"The Guardian","ascension_level":6,"is_trial":false}