{"path_per_floor":["M","?","?","?","?","R","M","R","T","M","?","M","M","T","R","B",null,"M","?","?","M","M","E","R","$","T","?","M","M","M","M","R"],"character_chosen":"THE_SILENT","items_purchased":["Sadistic Nature"],"gold_per_floor":[110,110,110,285,285,285,299,299,376,389,412,425,439,466,466,569,569,583,583,508,521,538,596,596,318,343,343,354,369,384,404,404],"floor_reached":33,"campfire_rested":3,"playtime":3040,"current_hp_per_floor":[49,67,61,61,61,61,61,61,61,61,53,50,43,43,63,45,62,45,45,45,45,33,10,30,30,30,52,47,26,14,12,32],"items_purged":["Strike_G"],"gold":404,"score":389,"play_id":"f02f0d5e-8849-4659-97f2-a2a3279d01b0","is_prod":false,"is_daily":false,"is_ascension_mode":true,"campfire_upgraded":2,"path_taken":["M","?","?","?","?","R","M","R","T","?","?","M","M","?","R","BOSS","M","?","?","M","?","E","R","$","T","?","M","M","M","M","R","BOSS"],"build_version":"2018-02-22-PROD2","purchased_purges":1,"victory":false,"master_deck":["Defend_G","Defend_G","Defend_G","Strike_G","Survivor","Neutralize+1","Flying Knee+1","Backstab","Dash","PiercingWail","Predator","After Image","Slice+1","Caltrops+1","Underhanded Strike+1","Footwork","Deadly Poison","Sadistic Nature"],"max_hp_per_floor":[67,67,67,67,67,67,67,67,67,67,67,67,67,67,67,67,67,67,67,67,67,67,67,67,67,67,67,67,67,67,67,67],"relics":["Ring of the Snake","Mercury Hourglass","Odd Mushroom","Orichalcum","Astrolabe","Tiny Chest","Oddly Smooth Stone"],"card_choices":[{"not_picked":["Calculated Gamble","Malaise"],"picked":"Flying Knee"},{"not_picked":["Dagger Throw","Skewer"],"picked":"Backstab"},{"not_picked":["Slice","Poisoned Stab"],"picked":"Dash"},{"not_picked":["Quick Slash","Infinite Blades"],"picked":"PiercingWail"},{"not_picked":["Bane","Outmaneuver"],"picked":"Predator"},{"not_picked":["Corpse Explosion","Glass Knife"],"picked":"After Image"},{"not_picked":["Bane","Deflect"],"picked":"Footwork"},{"not_picked":["Bane","Acrobatics"],"picked":"Deadly Poison"}],"player_experience":363899,"potions_floor_usage":[16,16,23,23,30,33],"damage_taken":[{"damage":14,"enemies":"Jaw Worm","floor":1,"turns":9},{"damage":0,"enemies":"Small Slimes","floor":7,"turns":2},{"damage":0,"enemies":"Cultist","floor":10,"turns":3},{"damage":8,"enemies":"The Mushroom Lair","floor":11,"turns":3},{"damage":3,"enemies":"Large Slime","floor":12,"turns":5},{"damage":7,"enemies":"Exordium Wildlife","floor":13,"turns":4},{"damage":18,"enemies":"The Guardian","floor":16,"turns":13},{"damage":17,"enemies":"Spheric Guardian","floor":18,"turns":3},{"damage":0,"enemies":"Chosen","floor":21,"turns":4},{"damage":12,"enemies":"3 Cultists","floor":22,"turns":5},{"damage":23,"enemies":"Slavers","floor":23,"turns":8},{"damage":5,"enemies":"Snecko","floor":28,"turns":5},{"damage":21,"enemies":"Cultist and Chosen","floor":29,"turns":5},{"damage":12,"enemies":"3 Cultists","floor":30,"turns":5},{"damage":2,"enemies":"Snake Plant","floor":31,"turns":4},{"damage":15,"enemies":"Champ","floor":33,"turns":10}],"event_choices":[{"event_name":"Big Fish","player_choice":"Banana","floor":2,"damage_taken":0},{"event_name":"Wheel of Change","player_choice":"Damage","floor":3,"damage_taken":0},{"event_name":"Liars Game","player_choice":"agreed","floor":4,"damage_taken":0},{"event_name":"Purifier","player_choice":"One Purge","floor":5,"damage_taken":0},{"event_name":"Mushrooms","player_choice":"Fought Mushrooms","floor":11,"damage_taken":0},{"event_name":"Purifier","player_choice":"One Purge","floor":19,"damage_taken":0},{"event_name":"Beggar","player_choice":"Gave Gold","floor":20,"damage_taken":0},{"event_name":"The Library","player_choice":"Heal","floor":27,"damage_taken":0}],"boss_relics":[{"not_picked":["Velvet Choker","Snecko Eye"],"picked":"Astrolabe"}],"potions_floor_spawned":[7,10,13,16,21,23,29,31],"seed_played":"-2323230967963997599","killed_by":"Champ","ascension_level":10,"is_trial":false}