{"path_per_floor":["M","M","?","M","?","R","E","R","T","R","M","M","M","E","R","B",null,"M","?","M","$","M","R","E"],"character_chosen":"THE_SILENT","items_purchased":["Strawberry"],"gold_per_floor":[115,133,133,152,152,152,184,184,184,184,204,217,231,266,266,342,342,360,275,290,59,76,76,101,101],"floor_reached":25,"campfire_rested":2,"playtime":946,"current_hp_per_floor":[63,60,57,57,50,50,33,33,33,63,56,53,48,30,30,23,53,36,36,25,32,25,61,15,0],"items_purged":["Strike_G"],"gold":101,"score":384,"play_id":"d9819259-fa66-42a1-854a-00032ffb1c1f","local_time":"20180417162219","is_prod":false,"is_daily":false,"chose_seed":false,"is_ascension_mode":true,"campfire_upgraded":3,"timestamp":1523992939,"path_taken":["M","M","?","?","?","R","E","R","T","R","M","?","M","E","R","BOSS","M","?","M","$","M","R","E","?"],"build_version":"2018-04-12","seed_source_timestamp":18711713220685,"purchased_purges":1,"victory":false,"master_deck":["Defend_G","Defend_G","Defend_G","Defend_G","Strike_G","Strike_G","Survivor","Neutralize","AscendersBane","Deadly Poison+1","Dagger Throw+1","Corpse Explosion+1","Catalyst","Catalyst","Footwork","Setup"],"max_hp_per_floor":[63,63,63,63,63,63,63,63,63,63,63,63,63,63,63,63,63,63,63,63,70,70,70,70,70],"relics":["Ring of the Snake","Regal Pillow","Bronze Scales","Paper Crane","Unceasing Top","Lizard Tail","Letter Opener","Strawberry","Shovel"],"card_choices":[{"not_picked":["Outmaneuver","Poisoned Stab"],"picked":"Deadly Poison","floor":2},{"not_picked":["Accuracy","Riddle With Holes"],"picked":"Dagger Throw","floor":4},{"not_picked":["Underhanded Strike","Deadly Poison"],"picked":"Corpse Explosion","floor":7},{"not_picked":["Cloak And Dagger","Deadly Poison"],"picked":"Catalyst","floor":11},{"not_picked":["PiercingWail","Acrobatics"],"picked":"Catalyst","floor":12},{"not_picked":["Skewer","Corpse Explosion"],"picked":"Footwork","floor":13},{"not_picked":["Terror","Backflip"],"picked":"Setup","floor":18}],"player_experience":704420,"potions_floor_usage":[7,7,16,22,25],"damage_taken":[{"damage":0,"enemies":"Jaw Worm","floor":1,"turns":6},{"damage":3,"enemies":"2 Louse","floor":2,"turns":3},{"damage":0,"enemies":"Cultist","floor":4,"turns":3},{"damage":29,"enemies":"3 Sentries","floor":7,"turns":11},{"damage":7,"enemies":"2 Fungi Beasts","floor":11,"turns":3},{"damage":3,"enemies":"Blue Slaver","floor":12,"turns":3},{"damage":5,"enemies":"3 Louse","floor":13,"turns":3},{"damage":18,"enemies":"Gremlin Nob","floor":14,"turns":4},{"damage":7,"enemies":"Hexaghost","floor":16,"turns":6},{"damage":17,"enemies":"3 Byrds","floor":18,"turns":3},{"damage":11,"enemies":"2 Thieves","floor":20,"turns":2},{"damage":47,"enemies":"Cultist and Chosen","floor":22,"turns":12},{"damage":46,"enemies":"Slavers","floor":24,"turns":4},{"damage":18,"enemies":"Centurion and Healer","floor":25,"turns":1}],"event_choices":[{"event_name":"Scrap Ooze","player_choice":"success","floor":3,"damage_taken":3},{"event_name":"Golden Wing","player_choice":"Card Removal","floor":5,"damage_taken":0},{"event_name":"Addict","player_choice":"Obtained Relic","floor":19,"damage_taken":0}],"boss_relics":[{"not_picked":["Runic Pyramid","Astrolabe"],"picked":"Lizard Tail"}],"potions_floor_spawned":[1,2,4,14,24],"seed_played":"-7051651808414813587","killed_by":"Centurion and Healer","ascension_level":13,"is_trial":false}