{"gold_per_floor":[111,123,11,29,5,5,40,40,89,89,67,98,117,135,135,237,237,251,262,262,278,289,289,299,311,311,326,344,80,80,44,44,139,139,156,175,190,203,217,217,217,217,217,217,229,229,229,247,247,247],"floor_reached":51,"playtime":6594,"items_purged":["Strike_R","Strike_R"],"score":840,"play_id":"a8ca6320-41e5-445f-8d09-5b300f3e14ab","local_time":"20180706190213","is_ascension_mode":false,"campfire_choices":[{"data":"Anger","floor":6,"key":"SMITH"},{"data":"Ghostly Armor","floor":8,"key":"SMITH"},{"floor":15,"key":"REST"},{"floor":23,"key":"REST"},{"data":"Warcry","floor":32,"key":"SMITH"},{"floor":40,"key":"REST"},{"data":"Armaments","floor":44,"key":"SMITH"},{"data":"Armaments","floor":46,"key":"SMITH"},{"floor":49,"key":"REST"}],"neow_cost":"NONE","seed_source_timestamp":25465363653154,"circlet_count":0,"master_deck":["Strike_R+1","Strike_R","Defend_R","Defend_R","Defend_R","Defend_R+1","Bash+1","Warcry+1","Sword Boomerang","Ghostly Armor+1","Anger+1","Armaments+1","Rampage","Clash","Shrug It Off","Body Slam","Juggernaut","Armaments+1","Iron Wave","RitualDagger","True Grit+1","Shrug It Off+1","Twin Strike+1","Clash","Body Slam+1","Sword Boomerang","Offering","Anger","Battle Trance","Metallicize","Juggernaut","Iron Wave","Body Slam","Dual Wield+1","Iron Wave","Flex+1","Madness","Madness","Warcry+1","Burning Pact+1","Rage+1"],"relics":["Burning Blood","Vajra","Lantern","Thread and Needle","Velvet Choker","Kunai","Lizard Tail","Centennial Puzzle","Letter Opener","Bird Faced Urn"],"potions_floor_usage":[16,16,16],"damage_taken":[{"damage":6,"enemies":"Cultist","floor":1,"turns":3},{"damage":11,"enemies":"Jaw Worm","floor":2,"turns":3},{"damage":0,"enemies":"2 Louse","floor":4,"turns":3},{"damage":25,"enemies":"Gremlin Nob","floor":7,"turns":5},{"damage":31,"enemies":"Lagavulin","floor":12,"turns":4},{"damage":2,"enemies":"Blue Slaver","floor":13,"turns":2},{"damage":0,"enemies":"Large Slime","floor":14,"turns":5},{"damage":11,"enemies":"Hexaghost","floor":16,"turns":9},{"damage":0,"enemies":"Shell Parasite","floor":18,"turns":3},{"damage":0,"enemies":"Spheric Guardian","floor":19,"turns":3},{"damage":6,"enemies":"Snake Plant","floor":21,"turns":4},{"damage":23,"enemies":"Sentry and Sphere","floor":22,"turns":6},{"damage":1,"enemies":"Centurion and Healer","floor":24,"turns":7},{"damage":11,"enemies":"Snake Plant","floor":25,"turns":4},{"damage":0,"enemies":"Cultist and Chosen","floor":27,"turns":4},{"damage":10,"enemies":"Snecko","floor":28,"turns":4},{"damage":47,"enemies":"Champ","floor":33,"turns":11},{"damage":0,"enemies":"Orb Walker","floor":35,"turns":3},{"damage":4,"enemies":"3 Darklings","floor":36,"turns":5},{"damage":25,"enemies":"4 Shapes","floor":37,"turns":4},{"damage":4,"enemies":"Maw","floor":38,"turns":7},{"damage":22,"enemies":"3 Darklings","floor":39,"turns":5},{"damage":10,"enemies":"4 Shapes","floor":45,"turns":4},{"damage":14,"floor":47,"turns":7},{"damage":4,"enemies":"Maw","floor":48,"turns":7},{"damage":89,"enemies":"Awakened One","floor":50,"turns":14}],"seed_played":"-5217949522078675712","potions_obtained":[{"floor":7,"key":"Block Potion"},{"floor":12,"key":"Energy Potion"},{"floor":14,"key":"EssenceOfSteel"},{"floor":22,"key":"Strength Potion"},{"floor":24,"key":"Energy Potion"},{"floor":25,"key":"Strength Potion"},{"floor":28,"key":"Explosive Potion"},{"floor":33,"key":"SmokeBomb"},{"floor":39,"key":"AttackPotion"},{"floor":47,"key":"BloodPotion"}],"is_trial":false,"path_per_floor":["M","M","$","M","$","R","E","R","T","?","?","E","M","M","R","B",null,"M","M","?","M","M","R","M","M","T","M","M","$","?","$","R","B",null,"M","M","M","M","M","R","?","T","T","R","M","R","?","M","R","B"],"character_chosen":"IRONCLAD","items_purchased":["Ghostly Armor","Armaments","Offering","Anger","Metallicize"],"campfire_rested":4,"item_purchase_floors":[3,5,29,29,31],"current_hp_per_floor":[80,75,75,80,80,80,61,61,61,45,45,20,24,30,54,49,80,80,80,74,74,57,80,80,75,75,80,76,76,76,76,76,35,80,80,80,61,63,47,71,61,61,61,61,57,57,49,57,80,46],"gold":247,"neow_bonus":"UPGRADE_CARD","is_prod":false,"is_daily":false,"chose_seed":false,"campfire_upgraded":5,"win_rate":0.0,"timestamp":1530928933,"path_taken":["M","M","?","M","$","R","E","R","T","?","?","E","M","?","R","BOSS","M","M","?","M","M","R","M","M","T","M","M","$","?","?","R","BOSS","M","M","M","M","M","R","?","?","T","R","M","R","?","M","R","BOSS"],"build_version":"2018-07-05","purchased_purges":2,"victory":true,"max_hp_per_floor":[80,80,80,80,80,80,80,80,80,80,80,80,80,80,80,80,80,80,80,80,80,80,80,80,80,80,80,80,80,80,80,80,80,80,80,80,80,80,80,80,80,80,80,80,80,80,80,80,80,80],"card_choices":[{"not_picked":["Clothesline","Armaments"],"picked":"Warcry","floor":1},{"not_picked":["Rupture","Shrug It Off"],"picked":"Sword Boomerang","floor":2},{"not_picked":["Fiend Fire","Thunderclap"],"picked":"Anger","floor":4},{"not_picked":["Headbutt","Clash"],"picked":"Rampage","floor":7},{"not_picked":["True Grit","Infernal Blade"],"picked":"Clash","floor":12},{"not_picked":["Anger","Body Slam"],"picked":"Shrug It Off","floor":13},{"not_picked":["Fire Breathing","Sword Boomerang"],"picked":"Body Slam","floor":14},{"not_picked":["Brutality","Demon Form"],"picked":"Juggernaut","floor":16},{"not_picked":["Infernal Blade","Clothesline"],"picked":"Armaments","floor":18},{"not_picked":["Shrug It Off","Battle Trance"],"picked":"Iron Wave","floor":19},{"not_picked":["Pommel Strike","Carnage"],"picked":"True Grit+1","floor":21},{"not_picked":["Anger","Pommel Strike"],"picked":"Shrug It Off+1","floor":22},{"not_picked":["Intimidate","Combust+1"],"picked":"Twin Strike+1","floor":24},{"not_picked":["Headbutt","Seeing Red"],"picked":"Clash","floor":25},{"not_picked":["Warcry","Reaper"],"picked":"Body Slam+1","floor":27},{"not_picked":["Pommel Strike","Seeing Red"],"picked":"Sword Boomerang","floor":28},{"not_picked":["Bludgeon","Offering"],"picked":"Juggernaut","floor":33},{"not_picked":["Whirlwind+1","Warcry+1"],"picked":"Iron Wave","floor":35},{"not_picked":["Armaments","Twin Strike"],"picked":"Body Slam","floor":36},{"not_picked":["Entrench","Juggernaut"],"picked":"Dual Wield+1","floor":37},{"not_picked":["Anger","Thunderclap"],"picked":"Iron Wave","floor":38},{"not_picked":["Cleave","Reckless Charge"],"picked":"Flex+1","floor":39},{"not_picked":["Sword Boomerang","Pommel Strike+1"],"picked":"Warcry+1","floor":45},{"not_picked":["Rampage","Body Slam"],"picked":"Burning Pact+1","floor":47},{"not_picked":["Uppercut+1","Ghostly Armor"],"picked":"Rage+1","floor":48}],"player_experience":1770,"relics_obtained":[{"floor":7,"key":"Vajra"},{"floor":9,"key":"Lantern"},{"floor":12,"key":"Thread and Needle"},{"floor":26,"key":"Kunai"},{"floor":42,"key":"Centennial Puzzle"},{"floor":43,"key":"Letter Opener"},{"floor":47,"key":"Bird Faced Urn"}],"event_choices":[{"event_name":"Shining Light","player_choice":"Entered Light","floor":10,"damage_taken":0},{"event_name":"World of Goop","player_choice":"Left","floor":11,"damage_taken":0},{"event_name":"Nest","player_choice":"Joined the Cult","floor":20,"damage_taken":0},{"event_name":"Transmorgrifier","player_choice":"Transform","floor":30,"damage_taken":0},{"event_name":"Winding Halls","player_choice":"Embrace Madness","floor":41,"damage_taken":0},{"event_name":"MindBloom","player_choice":"Fight","floor":47,"damage_taken":0}],"boss_relics":[{"not_picked":["Orrery","Mark of Pain"],"picked":"Velvet Choker"},{"not_picked":["Philosopher\u0027s Stone","Coffee Dripper"],"picked":"Lizard Tail"}],"items_purged_floors":[3,29],"is_endless":false,"potions_floor_spawned":[7,12,14,22,24,25,28,33,39,45,47],"ascension_level":0}