{"gold_per_floor":[114,131,131,144,156,156,173,173,251,270,290,290],"floor_reached":12,"playtime":330,"items_purged":[],"score":115,"play_id":"e7f79afa-fbba-4b9f-a0a8-a52c938370be","local_time":"20190314194637","is_ascension_mode":true,"campfire_choices":[{"data":"Defragment","floor":6,"key":"SMITH"},{"data":"Zap","floor":8,"key":"SMITH"}],"neow_cost":"NONE","seed_source_timestamp":116025495250118,"circlet_count":0,"master_deck":["AscendersBane","Strike_B","Strike_B","Strike_B","Strike_B","Defend_B","Defend_B","Defend_B","Defend_B","Zap+1","Dualcast","Defragment+1","Decay","Ball Lightning","Go for the Eyes","Conserve Battery","Cold Snap"],"relics":["Cracked Core","Bottled Lightning"],"potions_floor_usage":[7,7],"damage_taken":[{"damage":2,"enemies":"Jaw Worm","floor":1,"turns":3},{"damage":6,"enemies":"Cultist","floor":2,"turns":4},{"damage":15,"enemies":"Small Slimes","floor":4,"turns":4},{"damage":18,"enemies":"Blue Slaver","floor":5,"turns":5},{"damage":7,"enemies":"Looter","floor":7,"turns":3},{"damage":19,"enemies":"Exordium Thugs","floor":10,"turns":4},{"damage":0,"enemies":"Large Slime","floor":11,"turns":4},{"damage":8,"enemies":"Exordium Wildlife","floor":12,"turns":2}],"seed_played":"775652949837357103","potions_obtained":[{"floor":1,"key":"Weak Potion"},{"floor":4,"key":"Regen Potion"},{"floor":5,"key":"GamblersBrew"}],"is_trial":false,"path_per_floor":["M","M","?","M","M","R","M","R","T","M","M","M"],"character_chosen":"DEFECT","items_purchased":[],"campfire_rested":0,"item_purchase_floors":[],"current_hp_per_floor":[73,67,67,52,34,34,36,36,36,17,17,9],"gold":290,"neow_bonus":"TEN_PERCENT_HP_BONUS","is_prod":false,"is_daily":false,"chose_seed":false,"campfire_upgraded":2,"win_rate":0,"timestamp":1552617997,"path_taken":["M","M","?","M","?","R","M","R","T","M","M","M"],"build_version":"2019-01-23","purchased_purges":0,"victory":false,"max_hp_per_floor":[82,82,82,82,82,82,82,82,82,82,82,82],"card_choices":[{"not_picked":["Heatsinks","Redo","Doom and Gloom"],"picked":"SKIP","floor":1},{"not_picked":["Sunder","Rebound"],"picked":"Defragment","floor":2},{"not_picked":["Force Field","Steam","Double Energy"],"picked":"SKIP","floor":4},{"not_picked":["BootSequence","Beam Cell"],"picked":"Ball Lightning","floor":5},{"not_picked":["Redo","White Noise"],"picked":"Go for the Eyes","floor":7},{"not_picked":["Streamline","Chaos"],"picked":"Conserve Battery","floor":10},{"not_picked":["Undo","Double Energy"],"picked":"Cold Snap","floor":11}],"player_experience":455230,"relics_obtained":[{"floor":9,"key":"Bottled Lightning"}],"event_choices":[{"damage_healed":0,"gold_gain":0,"player_choice":"Cursed","damage_taken":0,"max_hp_gain":0,"max_hp_loss":0,"event_name":"Wheel of Change","floor":3,"gold_loss":0,"cards_obtained":["Decay"]}],"is_beta":false,"boss_relics":[],"items_purged_floors":[],"is_endless":false,"potions_floor_spawned":[1,4,5],"killed_by":"Exordium Wildlife","ascension_level":11}