{"gold_per_floor":[112,112,112,133,21,21,21,21,44,60,76,76,96,116,116,240,240,258,3,17,17,31,31,31,31,31,67,92,110,110,124,124,124],"floor_reached":33,"playtime":1222,"items_purged":["Injury","Strike_R"],"score":284,"play_id":"0f6c6345-1bb0-4051-9494-9563293566ef","local_time":"20190210155907","is_ascension_mode":false,"campfire_choices":[{"data":"Seeing Red","floor":6,"key":"SMITH"},{"data":"Feel No Pain","floor":8,"key":"SMITH"},{"data":"Evolve","floor":12,"key":"SMITH"},{"data":"Spot Weakness","floor":15,"key":"SMITH"},{"data":"True Grit","floor":23,"key":"SMITH"},{"floor":30,"key":"REST"},{"floor":32,"key":"REST"}],"neow_cost":"NONE","seed_source_timestamp":83882382571404,"circlet_count":0,"master_deck":["Defend_R","Defend_R","Defend_R","Bash","Immolate","Power Through","Feel No Pain+1","Seeing Red+1","Evolve+1","True Grit+1","Spot Weakness+1","Shockwave+1","Bite","Bite","Bite","Bite","Bite","Juggernaut"],"relics":["Burning Blood","Golden Idol","Paper Frog","Happy Flower","Empty Cage","Omamori","Oddly Smooth Stone"],"potions_floor_usage":[16,16,16,33,33,33],"damage_taken":[{"damage":0,"enemies":"2 Louse","floor":1,"turns":2},{"damage":11,"enemies":"Jaw Worm","floor":4,"turns":2},{"damage":0,"enemies":"Cultist","floor":10,"turns":3},{"damage":5,"enemies":"Lots of Slimes","floor":11,"turns":2},{"damage":2,"enemies":"Blue Slaver","floor":13,"turns":3},{"damage":28,"enemies":"Exordium Wildlife","floor":14,"turns":4},{"damage":23,"enemies":"Hexaghost","floor":16,"turns":9},{"damage":5,"enemies":"Chosen","floor":18,"turns":6},{"damage":8,"enemies":"3 Byrds","floor":20,"turns":4},{"damage":35,"enemies":"Snake Plant","floor":22,"turns":4},{"damage":24,"enemies":"Slavers","floor":27,"turns":4},{"damage":27,"enemies":"Shelled Parasite and Fungi","floor":28,"turns":5},{"damage":27,"enemies":"Centurion and Healer","floor":29,"turns":7},{"damage":39,"enemies":"Sentry and Sphere","floor":31,"turns":6},{"damage":69,"enemies":"Automaton","floor":33,"turns":10}],"seed_played":"2230879495553648","potions_obtained":[{"floor":1,"key":"Fire Potion"},{"floor":11,"key":"Block Potion"},{"floor":13,"key":"Block Potion"},{"floor":18,"key":"SteroidPotion"},{"floor":22,"key":"SpeedPotion"},{"floor":28,"key":"SpeedPotion"}],"is_trial":false,"path_per_floor":["M","?","?","M","$","R","?","R","T","M","M","R","M","M","R","B",null,"M","$","M","$","M","R","$","?","T","E","M","M","R","M","R","B"],"character_chosen":"IRONCLAD","items_purchased":["Seeing Red","Omamori"],"campfire_rested":2,"item_purchase_floors":[5,19],"current_hp_per_floor":[80,80,73,68,68,68,68,68,68,74,75,75,79,57,57,40,80,80,80,78,78,49,49,49,49,49,39,32,23,39,24,40,0],"gold":124,"neow_bonus":"ONE_RANDOM_RARE_CARD","is_prod":false,"is_daily":false,"chose_seed":true,"campfire_upgraded":5,"win_rate":0,"timestamp":1549835947,"path_taken":["M","?","?","M","$","R","?","R","T","M","M","R","?","M","R","BOSS","M","$","M","?","M","R","$","?","T","E","M","M","R","M","R","BOSS"],"build_version":"2019-01-23","purchased_purges":2,"victory":false,"max_hp_per_floor":[80,80,80,80,80,80,80,80,80,80,80,80,80,80,80,80,80,80,80,80,80,80,80,80,56,56,56,56,56,56,56,56,56],"card_choices":[{"not_picked":["Blood for Blood","Rage"],"picked":"Power Through","floor":1},{"not_picked":["Armaments","Perfected Strike"],"picked":"Feel No Pain","floor":4},{"not_picked":["Metallicize","Fire Breathing"],"picked":"Evolve","floor":10},{"not_picked":["Havoc","Clothesline"],"picked":"True Grit","floor":11},{"not_picked":["Rupture","True Grit"],"picked":"Spot Weakness","floor":13},{"not_picked":["Battle Trance","Headbutt","Intimidate"],"picked":"SKIP","floor":14},{"not_picked":["Havoc","Anger","Flex"],"picked":"SKIP","floor":18},{"not_picked":["Armaments","Carnage+1","Twin Strike+1"],"picked":"SKIP","floor":20},{"not_picked":["Havoc","Body Slam"],"picked":"Shockwave+1","floor":22},{"not_picked":["Pummel","Sentinel","Metallicize"],"picked":"SKIP","floor":27},{"not_picked":["Wild Strike","Twin Strike"],"picked":"Juggernaut","floor":28},{"not_picked":["Anger","Perfected Strike","Seeing Red+1"],"picked":"SKIP","floor":29},{"not_picked":["Anger","Thunderclap","Armaments"],"picked":"SKIP","floor":31}],"player_experience":146264,"relics_obtained":[{"floor":9,"key":"Happy Flower"},{"floor":27,"key":"Oddly Smooth Stone"}],"event_choices":[{"damage_healed":0,"gold_gain":0,"player_choice":"Take Wound","damage_taken":0,"relics_obtained":["Golden Idol"],"max_hp_gain":0,"max_hp_loss":0,"event_name":"Golden Idol","floor":2,"gold_loss":0,"cards_obtained":["Injury"]},{"damage_healed":0,"gold_gain":0,"player_choice":"Success","damage_taken":7,"relics_obtained":["Paper Frog"],"max_hp_gain":0,"max_hp_loss":0,"event_name":"Scrap Ooze","floor":3,"gold_loss":0},{"cards_removed":["Defend_R"],"damage_healed":0,"gold_gain":0,"player_choice":"Purged","damage_taken":0,"max_hp_gain":0,"max_hp_loss":0,"event_name":"Purifier","floor":7,"gold_loss":0},{"damage_healed":0,"gold_gain":0,"player_choice":"Became a vampire","damage_taken":0,"max_hp_gain":0,"max_hp_loss":24,"event_name":"Vampires","floor":25,"gold_loss":0,"cards_obtained":["Bite","Bite","Bite","Bite","Bite"]}],"is_beta":false,"boss_relics":[{"not_picked":["Coffee Dripper","Runic Dome"],"picked":"Empty Cage"}],"items_purged_floors":[5,19],"is_endless":false,"potions_floor_spawned":[1,11,13,18,22,28,31],"killed_by":"Automaton","ascension_level":0}