{"gold_per_floor":[112,127,127,145,0,0,13,13,13,13,23,23,45,79,79,179,179,198,198,4,4,16,16,33,62,114,149,164,19,19,19,19,124,124,137,0,14,60,8,8],"floor_reached":40,"playtime":1802,"items_purged":["Strike_G","Strike_G"],"score":531,"play_id":"ff8caa94-08bb-4efc-89d0-405142f741a6","local_time":"20190224151725","is_ascension_mode":true,"campfire_choices":[{"data":"Infinite Blades","floor":6,"key":"SMITH"},{"data":"Crippling Poison","floor":8,"key":"SMITH"},{"data":"Predator","floor":10,"key":"SMITH"},{"floor":15,"key":"REST"},{"floor":23,"key":"RECALL"},{"floor":30,"key":"REST"},{"floor":32,"key":"REST"}],"neow_cost":"NONE","seed_source_timestamp":288671062865008,"circlet_count":0,"master_deck":["Defend_G","Defend_G","Defend_G","Defend_G","Defend_G","Strike_G","Strike_G","Survivor","Neutralize","Predator+1","Crippling Poison+1","Infinite Blades+1","Deadly Poison","Bane","Deflect+1","Adrenaline+1","Deadly Poison+1","Deadly Poison+1","Noxious Fumes","Deadly Poison+1","Acrobatics+1","PiercingWail+1","Blade Dance+1","Decay","After Image","Terror+1","Deadly Poison+1"],"relics":["Ring of the Snake","Oddly Smooth Stone","Odd Mushroom","Toxic Egg 2","Fusion Hammer","Vajra","Bottled Flame","Orichalcum","Ninja Scroll","Snecko Eye","Red Mask","Ginger"],"potions_floor_usage":[7,14,27,33,33,38,38,40,40],"damage_taken":[{"damage":0,"enemies":"2 Louse","floor":1,"turns":2},{"damage":1,"enemies":"Jaw Worm","floor":2,"turns":3},{"damage":2,"enemies":"Small Slimes","floor":4,"turns":4},{"damage":7,"enemies":"Exordium Wildlife","floor":7,"turns":6},{"damage":4,"enemies":"Exordium Thugs","floor":11,"turns":5},{"damage":20,"enemies":"The Mushroom Lair","floor":13,"turns":4},{"damage":21,"enemies":"3 Sentries","floor":14,"turns":7},{"damage":37,"enemies":"The Guardian","floor":16,"turns":10},{"damage":0,"enemies":"Chosen","floor":18,"turns":3},{"damage":9,"enemies":"Shell Parasite","floor":22,"turns":4},{"damage":0,"enemies":"Centurion and Healer","floor":24,"turns":4},{"damage":38,"enemies":"Book of Stabbing","floor":25,"turns":5},{"damage":19,"enemies":"Gremlin Leader","floor":27,"turns":6},{"damage":0,"enemies":"Snecko","floor":28,"turns":3},{"damage":47,"enemies":"Collector","floor":33,"turns":8},{"damage":1,"enemies":"3 Shapes","floor":35,"turns":5},{"damage":14,"enemies":"3 Darklings","floor":37,"turns":4},{"damage":37,"enemies":"2 Orb Walkers","floor":38,"turns":5},{"damage":40,"enemies":"Reptomancer","floor":40,"turns":4}],"seed_played":"-2404290023432309063","potions_obtained":[{"floor":4,"key":"EssenceOfSteel"},{"floor":13,"key":"Explosive Potion"},{"floor":14,"key":"SpeedPotion"},{"floor":24,"key":"LiquidBronze"},{"floor":25,"key":"Swift Potion"},{"floor":27,"key":"Swift Potion"},{"floor":33,"key":"GhostInAJar"},{"floor":35,"key":"GamblersBrew"},{"floor":38,"key":"Dexterity Potion"}],"is_trial":false,"path_per_floor":["M","M","?","M","$","R","M","R","T","R","M","?","?","E","R","B",null,"M","?","$","$","M","R","M","E","T","E","M","$","R","?","R","B",null,"M","?","M","?","$","E"],"character_chosen":"THE_SILENT","items_purchased":["Infinite Blades","Vajra","Deadly Poison+1","Blade Dance+1","Block Potion"],"campfire_rested":3,"item_purchase_floors":[5,20,20,29,39],"current_hp_per_floor":[77,76,76,74,74,74,67,67,67,67,63,63,43,22,45,8,77,77,77,77,77,68,68,68,30,30,11,11,11,34,34,57,10,77,76,76,62,25,25,0],"gold":8,"neow_bonus":"TEN_PERCENT_HP_BONUS","is_prod":false,"is_daily":false,"chose_seed":false,"campfire_upgraded":3,"win_rate":0,"timestamp":1551043045,"path_taken":["M","M","?","M","$","R","M","R","T","R","M","?","?","E","R","BOSS","M","?","?","$","M","R","M","E","T","E","M","$","R","?","R","BOSS","M","?","M","?","$","E"],"build_version":"2019-01-23","purchased_purges":2,"victory":false,"max_hp_per_floor":[77,77,77,77,77,77,77,77,77,77,77,77,77,77,77,77,77,77,77,77,77,77,77,77,77,77,77,77,77,77,77,77,77,77,77,77,77,77,77,77],"card_choices":[{"not_picked":["PiercingWail","Finisher"],"picked":"Predator","floor":1},{"not_picked":["Blur","Underhanded Strike"],"picked":"Crippling Poison","floor":2},{"not_picked":["Expertise","Distraction","Acrobatics"],"picked":"SKIP","floor":4},{"not_picked":["Choke","Flying Knee"],"picked":"Deadly Poison","floor":7},{"not_picked":["Distraction","Backflip"],"picked":"Bane","floor":11},{"not_picked":["Bane","Prepared"],"picked":"Deflect","floor":14},{"not_picked":["Die Die Die","Malaise+1"],"picked":"Adrenaline+1","floor":16},{"not_picked":["Blade Dance+1","Cloak And Dagger+1"],"picked":"Deadly Poison+1","floor":18},{"not_picked":["Riddle With Holes","Sucker Punch","Finisher"],"picked":"SKIP","floor":22},{"not_picked":["Underhanded Strike","Outmaneuver+1"],"picked":"Noxious Fumes","floor":24},{"not_picked":["Bane","Leg Sweep+1"],"picked":"Deadly Poison+1","floor":25},{"not_picked":["Outmaneuver+1","Venomology+1"],"picked":"Acrobatics+1","floor":27},{"not_picked":["Underhanded Strike","Finisher"],"picked":"PiercingWail+1","floor":28},{"not_picked":["Doppelganger+1","Adrenaline+1"],"picked":"After Image","floor":33},{"not_picked":["Slice+1","PiercingWail+1"],"picked":"Terror+1","floor":35},{"not_picked":["Setup+1","Prepared+1","Flying Knee"],"picked":"SKIP","floor":37},{"not_picked":["Outmaneuver+1","Dagger Spray"],"picked":"Deadly Poison+1","floor":38}],"player_experience":222763,"relics_obtained":[{"floor":9,"key":"Oddly Smooth Stone"},{"floor":13,"key":"Odd Mushroom"},{"floor":14,"key":"Toxic Egg 2"},{"floor":25,"key":"Bottled Flame"},{"floor":26,"key":"Orichalcum"},{"floor":27,"key":"Ninja Scroll"},{"floor":38,"key":"Ginger"}],"event_choices":[{"damage_healed":0,"gold_gain":0,"player_choice":"Ignored","damage_taken":0,"max_hp_gain":0,"max_hp_loss":0,"event_name":"Liars Game","floor":3,"gold_loss":0},{"damage_healed":0,"gold_gain":0,"player_choice":"Leave","damage_taken":0,"max_hp_gain":0,"max_hp_loss":0,"event_name":"The Cleric","floor":12,"gold_loss":0},{"damage_healed":0,"gold_gain":0,"player_choice":"Fought Mushrooms","damage_taken":0,"max_hp_gain":0,"max_hp_loss":0,"event_name":"Mushrooms","floor":13,"gold_loss":0},{"cards_removed":["Strike_G"],"damage_healed":0,"gold_gain":0,"player_choice":"Purged","damage_taken":0,"max_hp_gain":0,"max_hp_loss":0,"event_name":"Purifier","floor":19,"gold_loss":0},{"damage_healed":0,"gold_gain":0,"player_choice":"Smashed Altar","damage_taken":0,"max_hp_gain":0,"max_hp_loss":0,"event_name":"Forgotten Altar","floor":31,"gold_loss":0,"cards_obtained":["Decay"]},{"damage_healed":0,"gold_gain":0,"player_choice":"Paid","damage_taken":0,"relics_obtained":["Red Mask"],"max_hp_gain":0,"max_hp_loss":0,"event_name":"Tomb of Lord Red Mask","floor":36,"gold_loss":137},{"damage_healed":0,"gold_gain":0,"player_choice":"Fight","damage_taken":0,"max_hp_gain":0,"max_hp_loss":0,"event_name":"Mysterious Sphere","floor":38,"gold_loss":0}],"is_beta":false,"boss_relics":[{"not_picked":["Cursed Key","Tiny House"],"picked":"Fusion Hammer"},{"not_picked":["Runic Pyramid","Ring of the Serpent"],"picked":"Snecko Eye"}],"items_purged_floors":[5,29],"is_endless":false,"potions_floor_spawned":[4,13,14,24,25,27,33,35,37,38],"killed_by":"Reptomancer","ascension_level":4}