{"gold_per_floor":[115,115,134,154,168,168,17,32,57,57,132,132,145,160,160,160],"floor_reached":16,"playtime":558,"items_purged":[],"score":108,"play_id":"9eea5858-3bc9-4562-9f76-047b4d75a1d1","local_time":"20190216001721","is_ascension_mode":true,"campfire_choices":[{"data":"Infinite Blades","floor":6,"key":"SMITH"},{"data":"Infinite Blades","floor":10,"key":"SMITH"},{"floor":12,"key":"REST"},{"floor":15,"key":"REST"}],"neow_cost":"TEN_PERCENT_HP_LOSS","seed_source_timestamp":95340993892624,"circlet_count":0,"master_deck":["Defend_G","Defend_G","Defend_G","Defend_G","Defend_G","Strike_G+1","Strike_G","Strike_G+1","Survivor","Neutralize","Acrobatics","Catalyst","Reflex","Infinite Blades+1","Slice","Infinite Blades+1","Blade Dance","Tactician"],"relics":["Ring of the Snake","Snake Skull","Vajra"],"potions_floor_usage":[8,8,14],"damage_taken":[{"damage":12,"enemies":"Jaw Worm","floor":1,"turns":6},{"damage":8,"enemies":"2 Louse","floor":3,"turns":3},{"damage":0,"enemies":"Cultist","floor":4,"turns":3},{"damage":5,"enemies":"2 Fungi Beasts","floor":5,"turns":4},{"damage":4,"enemies":"Gremlin Gang","floor":8,"turns":5},{"damage":6,"enemies":"Looter","floor":13,"turns":2},{"damage":7,"enemies":"Exordium Wildlife","floor":14,"turns":4},{"damage":47,"enemies":"Slime Boss","floor":16,"turns":7}],"seed_played":"488211358797704677","potions_obtained":[{"floor":1,"key":"Weak Potion"},{"floor":4,"key":"Strength Potion"},{"floor":13,"key":"PowerPotion"}],"is_trial":false,"path_per_floor":["M","?","M","M","M","R","$","M","T","R","?","R","M","M","R","B"],"character_chosen":"THE_SILENT","items_purchased":["Snake Skull"],"campfire_rested":2,"item_purchase_floors":[7],"current_hp_per_floor":[51,38,30,30,25,25,25,21,21,21,10,28,22,15,33,0],"gold":160,"neow_bonus":"TRANSFORM_TWO_CARDS","is_prod":false,"is_daily":false,"chose_seed":false,"campfire_upgraded":2,"win_rate":0,"timestamp":1550297841,"path_taken":["M","?","M","M","M","R","$","M","T","R","?","R","M","M","R","BOSS"],"build_version":"2019-01-23","purchased_purges":0,"victory":false,"max_hp_per_floor":[63,63,63,63,63,63,63,63,63,63,63,63,63,63,63,63],"card_choices":[{"not_picked":["Flechettes","Deadly Poison"],"picked":"Reflex","floor":1},{"not_picked":["Prepared","Distraction","Masterful Stab"],"picked":"SKIP","floor":3},{"not_picked":["Dodge and Roll","Deadly Poison"],"picked":"Infinite Blades","floor":4},{"not_picked":["Distraction","Outmaneuver"],"picked":"Slice","floor":5},{"not_picked":["Prepared","Flying Knee"],"picked":"Infinite Blades","floor":8},{"not_picked":["Dodge and Roll","Flying Knee"],"picked":"Blade Dance","floor":13},{"not_picked":["Bane","Corpse Explosion"],"picked":"Tactician","floor":14}],"player_experience":188589,"relics_obtained":[{"floor":9,"key":"Vajra"}],"event_choices":[{"damage_healed":0,"gold_gain":0,"player_choice":"Entered Light","damage_taken":13,"max_hp_gain":0,"max_hp_loss":0,"event_name":"Shining Light","floor":2,"gold_loss":0,"cards_upgraded":["Strike_G","Strike_G"]},{"damage_healed":0,"gold_gain":75,"player_choice":"Gather Gold","damage_taken":11,"max_hp_gain":0,"max_hp_loss":0,"event_name":"World of Goop","floor":11,"gold_loss":0}],"is_beta":false,"boss_relics":[],"items_purged_floors":[],"is_endless":false,"potions_floor_spawned":[1,4,13],"killed_by":"Slime Boss","ascension_level":3}