{"gold_per_floor":[211,224,224,68,86,86,116,116,141,158,158,158,169,169,169,272,272,288,82,100,120,137,137,171,171,196,209,209,308,322,69,69,166,166,183,202,302,19,37,37,64,64,90,90,90,101,101,118,118,118],"floor_reached":51,"playtime":2660,"items_purged":["Strike_B","Defend_B","Meteor Strike+1","Defend_B"],"score":1078,"play_id":"a0d18a10-1da1-4ed0-8dcc-6e3258090a96","local_time":"20190315022024","is_ascension_mode":true,"campfire_choices":[{"data":"Rip and Tear","floor":6,"key":"SMITH"},{"data":"Zap","floor":8,"key":"SMITH"},{"data":"Sunder","floor":15,"key":"SMITH"},{"floor":23,"key":"REST"},{"floor":25,"key":"REST"},{"data":"Creative AI","floor":28,"key":"SMITH"},{"data":"Blind","floor":32,"key":"SMITH"},{"data":"Biased Cognition","floor":40,"key":"SMITH"},{"data":"White Noise","floor":42,"key":"SMITH"},{"data":"Self Repair","floor":44,"key":"SMITH"},{"data":"Zap","floor":47,"key":"SMITH"},{"floor":49,"key":"REST"}],"neow_cost":"NONE","seed_source_timestamp":137318628497234,"circlet_count":0,"master_deck":["AscendersBane","Defend_B","Defend_B","Zap+1","Dualcast","Rip and Tear+1","Cold Snap","Blind+1","Leap","Steam","Zap+1","Sunder+1","Seek","Core Surge+1","Static Discharge+1","Leap+1","Turbo","Creative AI+1","Self Repair+1","Biased Cognition+1","White Noise+1","Parasite","Defragment+1"],"relics":["Cracked Core","Smiling Mask","Orichalcum","Lantern","Astrolabe","Bronze Scales","Mercury Hourglass","Centennial Puzzle","Lee\u0027s Waffle","Busted Crown","Emotion Chip","Bag of Marbles","Happy Flower","Boot"],"potions_floor_usage":[7,16,16,20,21,33,35,41,46,50],"damage_taken":[{"damage":7,"enemies":"Small Slimes","floor":1,"turns":4},{"damage":2,"enemies":"Jaw Worm","floor":2,"turns":3},{"damage":0,"enemies":"2 Louse","floor":5,"turns":2},{"damage":13,"enemies":"3 Sentries","floor":7,"turns":10},{"damage":7,"enemies":"Red Slaver","floor":10,"turns":4},{"damage":3,"enemies":"Looter","floor":13,"turns":4},{"damage":17,"enemies":"The Guardian","floor":16,"turns":11},{"damage":5,"enemies":"Chosen","floor":18,"turns":4},{"damage":14,"enemies":"2 Thieves","floor":20,"turns":3},{"damage":5,"enemies":"Snecko","floor":21,"turns":4},{"damage":9,"enemies":"Centurion and Healer","floor":22,"turns":10},{"damage":23,"enemies":"Slavers","floor":24,"turns":3},{"damage":9,"enemies":"Shelled Parasite and Fungi","floor":27,"turns":5},{"damage":15,"enemies":"Sentry and Sphere","floor":30,"turns":5},{"damage":23,"enemies":"Collector","floor":33,"turns":10},{"damage":0,"enemies":"3 Shapes","floor":35,"turns":3},{"damage":6,"enemies":"Orb Walker","floor":36,"turns":3},{"damage":0,"enemies":"Mind Bloom Boss Battle","floor":37,"turns":6},{"damage":18,"enemies":"Writhing Mass","floor":39,"turns":5},{"damage":27,"enemies":"Nemesis","floor":41,"turns":7},{"damage":14,"enemies":"Maw","floor":46,"turns":7},{"damage":23,"enemies":"Sphere and 2 Shapes","floor":48,"turns":4},{"damage":40,"enemies":"Time Eater","floor":50,"turns":7}],"seed_played":"-479684339961019991","potions_obtained":[{"floor":5,"key":"Block Potion"},{"floor":7,"key":"Poison Potion"},{"floor":14,"key":"Fire Potion"},{"floor":14,"key":"Dexterity Potion"},{"floor":16,"key":"SkillPotion"},{"floor":18,"key":"Swift Potion"},{"floor":30,"key":"PowerPotion"},{"floor":33,"key":"SkillPotion"},{"floor":39,"key":"PowerPotion"},{"floor":41,"key":"SneckoOil"},{"floor":46,"key":"Dexterity Potion"}],"is_trial":false,"path_per_floor":["M","M","?","$","M","R","E","R","T","M","T","?","M","?","R","B",null,"M","$","M","M","M","R","E","R","T","M","R","?","M","$","R","B",null,"M","M","?","$","M","R","E","R","T","R","?","M","R","M","R","B",null],"character_chosen":"DEFECT","items_purchased":["Blind","Bronze Scales","Lee\u0027s Waffle","White Noise","Bag of Marbles"],"campfire_rested":3,"item_purchase_floors":[4,19,31,38,38],"current_hp_per_floor":[61,59,59,59,59,59,46,46,46,39,39,39,36,36,36,19,61,56,56,42,37,28,50,27,49,49,40,40,40,32,82,82,66,78,82,82,82,82,71,71,51,51,51,51,51,47,47,34,57,27],"gold":118,"neow_bonus":"HUNDRED_GOLD","is_prod":false,"is_daily":false,"chose_seed":false,"campfire_upgraded":9,"win_rate":0,"timestamp":1552641624,"path_taken":["M","M","?","$","M","R","E","R","T","M","?","?","?","?","R","BOSS","M","$","M","M","?","R","E","R","T","M","R","?","M","?","R","BOSS","M","M","?","$","M","R","E","R","T","R","?","M","R","M","R","BOSS"],"build_version":"2019-01-23","purchased_purges":4,"victory":true,"max_hp_per_floor":[75,75,75,75,75,75,75,75,75,75,75,75,75,75,75,75,75,75,75,75,75,75,75,75,75,75,75,75,75,75,82,82,82,82,82,82,82,82,82,82,82,82,82,82,78,78,78,78,78,78],"card_choices":[{"not_picked":["Beam Cell","Steam"],"picked":"Rip and Tear","floor":1},{"not_picked":["Rebound","Auto Shields"],"picked":"Cold Snap","floor":2},{"not_picked":["White Noise","Skim","Beam Cell"],"picked":"SKIP","floor":5},{"not_picked":["Barrage","Coolheaded"],"picked":"Leap","floor":7},{"not_picked":["Beam Cell","Turbo"],"picked":"Steam","floor":10},{"not_picked":["Rainbow","Redo"],"picked":"Sunder","floor":13},{"not_picked":["Fission","Thunder Strike"],"picked":"Seek","floor":16},{"not_picked":["Ball Lightning","Chill"],"picked":"Leap+1","floor":18},{"not_picked":["Blizzard","Genetic Algorithm"],"picked":"Turbo","floor":20},{"not_picked":["Turbo+1","Beam Cell","Ball Lightning"],"picked":"SKIP","floor":21},{"not_picked":["Chill","Melter","Leap"],"picked":"SKIP","floor":22},{"not_picked":["Gash","Static Discharge"],"picked":"Creative AI","floor":24},{"not_picked":["Fusion+1","Ball Lightning"],"picked":"Self Repair","floor":27},{"not_picked":["Redo","Beam Cell","Steam+1"],"picked":"SKIP","floor":30},{"not_picked":["Creative AI","Rainbow"],"picked":"Biased Cognition","floor":33},{"not_picked":["Hello World"],"picked":"SKIP","floor":35},{"not_picked":["Undo"],"picked":"SKIP","floor":36},{"not_picked":["Coolheaded"],"picked":"SKIP","floor":39},{"not_picked":["Turbo"],"picked":"SKIP","floor":41},{"not_picked":["Redo+1"],"picked":"SKIP","floor":46},{"not_picked":[],"picked":"Defragment+1","floor":48}],"player_experience":457152,"relics_obtained":[{"floor":7,"key":"Smiling Mask"},{"floor":9,"key":"Orichalcum"},{"floor":11,"key":"Lantern"},{"floor":24,"key":"Mercury Hourglass"},{"floor":26,"key":"Centennial Puzzle"},{"floor":37,"key":"Emotion Chip"},{"floor":41,"key":"Happy Flower"},{"floor":43,"key":"Boot"}],"event_choices":[{"damage_healed":0,"gold_gain":0,"player_choice":"Ignored","damage_taken":0,"max_hp_gain":0,"max_hp_loss":0,"event_name":"Shining Light","floor":3,"gold_loss":0},{"damage_healed":0,"gold_gain":0,"player_choice":"1 cards matched","damage_taken":0,"max_hp_gain":0,"max_hp_loss":0,"event_name":"Match and Keep!","floor":12,"gold_loss":0,"cards_obtained":["Zap"]},{"damage_healed":0,"gold_gain":0,"player_choice":"Got Potions","damage_taken":0,"max_hp_gain":0,"max_hp_loss":0,"event_name":"Lab","floor":14,"gold_loss":0},{"damage_healed":0,"gold_gain":99,"player_choice":"Stole From Cult","damage_taken":0,"max_hp_gain":0,"max_hp_loss":0,"event_name":"Nest","floor":29,"gold_loss":0},{"damage_healed":0,"gold_gain":0,"player_choice":"Fight","damage_taken":0,"max_hp_gain":0,"max_hp_loss":0,"event_name":"MindBloom","floor":37,"gold_loss":0},{"damage_healed":0,"gold_gain":0,"player_choice":"Max HP","damage_taken":0,"max_hp_gain":0,"max_hp_loss":4,"event_name":"Winding Halls","floor":45,"gold_loss":0}],"is_beta":false,"boss_relics":[{"not_picked":["Runic Dome","Nuclear Battery"],"picked":"Astrolabe"},{"not_picked":["Coffee Dripper","White Beast Statue"],"picked":"Busted Crown"}],"items_purged_floors":[4,19,31,38],"is_endless":false,"potions_floor_spawned":[5,7,16,18,30,33,39,41,46],"ascension_level":11}