{"gold_per_floor":[112,112,60,10,10,35,72,84,121,133,161,187,225,162,162,267,267,281,181,181],"floor_reached":20,"playtime":1228,"items_purged":["Strike_R","Strike_R"],"score":178,"play_id":"33543002-1933-4df6-a872-464cd64077a6","local_time":"20180921111637","is_ascension_mode":false,"campfire_choices":[{"floor":8,"key":"REST"},{"floor":10,"key":"REST"},{"data":"Pommel Strike","floor":15,"key":"SMITH"}],"neow_cost":"NONE","seed_source_timestamp":429800744090810,"circlet_count":0,"master_deck":["Strike_R","Defend_R","Defend_R","Defend_R","Defend_R","Bash","Heavy Blade","Pommel Strike+1","Shrug It Off","True Grit","Shockwave","Demon Form","Warcry+1"],"relics":["Burning Blood","Juzu Bracelet","MawBank","Pen Nib","Omamori","Blood Vial"],"potions_floor_usage":[13,16,16],"damage_taken":[{"damage":19,"enemies":"Small Slimes","floor":1,"turns":4},{"damage":52,"enemies":"3 Sentries","floor":6,"turns":10},{"damage":0,"enemies":"2 Louse","floor":11,"turns":2},{"damage":2,"enemies":"Jaw Worm","floor":12,"turns":4},{"damage":14,"enemies":"Gremlin Nob","floor":13,"turns":4},{"damage":61,"enemies":"The Guardian","floor":16,"turns":11},{"damage":50,"enemies":"Shell Parasite","floor":18,"turns":9},{"damage":11,"enemies":"Chosen","floor":20,"turns":6}],"seed_played":"-7366608565209628643","potions_obtained":[{"floor":11,"key":"Fire Potion"},{"floor":12,"key":"LiquidBronze"},{"floor":13,"key":"Fire Potion"}],"is_trial":false,"path_per_floor":["M","?","$","?","?","E","T","R","T","R","M","M","E","$","R","B",null,"M","$"],"character_chosen":"IRONCLAD","items_purchased":["Heavy Blade"],"campfire_rested":2,"item_purchase_floors":[3],"current_hp_per_floor":[67,72,72,72,65,19,19,44,44,69,75,79,71,71,71,18,85,41,41,32],"gold":181,"neow_bonus":"REMOVE_CARD","is_prod":false,"is_daily":false,"chose_seed":false,"campfire_upgraded":1,"win_rate":0.0,"timestamp":1537546597,"path_taken":["M","?","$","?","?","E","?","R","T","R","M","M","E","$","R","BOSS","M","$","M"],"build_version":"2018-09-20","purchased_purges":2,"victory":false,"max_hp_per_floor":[80,85,85,85,85,85,85,85,85,85,85,85,85,85,85,85,85,85,85,85],"card_choices":[{"not_picked":["Thunderclap","Intimidate","Clash"],"picked":"SKIP","floor":1},{"not_picked":["Dual Wield","Cleave"],"picked":"Pommel Strike","floor":6},{"not_picked":["Anger","Fire Breathing"],"picked":"Shrug It Off","floor":11},{"not_picked":["Sentinel","Havoc"],"picked":"True Grit","floor":12},{"not_picked":["Dark Embrace","Seeing Red"],"picked":"Shockwave","floor":13},{"not_picked":["Feed","Limit Break"],"picked":"Demon Form","floor":16},{"not_picked":["Anger","Iron Wave"],"picked":"Warcry+1","floor":18}],"player_experience":66256,"relics_obtained":[{"floor":6,"key":"MawBank"},{"floor":7,"key":"Pen Nib"},{"floor":9,"key":"Omamori"},{"floor":13,"key":"Blood Vial"}],"event_choices":[{"event_name":"Big Fish","player_choice":"Donut","floor":2,"damage_taken":0},{"event_name":"The Cleric","player_choice":"Card Removal","floor":4,"damage_taken":0},{"event_name":"Scrap Ooze","player_choice":"success","floor":5,"damage_taken":7}],"is_beta":false,"boss_relics":[{"not_picked":["Calling Bell","Snecko Eye","Astrolabe"]}],"items_purged_floors":[14,19],"is_endless":false,"potions_floor_spawned":[11,12,13],"killed_by":"Chosen","ascension_level":0}