{"gold_per_floor":[212,312,14,34,45,45,71,71,145,156,167,140,94,47,47,47],"floor_reached":16,"playtime":519,"items_purged":[],"score":117,"play_id":"393e13b8-e474-4708-a69b-b7f9d4330e40","local_time":"20190225220939","is_ascension_mode":true,"campfire_choices":[{"data":"Sunder","floor":6,"key":"SMITH"},{"data":"White Noise","floor":8,"key":"SMITH"},{"floor":15,"key":"REST"}],"neow_cost":"NONE","seed_source_timestamp":17256480865163,"circlet_count":0,"master_deck":["Strike_B","Strike_B","Strike_B","Strike_B","Defend_B","Defend_B","Defend_B","Defend_B","Zap","Dualcast","Cold Snap","Fusion","Meteor Strike","Sunder+1","Hologram","Conserve Battery","White Noise+1","Buffer","Rebound","Hologram","Coolheaded"],"special_seed":0,"relics":["Cracked Core","PreservedInsect","Shuriken"],"potions_floor_usage":[],"damage_taken":[{"damage":0.0,"enemies":"2 Louse","floor":1.0,"turns":2.0},{"damage":4.0,"enemies":"Cultist","floor":4.0,"turns":3.0},{"damage":18,"enemies":"Jaw Worm","floor":5,"turns":4},{"damage":10,"enemies":"Lagavulin","floor":7,"turns":6},{"damage":0,"enemies":"2 Fungi Beasts","floor":10,"turns":4},{"damage":14,"enemies":"Blue Slaver","floor":11,"turns":4},{"damage":13,"enemies":"Exordium Thugs","floor":12,"turns":5},{"damage":40,"enemies":"Slime Boss","floor":16,"turns":7}],"seed_played":"6539792292006388077","potions_obtained":[{"floor":1.0,"key":"Ancient Potion"},{"floor":11,"key":"LiquidBronze"},{"floor":12,"key":"Swift Potion"}],"is_trial":false,"path_per_floor":["M","?","$","M","M","R","E","R","T","M","M","M","?","$","R","B"],"character_chosen":"DEFECT","items_purchased":["Fusion","Meteor Strike","Sunder","Coolheaded"],"campfire_rested":1,"item_purchase_floors":[3,3,3,14],"current_hp_per_floor":[75,75,75,71,53,53,43,43,43,43,29,16,16,16,38,0],"gold":47,"neow_bonus":"HUNDRED_GOLD","is_prod":false,"is_daily":false,"chose_seed":false,"campfire_upgraded":2,"win_rate":0,"timestamp":1551154179,"path_taken":["M","?","$","M","M","R","E","R","T","M","?","M","?","$","R","BOSS"],"build_version":"2019-01-23","purchased_purges":0,"victory":false,"max_hp_per_floor":[75,75,75,75,75,75,75,75,75,75,75,75,75,75,75,75],"card_choices":[{"not_picked":["Lockon","Barrage"],"picked":"Cold Snap","floor":1.0},{"not_picked":["Heatsinks","Reprogram"],"picked":"Hologram","floor":4.0},{"not_picked":["Lockon","Hologram"],"picked":"Conserve Battery","floor":5},{"not_picked":["Ball Lightning","Cold Snap"],"picked":"White Noise","floor":7},{"not_picked":["Conserve Battery","Go for the Eyes"],"picked":"Buffer","floor":10},{"not_picked":["Cold Snap","Barrage"],"picked":"Rebound","floor":11},{"not_picked":["Leap","Ball Lightning"],"picked":"Hologram","floor":12}],"player_experience":242345,"relics_obtained":[{"floor":7,"key":"PreservedInsect"},{"floor":9,"key":"Shuriken"}],"event_choices":[{"damage_healed":0.0,"max_hp_gain":0.0,"max_hp_loss":0.0,"gold_gain":100.0,"event_name":"Golden Shrine","player_choice":"Pray","floor":2.0,"gold_loss":0.0,"damage_taken":0.0},{"damage_healed":0,"gold_gain":0,"player_choice":"Left Gold","damage_taken":0,"max_hp_gain":0,"max_hp_loss":0,"event_name":"World of Goop","floor":13,"gold_loss":46}],"is_beta":false,"boss_relics":[],"items_purged_floors":[],"is_endless":false,"potions_floor_spawned":[1,11,12],"killed_by":"Slime Boss","ascension_level":3}