{"gold_per_floor":[118,43,43,55,55,80,80,3,3,3,3,20,39,51,51,51],"floor_reached":16,"playtime":401,"items_purged":["Double Energy"],"score":120,"play_id":"de28e236-85da-401d-ac31-6ca639041df8","local_time":"20190227121835","is_ascension_mode":true,"campfire_choices":[{"data":"Chill","floor":10,"key":"SMITH"},{"data":"Rainbow","floor":15,"key":"SMITH"}],"neow_cost":"NONE","seed_source_timestamp":58921518799358,"circlet_count":0,"master_deck":["Zap","Dualcast","Rainbow+1","Skim","Chaos","Reprogram","Electrodynamics","Rip and Tear","Ball Lightning","Conserve Battery","Chill+1","Cold Snap","Doom and Gloom","Leap","Undo","Core Surge"],"relics":["Pandora\u0027s Box","Frozen Egg 2","Pocketwatch","Emotion Chip","Bird Faced Urn"],"potions_floor_usage":[],"damage_taken":[{"damage":8,"enemies":"2 Louse","floor":1,"turns":2},{"damage":12,"enemies":"Jaw Worm","floor":4,"turns":3},{"damage":13,"enemies":"3 Sentries","floor":6,"turns":3},{"damage":0,"enemies":"Cultist","floor":12,"turns":2},{"damage":13,"enemies":"Blue Slaver","floor":13,"turns":4},{"damage":14,"enemies":"Large Slime","floor":14,"turns":5},{"damage":33,"enemies":"Slime Boss","floor":16,"turns":3}],"seed_played":"-525827552286450063","potions_obtained":[{"floor":12,"key":"SmokeBomb"},{"floor":13,"key":"Block Potion"},{"floor":14,"key":"FearPotion"}],"is_trial":false,"path_per_floor":["M","$","?","M","T","E","?","$","T","R","?","M","M","M","R","B"],"character_chosen":"DEFECT","items_purchased":["Doom and Gloom"],"campfire_rested":0,"item_purchase_floors":[8],"current_hp_per_floor":[67,67,64,52,52,39,39,39,39,39,39,39,26,14,14,0],"gold":51,"neow_bonus":"BOSS_RELIC","is_prod":false,"is_daily":false,"chose_seed":false,"campfire_upgraded":2,"win_rate":0,"timestamp":1551291515,"path_taken":["M","$","?","M","?","E","?","$","T","R","?","M","?","M","R","BOSS"],"build_version":"2019-01-23","purchased_purges":1,"victory":false,"max_hp_per_floor":[75,75,75,75,75,75,75,75,75,75,75,75,75,75,75,75],"card_choices":[{"not_picked":["Turbo","Barrage"],"picked":"Conserve Battery","floor":1},{"not_picked":["Streamline","Sweeping Beam"],"picked":"Chill","floor":4},{"not_picked":["Sunder","Go for the Eyes"],"picked":"Cold Snap","floor":6},{"not_picked":["Compile Driver","Scrape"],"picked":"Leap","floor":12},{"not_picked":["Lockon","Beam Cell"],"picked":"Undo","floor":13},{"not_picked":["Cold Snap","Stack"],"picked":"Core Surge","floor":14}],"player_experience":260568,"relics_obtained":[{"floor":6,"key":"Pocketwatch"},{"floor":9,"key":"Bird Faced Urn"}],"event_choices":[{"damage_healed":0,"gold_gain":0,"player_choice":"Success","damage_taken":3,"relics_obtained":["Frozen Egg 2"],"max_hp_gain":0,"max_hp_loss":0,"event_name":"Scrap Ooze","floor":3,"gold_loss":0},{"damage_healed":0,"gold_gain":0,"player_choice":"Searched \u00272\u0027 times","damage_taken":0,"relics_obtained":["Emotion Chip"],"max_hp_gain":0,"max_hp_loss":0,"event_name":"Dead Adventurer","floor":7,"gold_loss":0},{"damage_healed":0,"gold_gain":0,"player_choice":"Ignored","damage_taken":0,"max_hp_gain":0,"max_hp_loss":0,"event_name":"Liars Game","floor":11,"gold_loss":0}],"is_beta":false,"boss_relics":[],"items_purged_floors":[2],"is_endless":false,"potions_floor_spawned":[12,13,14],"killed_by":"Slime Boss","ascension_level":4}