{"gold_per_floor":[112,112,15,25,45,45,56,56,56,71,71,86,86,161,161,264,264,274,20,20,38,38,38,58,68,68,68,79,109,122,122],"floor_reached":31,"playtime":2075,"items_purged":["Defend_G","Strike_G"],"score":274,"play_id":"ac4f8cfd-48b0-45e7-a02d-3b447a43ed2c","local_time":"20180720195011","is_ascension_mode":false,"campfire_choices":[{"data":"Caltrops","floor":6,"key":"SMITH"},{"data":"Footwork","floor":8,"key":"SMITH"},{"data":"All Out Attack","floor":13,"key":"SMITH"},{"floor":15,"key":"REST"},{"floor":23,"key":"REST"},{"floor":27,"key":"REST"}],"neow_cost":"NONE","seed_source_timestamp":19694630390540,"circlet_count":0,"master_deck":["Defend_G","Defend_G","Defend_G","Defend_G","Survivor","Neutralize","Dagger Spray","Deflect","Footwork+1","Caltrops+1","All Out Attack+1","Poisoned Stab","Bouncing Flask","Tools of the Trade","Infinite Blades","Bite","Bite","Bite","Bite","Bite","Tactician+1","Acrobatics+1","A Thousand Cuts","Dagger Spray","Adrenaline","Blur+1"],"relics":["Lizard Tail","Shuriken","Sozu","Nloth\u0027s Gift","Pantograph","Matryoshka"],"potions_floor_usage":[24,24],"damage_taken":[{"damage":10,"enemies":"Small Slimes","floor":1,"turns":5},{"damage":9,"enemies":"Cultist","floor":4,"turns":4},{"damage":0,"enemies":"Jaw Worm","floor":5,"turns":7},{"damage":0,"enemies":"Large Slime","floor":7,"turns":7},{"damage":1,"enemies":"Looter","floor":10,"turns":4},{"damage":9,"enemies":"3 Louse","floor":12,"turns":3},{"damage":29,"enemies":"The Guardian","floor":16,"turns":8},{"damage":5,"enemies":"Chosen","floor":18,"turns":5},{"damage":42,"enemies":"2 Thieves","floor":21,"turns":4},{"damage":37,"enemies":"Sentry and Sphere","floor":24,"turns":7},{"damage":15,"enemies":"Snake Plant","floor":25,"turns":5},{"damage":28,"enemies":"Centurion and Healer","floor":28,"turns":7},{"damage":50,"enemies":"Gremlin Leader","floor":29,"turns":7},{"damage":8,"enemies":"3 Cultists","floor":30,"turns":4}],"seed_played":"7847957389377279879","potions_obtained":[{"floor":7,"key":"GamblersBrew"},{"floor":10,"key":"EssenceOfSteel"},{"floor":12,"key":"EssenceOfSteel"},{"floor":16,"key":"FearPotion"}],"is_trial":false,"path_per_floor":["M","?","$","M","M","R","M","R","T","M","$","M","R","?","R","B",null,"M","$","?","M","?","R","M","M","T","R","M","E","M"],"character_chosen":"THE_SILENT","items_purchased":["Deflect","Oddly Smooth Stone"],"campfire_rested":3,"item_purchase_floors":[3,19],"current_hp_per_floor":[60,60,60,51,51,51,51,51,51,50,50,41,41,30,51,22,70,65,65,49,9,9,23,8,30,30,44,38,6,4,0],"gold":122,"neow_bonus":"BOSS_RELIC","is_prod":false,"is_daily":false,"chose_seed":false,"campfire_upgraded":3,"win_rate":0.0,"timestamp":1532141411,"path_taken":["M","?","$","M","?","R","M","R","T","M","$","M","R","?","R","BOSS","M","$","?","M","?","R","M","M","T","R","?","E","M","?"],"build_version":"2018-07-19v2","purchased_purges":2,"victory":false,"max_hp_per_floor":[70,70,70,70,70,70,70,70,70,70,70,70,70,70,70,70,70,70,70,49,49,49,49,49,49,49,49,49,49,49,49],"card_choices":[{"not_picked":["Backflip","Outmaneuver"],"picked":"Dagger Spray","floor":1},{"not_picked":["Deadly Poison","Outmaneuver"],"picked":"Footwork","floor":4},{"not_picked":["Underhanded Strike","Poisoned Stab"],"picked":"Caltrops","floor":5},{"not_picked":["Terror","Flying Knee"],"picked":"All Out Attack","floor":7},{"not_picked":["Slice","Acrobatics"],"picked":"Poisoned Stab","floor":10},{"not_picked":["Deadly Poison","Backflip"],"picked":"Bouncing Flask","floor":12},{"not_picked":["Glass Knife","Corpse Explosion"],"picked":"Tools of the Trade","floor":16},{"not_picked":["Poisoned Stab","Acrobatics"],"picked":"Infinite Blades","floor":18},{"not_picked":["Deadly Poison","Prepared"],"picked":"Tactician+1","floor":21},{"not_picked":["Flechettes","Blur"],"picked":"Acrobatics+1","floor":24},{"not_picked":["Blur","Deflect"],"picked":"A Thousand Cuts","floor":25},{"not_picked":["Dodge and Roll","Dagger Throw"],"picked":"Dagger Spray","floor":28},{"not_picked":["Expertise","Slice"],"picked":"Adrenaline","floor":29},{"not_picked":["Choke","Night Terror"],"picked":"Blur+1","floor":30}],"player_experience":47728,"relics_obtained":[{"floor":9,"key":"Shuriken"},{"floor":26,"key":"Pantograph"},{"floor":29,"key":"Matryoshka"}],"event_choices":[{"event_name":"The Woman in Blue","player_choice":"Bought 0 Potions","floor":2,"damage_taken":0},{"event_name":"World of Goop","player_choice":"Gather Gold","floor":14,"damage_taken":0},{"event_name":"Vampires","player_choice":"Became a vampire","floor":20,"damage_taken":0},{"event_name":"N\u0027loth","player_choice":"Traded a Oddly Smooth Stone","floor":22,"damage_taken":0}],"is_beta":false,"boss_relics":[{"not_picked":["Tiny House","Coffee Dripper"],"picked":"Sozu"}],"items_purged_floors":[3,19],"is_endless":false,"potions_floor_spawned":[7,10,12,16,18,21,28],"ascension_level":0}