{"gold_per_floor":[118,133,153,53,65,65,75,75,99,13,13,25,55,55],"floor_reached":14,"playtime":408,"items_purged":["Strike_B"],"score":156,"play_id":"fe6a976d-424d-4772-944a-c43490af43fa","local_time":"20190307180356","is_ascension_mode":true,"campfire_choices":[{"data":"White Noise","floor":6,"key":"SMITH"},{"data":"Zap","floor":8,"key":"SMITH"},{"data":"Hologram","floor":11,"key":"SMITH"}],"neow_cost":"NONE","seed_source_timestamp":88463665967959,"circlet_count":0,"master_deck":["AscendersBane","Strike_B","Strike_B","Strike_B","Defend_B","Defend_B","Defend_B","Defend_B","Zap+1","Dualcast","Meteor Strike","Sweeping Beam","Hologram+1","Conserve Battery","White Noise+1"],"relics":["Cracked Core","Ancient Tea Set"],"potions_floor_usage":[14,14],"damage_taken":[{"damage":1,"enemies":"Cultist","floor":1,"turns":4},{"damage":2,"enemies":"2 Louse","floor":2,"turns":3},{"damage":17,"enemies":"Jaw Worm","floor":3,"turns":4},{"damage":21,"enemies":"Exordium Thugs","floor":5,"turns":4},{"damage":0,"enemies":"Looter","floor":7,"turns":3},{"damage":18,"enemies":"Large Slime","floor":12,"turns":4},{"damage":19,"enemies":"Exordium Wildlife","floor":14,"turns":1}],"seed_played":"9187037636013411167","potions_obtained":[{"floor":1,"key":"Explosive Potion"},{"floor":7,"key":"SpeedPotion"}],"is_trial":false,"path_per_floor":["M","M","M","$","M","R","M","R","T","$","R","M","?","M"],"character_chosen":"DEFECT","items_purchased":["Conserve Battery","Regen Potion"],"campfire_rested":0,"item_purchase_floors":[4,10],"current_hp_per_floor":[63,61,44,44,23,23,23,23,23,23,23,5,5,0],"gold":55,"neow_bonus":"ONE_RANDOM_RARE_CARD","is_prod":false,"is_daily":false,"chose_seed":false,"campfire_upgraded":3,"win_rate":0,"timestamp":1551978236,"path_taken":["M","M","M","$","M","R","M","R","T","?","R","M","?","M"],"build_version":"2019-01-23","purchased_purges":1,"victory":false,"max_hp_per_floor":[71,71,71,71,71,71,71,71,71,71,71,71,71,71],"card_choices":[{"not_picked":["Scrape","Coolheaded"],"picked":"Sweeping Beam","floor":1},{"not_picked":["Leap","Storm"],"picked":"Hologram","floor":2},{"not_picked":["Ball Lightning","Hologram","Compile Driver"],"picked":"SKIP","floor":3},{"not_picked":["Redo","Gash"],"picked":"White Noise","floor":5},{"not_picked":["Go for the Eyes","Redo","Hello World"],"picked":"SKIP","floor":7},{"not_picked":["Hologram","Stack","Gash"],"picked":"SKIP","floor":12}],"player_experience":926604,"relics_obtained":[{"floor":9,"key":"Ancient Tea Set"}],"event_choices":[{"damage_healed":0,"gold_gain":30,"player_choice":"Searched \u00271\u0027 times","damage_taken":0,"max_hp_gain":0,"max_hp_loss":0,"event_name":"Dead Adventurer","floor":13,"gold_loss":0}],"is_beta":false,"boss_relics":[],"items_purged_floors":[4],"is_endless":false,"potions_floor_spawned":[1,7,12],"killed_by":"Exordium Wildlife","ascension_level":18}