{"gold_per_floor":[112,212,83,98,118,118,149,149,149,176,176,192,192,270,270,373,373,388,35,35,35,35,35],"floor_reached":23,"playtime":851,"items_purged":["Strike_G","Caltrops"],"score":215,"play_id":"01b74ec4-959f-407e-b86e-d5320c9fb673","local_time":"20190211130151","is_ascension_mode":true,"campfire_choices":[{"data":"Bane","floor":6.0,"key":"SMITH"},{"floor":11.0,"key":"REST"},{"data":"Dagger Spray","floor":13.0,"key":"SMITH"},{"floor":15.0,"key":"RECALL"}],"neow_cost":"NONE","seed_source_timestamp":112160186293547,"circlet_count":0,"master_deck":["Survivor","Neutralize+1","Backflip","Bane+1","Bouncing Flask+1","Footwork","Backflip","Dagger Spray+1","Malaise","Poisoned Stab","Deadly Poison","Storm of Steel","Calculated Gamble","Burst","Setup","Corpse Explosion","Phantasmal Killer","PiercingWail+1"],"special_seed":0,"relics":["Ring of the Snake","Sundial","Kunai","War Paint","Pandora\u0027s Box","Matryoshka","Ancient Tea Set"],"potions_floor_usage":[18],"damage_taken":[{"damage":0.0,"enemies":"Small Slimes","floor":1.0,"turns":5.0},{"damage":2.0,"enemies":"Cultist","floor":4.0,"turns":4.0},{"damage":4.0,"enemies":"Jaw Worm","floor":5.0,"turns":3.0},{"damage":25.0,"enemies":"Lagavulin","floor":7.0,"turns":7.0},{"damage":16.0,"enemies":"Gremlin Nob","floor":10.0,"turns":4.0},{"damage":4.0,"enemies":"Blue Slaver","floor":12.0,"turns":3.0},{"damage":19,"enemies":"The Guardian","floor":16,"turns":9},{"damage":12,"enemies":"3 Byrds","floor":18,"turns":4},{"damage":58,"enemies":"Gremlin Leader","floor":23,"turns":7}],"seed_played":"1922059351746691586","potions_obtained":[{"floor":1.0,"key":"Explosive Potion"},{"floor":4.0,"key":"SpeedPotion"},{"floor":10.0,"key":"Strength Potion"},{"floor":18,"key":"AttackPotion"}],"is_trial":false,"path_per_floor":["M","?","$","M","M","R","E","?","T","E","R","M","R","?","R","B",null,"M","$","?","$","$","E"],"character_chosen":"THE_SILENT","items_purchased":["Bane","Matryoshka"],"campfire_rested":1,"item_purchase_floors":[3,19],"current_hp_per_floor":[70,70,70,68,64,64,39,39,39,23,44,40,40,40,40,21,70,58,58,58,58,58,0],"gold":35,"neow_bonus":"UPGRADE_CARD","is_prod":false,"is_daily":false,"chose_seed":false,"campfire_upgraded":2,"win_rate":0,"timestamp":1549911711,"path_taken":["M","?","$","?","M","R","E","?","T","E","R","M","R","?","R","BOSS","M","$","?","?","$","E"],"build_version":"2019-01-23","purchased_purges":2,"victory":false,"max_hp_per_floor":[70,70,70,70,70,70,70,70,70,70,70,70,70,70,70,70,70,70,70,70,70,70,70],"card_choices":[{"not_picked":["Sucker Punch","Poisoned Stab"],"picked":"Backflip","floor":1.0},{"not_picked":["Distraction","Quick Slash"],"picked":"Bouncing Flask","floor":4.0},{"not_picked":["Blade Dance","Outmaneuver"],"picked":"Footwork","floor":5.0},{"not_picked":["Dagger Throw","Expertise","Footwork"],"picked":"SKIP","floor":7.0},{"not_picked":["Flechettes","Skewer"],"picked":"Backflip","floor":10.0},{"not_picked":["Underhanded Strike","Die Die Die"],"picked":"Dagger Spray","floor":12.0},{"not_picked":["Phantasmal Killer","Venomology"],"picked":"Malaise","floor":16},{"not_picked":["Skewer","Cloak And Dagger"],"picked":"PiercingWail+1","floor":18}],"player_experience":148096,"relics_obtained":[{"floor":7.0,"key":"Sundial"},{"floor":9.0,"key":"Kunai"},{"floor":10.0,"key":"War Paint"}],"event_choices":[{"damage_healed":0.0,"max_hp_gain":0.0,"max_hp_loss":0.0,"gold_gain":100.0,"event_name":"Golden Shrine","player_choice":"Pray","floor":2.0,"gold_loss":0.0,"damage_taken":0.0},{"damage_healed":0.0,"max_hp_gain":0.0,"max_hp_loss":0.0,"gold_gain":0.0,"event_name":"Living Wall","player_choice":"Grow","floor":8.0,"gold_loss":0.0,"damage_taken":0.0,"cards_upgraded":["Bouncing Flask"]},{"damage_healed":0.0,"max_hp_gain":0.0,"max_hp_loss":0.0,"gold_gain":78.0,"event_name":"Golden Wing","player_choice":"Gained Gold","floor":14.0,"gold_loss":0.0,"damage_taken":0.0},{"damage_healed":0,"gold_gain":0,"player_choice":"Gave Potion","damage_taken":0,"relics_obtained":["Ancient Tea Set"],"max_hp_gain":0,"max_hp_loss":0,"event_name":"WeMeetAgain","floor":20,"gold_loss":0}],"is_beta":false,"boss_relics":[{"not_picked":["Calling Bell","Coffee Dripper"],"picked":"Pandora\u0027s Box"}],"items_purged_floors":[3,19],"is_endless":false,"potions_floor_spawned":[1,4,10,18],"killed_by":"Gremlin Leader","ascension_level":2}