{"gold_per_floor":[113,160,110,36,52,52,85,85,85,85,85,104,104,122,122,225,225,239,239,256,256,274,274,303,303,328,32,32,50,10,42,42,137,137,156,170,170,35,35,35,53,53,53,80,80],"floor_reached":45,"playtime":1959,"items_purged":["Shame","Defend_G"],"score":597,"play_id":"c502a18f-4a7c-4fcb-bbd9-1285d598e890","local_time":"20190223144000","is_ascension_mode":true,"campfire_choices":[{"data":"Footwork","floor":6,"key":"SMITH"},{"data":"Distraction","floor":8,"key":"SMITH"},{"floor":10,"key":"REST"},{"data":"Dagger Spray","floor":13,"key":"SMITH"},{"data":"Skewer","floor":15,"key":"SMITH"},{"data":"Footwork","floor":23,"key":"SMITH"},{"data":"Predator","floor":28,"key":"SMITH"},{"floor":32,"key":"REST"},{"data":"Infinite Blades","floor":40,"key":"SMITH"},{"data":"Footwork","floor":42,"key":"SMITH"}],"neow_cost":"NONE","seed_source_timestamp":256536950709689,"circlet_count":0,"master_deck":["Defend_G","Defend_G+1","Strike_G","Strike_G","Strike_G","Strike_G","Strike_G","Survivor+1","Neutralize","Cloak And Dagger","Deflect","Footwork+1","Cloak And Dagger","Distraction+1","Finesse","Dagger Spray+1","Skewer+1","Backstab","Endless Agony","Footwork+1","Backflip+1","Well Laid Plans","Predator+1","Backflip","Footwork+1","A Thousand Cuts+1","Blade Dance+1","Infinite Blades+1","Deadly Poison+1"],"relics":["Ring of the Snake","Bag of Marbles","Vajra","Bottled Tornado","Philosopher\u0027s Stone","MutagenicStrength","Paper Crane","War Paint","Bronze Scales","Bottled Lightning","HoveringKite","Pear","Oddly Smooth Stone"],"potions_floor_usage":[14,33,33],"damage_taken":[{"damage":0,"enemies":"Cultist","floor":1,"turns":3},{"damage":0,"enemies":"Jaw Worm","floor":5,"turns":4},{"damage":54,"enemies":"Lagavulin","floor":7,"turns":14},{"damage":0,"enemies":"Small Slimes","floor":12,"turns":3},{"damage":0,"enemies":"Exordium Thugs","floor":14,"turns":4},{"damage":1,"enemies":"Slime Boss","floor":16,"turns":7},{"damage":4,"enemies":"Spheric Guardian","floor":18,"turns":5},{"damage":0,"enemies":"Chosen","floor":20,"turns":2},{"damage":0,"enemies":"Snake Plant","floor":22,"turns":4},{"damage":6,"enemies":"Book of Stabbing","floor":24,"turns":6},{"damage":0,"enemies":"Centurion and Healer","floor":29,"turns":5},{"damage":13,"enemies":"Gremlin Leader","floor":31,"turns":7},{"damage":5,"enemies":"Champ","floor":33,"turns":13},{"damage":3,"enemies":"3 Darklings","floor":35,"turns":6},{"damage":0,"enemies":"Orb Walker","floor":36,"turns":1},{"damage":17,"enemies":"Jaw Worm Horde","floor":41,"turns":3},{"damage":62,"enemies":"Nemesis","floor":44,"turns":7},{"damage":17,"enemies":"Maw","floor":45,"turns":2}],"seed_played":"165724049198260593","potions_obtained":[{"floor":5,"key":"Swift Potion"},{"floor":7,"key":"Strength Potion"},{"floor":18,"key":"LiquidBronze"},{"floor":33,"key":"Energy Potion"},{"floor":44,"key":"SpeedPotion"}],"is_trial":false,"path_per_floor":["M","T","?","$","M","R","E","R","T","R","?","M","R","M","R","B",null,"M","?","M","?","M","R","E","?","T","$","R","M","$","E","R","B",null,"M","M","?","$","?","R","M","R","T","E","M"],"character_chosen":"THE_SILENT","items_purchased":["Footwork","Well Laid Plans","Predator","Backflip","Dexterity Potion","Footwork","Infinite Blades"],"campfire_rested":2,"item_purchase_floors":[4,27,27,27,27,30,38],"current_hp_per_floor":[70,70,70,70,70,70,16,16,16,37,37,37,37,37,37,36,70,66,66,66,53,53,53,47,47,47,47,47,47,47,34,56,51,75,72,72,72,72,72,72,55,55,65,3,0],"gold":80,"neow_bonus":"THREE_CARDS","is_prod":false,"is_daily":false,"chose_seed":false,"campfire_upgraded":8,"win_rate":0,"timestamp":1550954400,"path_taken":["M","?","?","$","M","R","E","R","T","R","?","M","R","M","R","BOSS","M","?","M","?","M","R","E","?","T","?","R","M","$","E","R","BOSS","M","M","?","?","?","R","?","R","T","E","M"],"build_version":"2019-01-23","purchased_purges":2,"victory":false,"max_hp_per_floor":[70,70,70,70,70,70,70,70,70,70,70,70,70,70,70,70,70,70,70,70,75,75,75,75,75,75,75,75,75,75,75,75,75,75,75,75,75,75,75,75,75,75,85,85,85],"card_choices":[{"not_picked":["Dodge and Roll","Underhanded Strike"],"picked":"Cloak And Dagger","floor":0},{"not_picked":["Slice","Expertise"],"picked":"Deflect","floor":1},{"not_picked":["Quick Slash","Sucker Punch"],"picked":"Cloak And Dagger","floor":5},{"not_picked":["Poisoned Stab","Blade Dance"],"picked":"Distraction","floor":7},{"not_picked":["Outmaneuver","Underhanded Strike"],"picked":"Dagger Spray","floor":12},{"not_picked":["Finisher","Flying Knee"],"picked":"Skewer","floor":14},{"not_picked":["Backflip","All Out Attack"],"picked":"Backstab","floor":18},{"not_picked":["Acrobatics+1","Concentrate"],"picked":"Endless Agony","floor":20},{"not_picked":["All Out Attack+1","Prepared"],"picked":"Footwork","floor":22},{"not_picked":["Bouncing Flask","Dodge and Roll"],"picked":"Backflip+1","floor":24},{"not_picked":["Dagger Spray","Accuracy+1","Noxious Fumes"],"picked":"SKIP","floor":29},{"not_picked":["Sucker Punch","Calculated Gamble","Phantasmal Killer"],"picked":"SKIP","floor":31},{"not_picked":["Envenom","Phantasmal Killer"],"picked":"A Thousand Cuts","floor":33},{"not_picked":["Acrobatics+1","Masterful Stab+1"],"picked":"Blade Dance+1","floor":35},{"not_picked":["Endless Agony","Deadly Poison+1","Dodge and Roll"],"picked":"SKIP","floor":36},{"not_picked":["Heel Hook","Dagger Throw+1"],"picked":"Deadly Poison+1","floor":41},{"not_picked":["Dagger Spray+1","Phantasmal Killer","Backstab+1"],"picked":"SKIP","floor":44}],"player_experience":210601,"relics_obtained":[{"floor":2,"key":"Bag of Marbles"},{"floor":7,"key":"Vajra"},{"floor":9,"key":"Bottled Tornado"},{"floor":24,"key":"Paper Crane"},{"floor":26,"key":"Bronze Scales"},{"floor":31,"key":"Bottled Lightning"},{"floor":43,"key":"Pear"},{"floor":44,"key":"Oddly Smooth Stone"}],"event_choices":[{"cards_removed":["Defend_G"],"damage_healed":0,"gold_gain":0,"player_choice":"Card Removal","damage_taken":0,"max_hp_gain":0,"max_hp_loss":0,"event_name":"The Cleric","floor":3,"gold_loss":50},{"damage_healed":0,"gold_gain":0,"player_choice":"1 cards matched","damage_taken":0,"max_hp_gain":0,"max_hp_loss":0,"event_name":"Match and Keep!","floor":11,"gold_loss":0,"cards_obtained":["Finesse"]},{"damage_healed":0,"gold_gain":0,"player_choice":"Inject Mutagens","damage_taken":0,"relics_obtained":["MutagenicStrength"],"max_hp_gain":0,"max_hp_loss":0,"event_name":"Drug Dealer","floor":19,"gold_loss":0},{"damage_healed":0,"gold_gain":0,"player_choice":"Shed Blood","damage_taken":18,"max_hp_gain":5,"max_hp_loss":0,"event_name":"Forgotten Altar","floor":21,"gold_loss":0},{"damage_healed":0,"gold_gain":0,"player_choice":"Stole Relic","damage_taken":0,"relics_obtained":["War Paint"],"max_hp_gain":0,"max_hp_loss":0,"event_name":"Addict","floor":25,"gold_loss":0,"cards_obtained":["Shame"]},{"damage_healed":0,"gold_gain":0,"player_choice":"Forge","damage_taken":0,"max_hp_gain":0,"max_hp_loss":0,"event_name":"Accursed Blacksmith","floor":37,"gold_loss":0,"cards_upgraded":["A Thousand Cuts"]},{"cards_removed":["Defend_G"],"damage_healed":0,"gold_gain":0,"player_choice":"Offered Basic","damage_taken":0,"max_hp_gain":0,"max_hp_loss":0,"event_name":"Bonfire Elementals","floor":39,"gold_loss":0}],"is_beta":false,"boss_relics":[{"not_picked":["Astrolabe","Black Star"],"picked":"Philosopher\u0027s Stone"},{"not_picked":["Eternal Feather","Busted Crown"],"picked":"HoveringKite"}],"items_purged_floors":[27,38],"is_endless":false,"potions_floor_spawned":[5,7,18,31,33,44],"killed_by":"Maw","ascension_level":4}