{"gold_per_floor":[13,24,24,24,24,24,24,39,64,75,75,105,118,118,118,241,241,264,5,30,30,30,64,64,64,64,64,83,121,142,142,142,142],"floor_reached":33,"playtime":1005,"items_purged":["Regret"],"score":316,"play_id":"c4d8cc89-2566-4f11-ad28-a228d15ba603","local_time":"20190303175530","is_ascension_mode":true,"campfire_choices":[{"data":"Deadly Poison","floor":6,"key":"SMITH"},{"data":"Blade Dance","floor":11,"key":"SMITH"},{"data":"After Image","floor":15,"key":"SMITH"},{"data":"Glass Knife","floor":24,"key":"SMITH"},{"floor":27,"key":"REST"},{"data":"Catalyst","floor":32,"key":"SMITH"}],"neow_cost":"NO_GOLD","seed_source_timestamp":153891522841011,"circlet_count":0,"master_deck":["Defend_G","Defend_G","Defend_G","Defend_G","Defend_G","Strike_G","Strike_G","Strike_G","Strike_G","Strike_G","Survivor","Neutralize","After Image+1","Deadly Poison+1","Footwork","Flying Knee","Blade Dance+1","Noxious Fumes","Glass Knife+1","Endless Agony+1","Crippling Poison","Catalyst+1","Blade Dance+1","Deadly Poison","Slice"],"relics":["Ring of the Snake","Mummified Hand","Ancient Tea Set","Omamori","Art of War","Golden Idol","WristBlade","Bronze Scales","FossilizedHelix","Smiling Mask","MutagenicStrength","Bottled Tornado","Red Mask"],"potions_floor_usage":[16,16,20,29],"damage_taken":[{"damage":0,"enemies":"Small Slimes","floor":1,"turns":5},{"damage":0,"enemies":"2 Louse","floor":2,"turns":3},{"damage":1,"enemies":"Jaw Worm","floor":8,"turns":4},{"damage":3,"enemies":"Exordium Wildlife","floor":10,"turns":3},{"damage":0,"enemies":"Looter","floor":13,"turns":2},{"damage":14,"enemies":"The Guardian","floor":16,"turns":9},{"damage":14,"enemies":"Spheric Guardian","floor":18,"turns":4},{"damage":0,"enemies":"Chosen","floor":20,"turns":4},{"damage":20,"enemies":"Gremlin Leader","floor":23,"turns":7},{"damage":0,"enemies":"3 Cultists","floor":28,"turns":4},{"damage":10,"enemies":"Masked Bandits","floor":29,"turns":3},{"damage":5,"enemies":"Centurion and Healer","floor":30,"turns":5},{"damage":49,"enemies":"Automaton","floor":33,"turns":6}],"seed_played":"-1288988563076422750","potions_obtained":[{"floor":2,"key":"Strength Potion"},{"floor":8,"key":"Fire Potion"},{"floor":10,"key":"Fire Potion"},{"floor":18,"key":"Regen Potion"},{"floor":23,"key":"GhostInAJar"},{"floor":28,"key":"Energy Potion"}],"is_trial":false,"path_per_floor":["M","M","?","?","$","R","$","M","T","M","R","?","M","?","R","B",null,"M","$","M","?","$","E","R","?","T","R","M","?","M","T","R","B"],"character_chosen":"THE_SILENT","items_purchased":["Bronze Scales","Crippling Poison"],"campfire_rested":1,"item_purchase_floors":[19,19],"current_hp_per_floor":[70,70,70,67,67,67,67,66,66,63,63,63,63,46,46,32,61,47,47,59,59,59,39,39,39,39,60,60,50,45,45,45,0],"gold":142,"neow_bonus":"THREE_RARE_CARDS","is_prod":false,"is_daily":false,"chose_seed":false,"campfire_upgraded":5,"win_rate":0,"timestamp":1551657330,"path_taken":["M","M","?","?","$","R","$","M","T","M","R","?","?","?","R","BOSS","M","$","M","?","?","E","R","?","T","R","M","?","M","?","R","BOSS"],"build_version":"2019-01-23","purchased_purges":1,"victory":false,"max_hp_per_floor":[70,70,70,70,70,70,70,70,70,70,70,70,70,70,70,70,70,70,70,70,70,70,70,70,70,70,70,70,70,70,70,70,70],"card_choices":[{"not_picked":["Phantasmal Killer","Malaise"],"picked":"After Image","floor":0},{"not_picked":["Blade Dance","Reflex"],"picked":"Deadly Poison","floor":1},{"not_picked":["Escape Plan","Prepared"],"picked":"Footwork","floor":2},{"not_picked":["Heel Hook","Tactician"],"picked":"Flying Knee","floor":8},{"not_picked":["Flying Knee","Dodge and Roll"],"picked":"Blade Dance","floor":10},{"not_picked":["PiercingWail","Blade Dance"],"picked":"Noxious Fumes","floor":13},{"not_picked":["Venomology","Phantasmal Killer"],"picked":"Glass Knife","floor":16},{"not_picked":["Noxious Fumes","Deadly Poison"],"picked":"Endless Agony+1","floor":18},{"not_picked":["Poisoned Stab+1","Blur","PiercingWail"],"picked":"SKIP","floor":20},{"not_picked":["Bullet Time","Heel Hook+1"],"picked":"Catalyst","floor":23},{"not_picked":["Poisoned Stab","Endless Agony"],"picked":"Blade Dance+1","floor":28},{"not_picked":["Poisoned Stab","Deflect+1"],"picked":"Deadly Poison","floor":29},{"not_picked":["Dagger Throw","Acrobatics+1"],"picked":"Slice","floor":30}],"player_experience":289754,"relics_obtained":[{"floor":9,"key":"Omamori"},{"floor":23,"key":"Smiling Mask"},{"floor":26,"key":"Bottled Tornado"},{"floor":29,"key":"Red Mask"}],"event_choices":[{"damage_healed":0,"gold_gain":0,"player_choice":"Box","damage_taken":0,"relics_obtained":["Mummified Hand"],"max_hp_gain":0,"max_hp_loss":0,"event_name":"Big Fish","floor":3,"gold_loss":0,"cards_obtained":["Regret"]},{"damage_healed":0,"gold_gain":0,"player_choice":"Success","damage_taken":3,"relics_obtained":["Ancient Tea Set"],"max_hp_gain":0,"max_hp_loss":0,"event_name":"Scrap Ooze","floor":4,"gold_loss":0},{"damage_healed":0,"gold_gain":30,"player_choice":"Searched \u00272\u0027 times","damage_taken":0,"relics_obtained":["Art of War"],"max_hp_gain":0,"max_hp_loss":0,"event_name":"Dead Adventurer","floor":12,"gold_loss":0},{"damage_healed":0,"gold_gain":0,"player_choice":"Take Damage","damage_taken":17,"relics_obtained":["Golden Idol"],"max_hp_gain":0,"max_hp_loss":0,"event_name":"Golden Idol","floor":14,"gold_loss":0},{"damage_healed":0,"gold_gain":0,"player_choice":"Gave Potion","damage_taken":0,"relics_obtained":["FossilizedHelix"],"max_hp_gain":0,"max_hp_loss":0,"event_name":"WeMeetAgain","floor":21,"gold_loss":0},{"damage_healed":0,"gold_gain":0,"player_choice":"Inject Mutagens","damage_taken":0,"relics_obtained":["MutagenicStrength"],"max_hp_gain":0,"max_hp_loss":0,"event_name":"Drug Dealer","floor":25,"gold_loss":0},{"damage_healed":0,"gold_gain":0,"player_choice":"Fought Bandits","damage_taken":0,"max_hp_gain":0,"max_hp_loss":0,"event_name":"Masked Bandits","floor":29,"gold_loss":0}],"is_beta":false,"boss_relics":[{"not_picked":["Velvet Choker","Pandora\u0027s Box"],"picked":"WristBlade"}],"items_purged_floors":[19],"is_endless":false,"potions_floor_spawned":[2,8,10,13,18,23,28],"killed_by":"Automaton","ascension_level":5}