{"path_per_floor":["M","?","M","?","$","E","M","R","T","R","E","T","M","$","R","B",null,"M","M"],"character_chosen":"DEFECT","items_purchased":["All For One","Hello World"],"gold_per_floor":[118,118,138,213,60,133,149,149,173,173,217,217,231,106,106,232,232,256,280,280],"floor_reached":20,"campfire_rested":2,"playtime":1077,"current_hp_per_floor":[75,57,57,46,46,18,17,39,39,39,8,8,1,1,23,1,75,32,18,0],"items_purged":["Strike_B"],"gold":280,"score":191,"play_id":"f97026fd-a990-41ac-9338-19445e985243","local_time":"20180426211929","is_prod":false,"is_daily":false,"chose_seed":false,"is_ascension_mode":true,"campfire_upgraded":1,"timestamp":1524788369,"path_taken":["M","?","M","?","?","E","?","R","T","R","E","?","M","$","R","BOSS","M","M","?"],"build_version":"2018-04-26","seed_source_timestamp":56979329126289,"purchased_purges":1,"victory":false,"master_deck":["Strike_B","Strike_B","Strike_B","Defend_B","Defend_B","Defend_B","Defend_B","Zap","Dualcast","Beam Cell","Streamline+1","All For One","Doom and Gloom+1","FTL+1","Aggregate","Melter","Hello World","Fission","Auto Shields+1","Defragment+1"],"max_hp_per_floor":[75,75,75,75,75,75,75,75,75,75,75,75,75,75,75,75,75,75,75,75],"relics":["Cracked Core","Golden Idol","Tiny Chest","Whetstone","Shovel","Matryoshka","Runic Dome"],"card_choices":[{"not_picked":["Coolheaded","Axe Kick"],"picked":"Beam Cell","floor":1},{"not_picked":["Melter","Double Energy"],"picked":"Streamline","floor":3},{"not_picked":["Go for the Eyes","Reinforced Body"],"picked":"Doom and Gloom","floor":6},{"not_picked":["Ball Lightning","Leap"],"picked":"FTL","floor":7},{"not_picked":["Streamline","All For One"],"picked":"Aggregate","floor":11},{"not_picked":["Leap","Chaos"],"picked":"Melter","floor":13},{"not_picked":["Rainbow","Prime"],"picked":"Fission","floor":16},{"not_picked":["Capacitor","Storm"],"picked":"Auto Shields","floor":18},{"not_picked":["Heatsinks","Leap"],"picked":"Defragment","floor":19}],"player_experience":753097,"potions_floor_usage":[16,16],"damage_taken":[{"damage":0,"enemies":"Small Slimes","floor":1,"turns":3},{"damage":0,"enemies":"2 Louse","floor":3,"turns":2},{"damage":28,"enemies":"3 Sentries","floor":6,"turns":8},{"damage":1,"enemies":"Jaw Worm","floor":7,"turns":2},{"damage":31,"enemies":"Lagavulin","floor":11,"turns":4},{"damage":7,"enemies":"Blue Slaver","floor":13,"turns":2},{"damage":22,"enemies":"The Guardian","floor":16,"turns":12},{"damage":43,"enemies":"3 Byrds","floor":18,"turns":5},{"damage":14,"enemies":"Shell Parasite","floor":19,"turns":6},{"damage":21,"enemies":"Cultist and Chosen","floor":20,"turns":3}],"event_choices":[{"event_name":"Golden Idol","player_choice":"Take Damage","floor":2,"damage_taken":0},{"event_name":"World of Goop","player_choice":"Gather Gold","floor":4,"damage_taken":0}],"boss_relics":[{"not_picked":["Eternal Feather","White Beast Statue"],"picked":"Runic Dome"}],"potions_floor_spawned":[1,13,16,18,19],"seed_played":"-1523826170140922767","killed_by":"Cultist and Chosen","ascension_level":1,"is_trial":false}