{"gold_per_floor":[116,116,129,129,150,150,189,217,264,264,62,100,119,138,138,257,257,257,257,257,28,28,28,28,4,4,4,4,4,4],"floor_reached":30,"playtime":1351,"items_purged":["Strike_G","Strike_G"],"score":286,"play_id":"7c8dac9b-7f7f-4bc9-a9f9-1a54e30212ba","local_time":"20190223140707","is_ascension_mode":true,"campfire_choices":[{"data":"Blade Dance","floor":6,"key":"SMITH"},{"data":"Noxious Fumes","floor":10,"key":"SMITH"},{"floor":15,"key":"REST"},{"data":"RitualDagger","floor":23,"key":"SMITH"},{"floor":28,"key":"REST"}],"neow_cost":"NONE","seed_source_timestamp":255171920526378,"circlet_count":0,"master_deck":["Defend_G","Defend_G","Defend_G","Defend_G","Defend_G","Strike_G","Strike_G","Strike_G","Survivor","Neutralize","Noxious Fumes","Blade Dance+1","Noxious Fumes+1","Bouncing Flask","PiercingWail","Acrobatics","Finisher","Cloak And Dagger","Phantasmal Killer","Night Terror","Backflip","Quick Slash","Bouncing Flask","Backflip","RitualDagger+1","Infinite Blades+1","Slice"],"relics":["Ring of the Snake","Golden Idol","Oddly Smooth Stone","Odd Mushroom","Centennial Puzzle","Pantograph","Ectoplasm","Orichalcum","The Courier"],"potions_floor_usage":[7,7,12,12,13,16],"damage_taken":[{"damage":0,"enemies":"2 Louse","floor":1,"turns":2},{"damage":0,"enemies":"Jaw Worm","floor":3,"turns":5},{"damage":0,"enemies":"Small Slimes","floor":5,"turns":3},{"damage":27,"enemies":"3 Sentries","floor":7,"turns":7},{"damage":20,"enemies":"The Mushroom Lair","floor":8,"turns":5},{"damage":10,"enemies":"Lagavulin","floor":12,"turns":6},{"damage":5,"enemies":"Exordium Thugs","floor":13,"turns":5},{"damage":11,"enemies":"Lots of Slimes","floor":14,"turns":3},{"damage":42,"enemies":"The Guardian","floor":16,"turns":9},{"damage":11,"enemies":"Shell Parasite","floor":18,"turns":7},{"damage":6,"enemies":"Chosen","floor":20,"turns":5},{"damage":21,"enemies":"Centurion and Healer","floor":24,"turns":7},{"damage":20,"enemies":"Snake Plant","floor":29,"turns":4},{"damage":34,"enemies":"Gremlin Leader","floor":30,"turns":4}],"seed_played":"3037524597456736453","potions_obtained":[{"floor":0,"key":"GamblersBrew"},{"floor":0,"key":"Regen Potion"},{"floor":0,"key":"SpeedPotion"},{"floor":1,"key":"AttackPotion"},{"floor":12,"key":"Weak Potion"},{"floor":14,"key":"LiquidBronze"},{"floor":20,"key":"FairyPotion"},{"floor":27,"key":"Strength Potion"},{"floor":27,"key":"Strength Potion"}],"is_trial":false,"path_per_floor":["M","?","M","?","M","R","E","?","T","R","$","E","M","M","R","B",null,"M","?","M","$","?","R","M","$","T","?","R","M","E"],"character_chosen":"THE_SILENT","items_purchased":["Acrobatics","EssenceOfSteel","Bouncing Flask","Backflip","Slice"],"campfire_rested":2,"item_purchase_floors":[11,11,21,21,25],"current_hp_per_floor":[70,65,65,65,65,65,48,28,28,28,28,18,13,2,21,4,65,54,54,48,48,42,42,21,21,21,21,40,20,0],"gold":4,"neow_bonus":"THREE_SMALL_POTIONS","is_prod":false,"is_daily":false,"chose_seed":false,"campfire_upgraded":3,"win_rate":0,"timestamp":1550952427,"path_taken":["M","?","M","?","M","R","E","?","T","R","$","E","M","M","R","BOSS","M","?","M","$","?","R","M","$","T","?","R","?","E"],"build_version":"2019-01-23","purchased_purges":2,"victory":false,"max_hp_per_floor":[70,65,65,65,65,65,65,65,65,65,65,65,65,65,65,65,65,65,65,65,65,65,65,65,65,65,65,65,65,65],"card_choices":[{"not_picked":["Blur","Dagger Spray"],"picked":"Noxious Fumes","floor":1},{"not_picked":["Slice","PiercingWail"],"picked":"Blade Dance","floor":3},{"not_picked":["Quick Slash","PiercingWail"],"picked":"Noxious Fumes","floor":5},{"not_picked":["Dagger Spray","Quick Slash"],"picked":"Bouncing Flask","floor":7},{"not_picked":["Slice","Terror"],"picked":"PiercingWail","floor":8},{"not_picked":["Accuracy","Acrobatics"],"picked":"Finisher","floor":12},{"not_picked":["Underhanded Strike","Masterful Stab"],"picked":"Cloak And Dagger","floor":13},{"not_picked":["Outmaneuver","Bane"],"picked":"Phantasmal Killer","floor":14},{"not_picked":["Glass Knife","Grand Finale"],"picked":"Night Terror","floor":16},{"not_picked":["Prepared","Slice"],"picked":"Backflip","floor":18},{"not_picked":["Expertise","Slice"],"picked":"Quick Slash","floor":20},{"not_picked":["Dagger Spray","PiercingWail+1"],"picked":"Infinite Blades+1","floor":24},{"not_picked":["Blade Dance","Underhanded Strike","Riddle With Holes"],"picked":"SKIP","floor":29}],"player_experience":209250,"relics_obtained":[{"floor":7,"key":"Oddly Smooth Stone"},{"floor":8,"key":"Odd Mushroom"},{"floor":9,"key":"Centennial Puzzle"},{"floor":12,"key":"Pantograph"},{"floor":26,"key":"The Courier"}],"event_choices":[{"damage_healed":0,"gold_gain":0,"player_choice":"Lose Max HP","damage_taken":0,"relics_obtained":["Golden Idol"],"max_hp_gain":0,"max_hp_loss":5,"event_name":"Golden Idol","floor":2,"gold_loss":0},{"damage_healed":0,"gold_gain":0,"player_choice":"Ignored","damage_taken":0,"max_hp_gain":0,"max_hp_loss":0,"event_name":"Liars Game","floor":4,"gold_loss":0},{"damage_healed":0,"gold_gain":0,"player_choice":"Fought Mushrooms","damage_taken":0,"max_hp_gain":0,"max_hp_loss":0,"event_name":"Mushrooms","floor":8,"gold_loss":0},{"damage_healed":0,"gold_gain":0,"player_choice":"Opened","damage_taken":0,"relics_obtained":["Orichalcum"],"max_hp_gain":0,"max_hp_loss":0,"event_name":"The Mausoleum","floor":19,"gold_loss":0},{"damage_healed":0,"gold_gain":0,"player_choice":"Joined the Cult","damage_taken":6,"max_hp_gain":0,"max_hp_loss":0,"event_name":"Nest","floor":22,"gold_loss":0,"cards_obtained":["RitualDagger"]},{"damage_healed":0,"gold_gain":0,"player_choice":"Got Potions","damage_taken":0,"max_hp_gain":0,"max_hp_loss":0,"event_name":"Lab","floor":27,"gold_loss":0}],"is_beta":false,"boss_relics":[{"not_picked":["Black Star","Snecko Eye"],"picked":"Ectoplasm"}],"items_purged_floors":[11,21],"is_endless":false,"potions_floor_spawned":[1,3,12,14,20,29],"killed_by":"Gremlin Leader","ascension_level":4}