{"gold_per_floor":[119,194,205,205,205,230,230,265,265,294,314,329,355,355,355,355],"floor_reached":16,"playtime":554,"items_purged":[],"score":215,"play_id":"109c65c0-5f55-4686-905e-bd6d75c52654","local_time":"20181223120141","is_ascension_mode":true,"campfire_choices":[{"floor":7,"key":"RECALL"},{"data":"Pommel Strike","floor":15,"key":"SMITH"}],"neow_cost":"NONE","seed_source_timestamp":2965310968904,"circlet_count":0,"master_deck":["AscendersBane","Strike_R","Strike_R","Strike_R","Strike_R","Strike_R","Defend_R","Defend_R","Defend_R","Defend_R","Bash","Pommel Strike+1","Rage+1","Headbutt","Fiend Fire","Clash","Thunderclap","Inflame"],"relics":["Burning Blood","NeowsBlessing","Pocketwatch","Bottled Flame","Bottled Lightning","Matryoshka","Odd Mushroom","Strawberry","WingedGreaves"],"potions_floor_usage":[16,16],"damage_taken":[{"damage":0,"enemies":"Jaw Worm","floor":1,"turns":1},{"damage":0,"enemies":"Small Slimes","floor":3,"turns":1},{"damage":0,"enemies":"3 Sentries","floor":6,"turns":2},{"damage":27,"enemies":"Gremlin Nob","floor":8,"turns":4},{"damage":10,"enemies":"Lagavulin","floor":10,"turns":5},{"damage":0,"enemies":"2 Louse","floor":11,"turns":2},{"damage":13,"enemies":"Exordium Thugs","floor":12,"turns":3},{"damage":20,"enemies":"The Mushroom Lair","floor":13,"turns":4},{"damage":61,"enemies":"Hexaghost","floor":16,"turns":11}],"seed_played":"3485193682153215057","potions_obtained":[{"floor":6,"key":"Block Potion"},{"floor":12,"key":"Regen Potion"}],"is_trial":false,"path_per_floor":["M","?","M","?","?","E","R","E","T","E","M","M","?","T","R","B"],"character_chosen":"IRONCLAD","items_purchased":[],"campfire_rested":0,"item_purchase_floors":[],"current_hp_per_floor":[78,67,73,73,70,76,76,55,55,51,57,50,36,43,43,0],"gold":355,"neow_bonus":"THREE_ENEMY_KILL","is_prod":false,"is_daily":false,"chose_seed":false,"campfire_upgraded":1,"win_rate":0,"timestamp":1545573701,"path_taken":["M","?","M","?","?","E","R","E","T","E","M","M","?","?","R","BOSS"],"build_version":"2018-12-20","purchased_purges":0,"victory":false,"max_hp_per_floor":[80,80,80,80,80,80,80,80,80,80,80,80,80,87,87,87],"card_choices":[{"not_picked":["Bloodletting","True Grit"],"picked":"Pommel Strike","floor":1},{"not_picked":["Armaments","Thunderclap"],"picked":"Rage","floor":3},{"not_picked":["Sword Boomerang","Disarm"],"picked":"Headbutt","floor":6},{"not_picked":["Reckless Charge","Headbutt"],"picked":"Fiend Fire","floor":8},{"not_picked":["Anger","Warcry"],"picked":"Clash","floor":10},{"not_picked":["Burning Pact","Headbutt"],"picked":"Thunderclap","floor":11},{"not_picked":["Shrug It Off","Pommel Strike"],"picked":"Inflame","floor":12}],"player_experience":894394,"relics_obtained":[{"floor":6,"key":"Bottled Flame"},{"floor":8,"key":"Bottled Lightning"},{"floor":10,"key":"Matryoshka"},{"floor":13,"key":"Odd Mushroom"},{"floor":14,"key":"Strawberry"},{"floor":14,"key":"WingedGreaves"}],"event_choices":[{"damage_healed":0,"gold_gain":75,"player_choice":"Gather Gold","damage_taken":11,"max_hp_gain":0,"max_hp_loss":0,"event_name":"World of Goop","floor":2,"gold_loss":0},{"damage_healed":0,"gold_gain":0,"player_choice":"Grow","damage_taken":0,"max_hp_gain":0,"max_hp_loss":0,"event_name":"Living Wall","floor":4,"gold_loss":0,"cards_upgraded":["Rage"]},{"damage_healed":0,"gold_gain":0,"player_choice":"Success","damage_taken":3,"relics_obtained":["Pocketwatch"],"max_hp_gain":0,"max_hp_loss":0,"event_name":"Scrap Ooze","floor":5,"gold_loss":0},{"damage_healed":0,"gold_gain":0,"player_choice":"Fought Mushrooms","damage_taken":0,"max_hp_gain":0,"max_hp_loss":0,"event_name":"Mushrooms","floor":13,"gold_loss":0}],"is_beta":true,"boss_relics":[],"items_purged_floors":[],"is_endless":false,"potions_floor_spawned":[6,12],"killed_by":"Hexaghost","ascension_level":10}