{"path_per_floor":["M","?","T","?","M","E","?","$","T","M","$","?","R","M","R","B",null,"M","?","$","M","M","R","M","M","T","M","?","?","R","T","R","B",null,"M","$","M","?","M","R","M","M","T","R","M","?","M","M","R","B"],"character_chosen":"IRONCLAD","items_purchased":["Whirlwind","Apotheosis","Paper Frog"],"gold_per_floor":[113,113,136,136,151,181,181,29,29,40,40,115,115,129,129,231,231,247,247,35,52,66,66,81,101,177,190,105,105,105,130,130,235,235,252,12,30,30,48,48,48,61,61,61,80,0,14,30,30,30],"floor_reached":51,"campfire_rested":3,"playtime":2141,"current_hp_per_floor":[80,73,73,73,78,33,33,33,33,41,41,30,30,35,74,10,80,72,57,57,59,53,53,61,69,69,65,65,49,49,49,85,25,85,85,85,85,85,57,57,69,64,78,78,64,64,66,74,99,55],"items_purged":["Defend_R"],"gold":30,"score":526,"play_id":"6aa1978a-6adc-4dc4-94af-19033b07b14a","is_prod":false,"is_daily":false,"is_ascension_mode":false,"campfire_upgraded":5,"path_taken":["M","?","?","?","M","E","?","?","T","M","$","?","R","M","R","BOSS","M","?","$","M","M","R","M","M","T","M","?","?","R","?","R","BOSS","M","?","M","?","?","R","M","M","T","R","M","?","M","M","R","BOSS"],"build_version":"2018-02-15-PROD1","purchased_purges":1,"victory":true,"master_deck":["Strike_R","Strike_R","Strike_R","Defend_R","Defend_R","Defend_R","Bash+1","Reckless Charge","Clash","Cleave","Whirlwind+1","Double Tap+1","Apotheosis+1","Whirlwind+1","Havoc+1","Shrug It Off","Necronomicurse","Demon Form+1","Iron Wave+1","Flex+1","Dropkick","Flex+1"],"max_hp_per_floor":[80,80,80,80,80,80,80,80,80,80,80,80,80,80,80,80,80,80,85,85,85,85,85,85,85,85,85,85,85,85,85,85,85,85,85,85,85,85,85,85,85,85,99,99,99,99,99,99,99,99],"relics":["Black Blood","Vajra","Orichalcum","Blood Vial","Bag of Preparation","Regal Pillow","Sozu","Kunai","Prayer Wheel","Necronomicon","Bag of Marbles","Paper Frog","Mango","Red Mask"],"card_choices":[{"not_picked":["Burning Pact","Clash"],"picked":"Reckless Charge"},{"not_picked":["Headbutt","Thunderclap"],"picked":"Clash"},{"not_picked":["Blood for Blood","Intimidate"],"picked":"Cleave"},{"not_picked":["Bludgeon","Barricade"],"picked":"Double Tap"},{"not_picked":["Dropkick","Sword Boomerang"],"picked":"Whirlwind"},{"not_picked":["Sword Boomerang","Headbutt"],"picked":"Havoc"},{"not_picked":["Wild Strike","Burning Pact"],"picked":"Shrug It Off"},{"not_picked":["Dark Embrace","Juggernaut"],"picked":"Demon Form"},{"not_picked":["Battle Trance","Cleave"],"picked":"Iron Wave"},{"not_picked":["Rupture","Anger"],"picked":"Flex"},{"not_picked":["Pommel Strike","Dual Wield"],"picked":"Dropkick"},{"not_picked":["Uppercut","Juggernaut"],"picked":"Flex"}],"player_experience":103324,"potions_floor_usage":[14,16],"damage_taken":[{"damage":2,"enemies":"2 Louse","floor":1,"turns":3},{"damage":3,"enemies":"Jaw Worm","floor":5,"turns":4},{"damage":53,"enemies":"Lagavulin","floor":6,"turns":8},{"damage":0,"enemies":"Small Slimes","floor":10,"turns":2},{"damage":3,"enemies":"2 Fungi Beasts","floor":14,"turns":2},{"damage":87,"enemies":"Hexaghost","floor":16,"turns":11},{"damage":14,"enemies":"2 Thieves","floor":18,"turns":2},{"damage":6,"enemies":"Shell Parasite","floor":21,"turns":3},{"damage":14,"enemies":"Snecko","floor":22,"turns":4},{"damage":0,"enemies":"Snake Plant","floor":24,"turns":2},{"damage":0,"enemies":"Sentry and Sphere","floor":25,"turns":1},{"damage":12,"enemies":"Centurion and Healer","floor":27,"turns":2},{"damage":66,"enemies":"Champ","floor":33,"turns":8},{"damage":0,"enemies":"3 Darklings","floor":35,"turns":1},{"damage":7,"enemies":"Orb Walker","floor":37,"turns":3},{"damage":38,"enemies":"4 Shapes","floor":39,"turns":4},{"damage":0,"enemies":"3 Darklings","floor":41,"turns":1},{"damage":17,"enemies":"Maw","floor":42,"turns":4},{"damage":26,"enemies":"Sphere and 2 Shapes","floor":45,"turns":4},{"damage":10,"enemies":"3 Darklings","floor":47,"turns":3},{"damage":4,"enemies":"4 Shapes","floor":48,"turns":1},{"damage":54,"enemies":"Donu and Deca","floor":50,"turns":4}],"event_choices":[{"event_name":"Golden Wing","player_choice":"Card Removal","floor":2,"damage_taken":0},{"event_name":"Big Fish","player_choice":"Box","floor":4,"damage_taken":0},{"event_name":"Living Wall","player_choice":"Forget","floor":7,"damage_taken":0},{"event_name":"World of Goop","player_choice":"Gather Gold","floor":12,"damage_taken":0},{"event_name":"Forgotten Altar","player_choice":"Shed Blood","floor":19,"damage_taken":0},{"event_name":"Addict","player_choice":"Obtained Relic","floor":28,"damage_taken":0},{"event_name":"Cursed Tome","player_choice":"Obtained Book","floor":29,"damage_taken":0},{"event_name":"Tomb of Lord Red Mask","player_choice":"Paid","floor":46,"damage_taken":0}],"boss_relics":[{"not_picked":["Tiny House","Question Card"],"picked":"Sozu"},{"not_picked":["Velvet Choker","Eternal Feather"],"picked":"Black Blood"}],"potions_floor_spawned":[1,10,16,18,33,37,42,47,48],"seed_played":"6695699348147253368","ascension_level":0,"is_trial":false}