{"path_per_floor":["M","$","?","M","?","R","E","?","T","$","E","M","R","M","R","B",null,"M","?","?","$","?","R","E","$","T","R","M","M","$","?","R"],"character_chosen":"DEFECT","items_purchased":["Sweeping Beam","All For One","Gash","Gash","FTL","Skim"],"gold_per_floor":[369,268,268,283,233,233,276,276,276,33,77,90,90,105,105,230,230,255,255,255,50,50,50,91,91,91,91,116,130,37,37,37,37],"floor_reached":33,"campfire_rested":3,"playtime":1101,"current_hp_per_floor":[57,57,40,40,40,40,12,34,34,34,20,13,13,7,27,15,68,44,44,44,44,44,44,24,24,24,44,44,25,25,25,45,0],"items_purged":["Strike_B","Strike_B","Streamline"],"gold":37,"score":282,"play_id":"628cf0f9-8433-427b-b584-85a0ec0e8db6","local_time":"20180501000807","is_prod":false,"is_daily":false,"chose_seed":false,"is_ascension_mode":true,"campfire_upgraded":3,"timestamp":1525144087,"path_taken":["M","$","?","M","?","R","E","?","T","$","E","?","R","M","R","BOSS","M","?","?","$","?","R","E","?","T","R","?","M","$","?","R","BOSS"],"build_version":"2018-04-27v3","seed_source_timestamp":27745394532467,"purchased_purges":3,"victory":false,"master_deck":["Zap+1","Dualcast","Hologram","Sweeping Beam","Tempest","Chaos","All For One","Gash+1","Auto Shields","Turbo","Echo Form+1","Streamline","Sweeping Beam","Axe Kick","Reinforced Body+1","Gash","Double Energy","FTL","Skim"],"max_hp_per_floor":[68,68,68,68,68,68,68,68,68,68,68,68,68,68,68,68,68,68,68,68,68,68,68,68,68,68,68,68,68,68,68,68,68],"relics":["Cracked Core","Golden Idol","War Paint","Bag of Preparation","Happy Flower","Pandora\u0027s Box","Ornamental Fan","Smiling Mask"],"card_choices":[{"not_picked":["Double Energy","Ball Lightning"],"picked":"Hologram","floor":1},{"not_picked":["Blaster","Impulse"],"picked":"Tempest","floor":4},{"not_picked":["Static Discharge","Impulse"],"picked":"Chaos","floor":7},{"not_picked":["Self Repair","Biased Cognition"],"picked":"Auto Shields","floor":11},{"not_picked":["Sweeping Beam","Hologram"],"picked":"Turbo","floor":14},{"not_picked":["Meteor Strike","Seek"],"picked":"Echo Form","floor":16},{"not_picked":["Impulse","Ball Lightning"],"picked":"Reinforced Body","floor":18},{"not_picked":["Barrage","Coolheaded"],"picked":"Double Energy","floor":29}],"player_experience":782606,"potions_floor_usage":[16,24],"damage_taken":[{"damage":11,"enemies":"Jaw Worm","floor":1,"turns":4},{"damage":0,"enemies":"Small Slimes","floor":4,"turns":4},{"damage":28,"enemies":"Gremlin Nob","floor":7,"turns":4},{"damage":14,"enemies":"3 Sentries","floor":11,"turns":6},{"damage":7,"enemies":"2 Louse","floor":12,"turns":2},{"damage":6,"enemies":"Gremlin Gang","floor":14,"turns":3},{"damage":12,"enemies":"The Guardian","floor":16,"turns":10},{"damage":24,"enemies":"Shell Parasite","floor":18,"turns":4},{"damage":20,"enemies":"Slavers","floor":24,"turns":5},{"damage":0,"enemies":"3 Byrds","floor":28,"turns":3},{"damage":19,"enemies":"Snecko","floor":29,"turns":4},{"damage":50,"enemies":"Collector","floor":33,"turns":7}],"event_choices":[{"event_name":"Golden Idol","player_choice":"Take Damage","floor":3,"damage_taken":0},{"event_name":"The Cleric","player_choice":"Card Removal","floor":5,"damage_taken":0},{"event_name":"Big Fish","player_choice":"Banana","floor":8,"damage_taken":0},{"event_name":"Purifier","player_choice":"One Purge","floor":19,"damage_taken":0},{"event_name":"Ghosts","player_choice":"Ignored","floor":20,"damage_taken":0},{"event_name":"Addict","player_choice":"Ignored","floor":22,"damage_taken":0},{"event_name":"The Mausoleum","player_choice":"No","floor":31,"damage_taken":0}],"boss_relics":[{"not_picked":["Black Star","Velvet Choker"],"picked":"Pandora\u0027s Box"}],"potions_floor_spawned":[1,11,14,24],"seed_played":"493719453768516741","killed_by":"Collector","ascension_level":1,"is_trial":false}