{"gold_per_floor":[117,117,129,129,5,38,38,67,97,97,110,126,141,141,141,243,243,263,273,273,273,290,290,138,168,241,254,3,15,15,34,34,34],"floor_reached":33,"playtime":1280,"items_purged":["Regret","Injury"],"score":357,"play_id":"3092652c-0722-455b-ae91-2aadaf329fe6","local_time":"20190215180128","is_ascension_mode":true,"campfire_choices":[{"data":"A Thousand Cuts","floor":7,"key":"SMITH"},{"data":"Cloak And Dagger","floor":10,"key":"SMITH"},{"floor":15,"key":"REST"},{"data":"Backflip","floor":23,"key":"SMITH"},{"floor":30,"key":"REST"},{"data":"Infinite Blades","floor":32,"key":"SMITH"}],"neow_cost":"NONE","seed_source_timestamp":84750232235640,"circlet_count":0,"master_deck":["Defend_G+1","Defend_G","Defend_G","Defend_G+1","Defend_G","Strike_G","Strike_G","Strike_G","Strike_G","Survivor+1","Neutralize","Flying Knee","Backflip","Bane","A Thousand Cuts+1","Backflip+1","Outmaneuver+1","Cloak And Dagger+1","Slice","Accuracy","Leg Sweep","Cloak And Dagger+1","Slice","Well Laid Plans","Crippling Poison","Infinite Blades+1","Adrenaline","Noxious Fumes"],"relics":["Ring of the Snake","NeowsBlessing","Bottled Lightning","Matryoshka","Vajra","Tiny Chest","Calling Bell","Lantern","Pear","Bird Faced Urn","Pen Nib","The Courier","War Paint"],"potions_floor_usage":[27,29],"damage_taken":[{"damage":0,"enemies":"Jaw Worm","floor":1,"turns":1},{"damage":0,"enemies":"Small Slimes","floor":3,"turns":1},{"damage":0,"enemies":"3 Sentries","floor":6,"turns":1},{"damage":20,"enemies":"Lagavulin","floor":8,"turns":9},{"damage":6,"enemies":"Cultist","floor":11,"turns":3},{"damage":3,"enemies":"Large Slime","floor":12,"turns":4},{"damage":5,"enemies":"Exordium Wildlife","floor":13,"turns":3},{"damage":35,"enemies":"Slime Boss","floor":16,"turns":9},{"damage":25,"enemies":"Chosen","floor":18,"turns":5},{"damage":23,"enemies":"Spheric Guardian","floor":19,"turns":4},{"damage":7,"enemies":"Shelled Parasite and Fungi","floor":22,"turns":5},{"damage":24,"enemies":"Gremlin Leader","floor":25,"turns":8},{"damage":2,"enemies":"3 Cultists","floor":27,"turns":5},{"damage":20,"enemies":"Snake Plant","floor":29,"turns":4},{"damage":12,"enemies":"Chosen and Byrds","floor":31,"turns":4},{"damage":56,"enemies":"Collector","floor":33,"turns":7}],"seed_played":"7743945642546997727","potions_obtained":[{"floor":11,"key":"SkillPotion"},{"floor":12,"key":"Strength Potion"},{"floor":13,"key":"SteroidPotion"},{"floor":22,"key":"AttackPotion"},{"floor":29,"key":"FearPotion"},{"floor":31,"key":"GhostInAJar"}],"is_trial":false,"path_per_floor":["M","?","M","?","$","E","R","E","T","R","M","M","M","?","R","B",null,"M","M","?","?","M","R","$","E","T","M","$","M","R","M","R","B"],"character_chosen":"THE_SILENT","items_purchased":["A Thousand Cuts","Backflip","Well Laid Plans","Infinite Blades","Adrenaline","Noxious Fumes"],"campfire_rested":2,"item_purchase_floors":[5,5,24,28,28,28],"current_hp_per_floor":[70,75,75,75,75,75,75,55,55,55,49,46,41,26,48,13,85,60,41,41,41,38,38,38,20,20,24,24,12,37,33,33,0],"gold":34,"neow_bonus":"THREE_ENEMY_KILL","is_prod":false,"is_daily":false,"chose_seed":false,"campfire_upgraded":4,"win_rate":0,"timestamp":1550275288,"path_taken":["M","?","M","?","$","E","R","E","T","R","M","M","?","?","R","BOSS","M","M","?","?","M","R","$","E","T","?","$","M","R","M","R","BOSS"],"build_version":"2019-01-23","purchased_purges":2,"victory":false,"max_hp_per_floor":[70,75,75,75,75,75,75,75,75,75,75,75,75,75,75,75,85,85,85,85,85,85,85,85,85,85,85,85,85,85,85,85,85],"card_choices":[{"not_picked":["Flechettes","Expertise"],"picked":"Flying Knee","floor":1},{"not_picked":["Dodge and Roll","Terror"],"picked":"Backflip","floor":3},{"not_picked":["Slice","Riddle With Holes"],"picked":"Outmaneuver","floor":6},{"not_picked":["Quick Slash","Well Laid Plans"],"picked":"Cloak And Dagger","floor":8},{"not_picked":["Escape Plan","Underhanded Strike"],"picked":"Slice","floor":11},{"not_picked":["Dagger Spray","Sucker Punch"],"picked":"Accuracy","floor":12},{"not_picked":["Accuracy","Heel Hook"],"picked":"Leg Sweep","floor":13},{"not_picked":["Skewer","Flying Knee","Riddle With Holes"],"picked":"SKIP","floor":18},{"not_picked":["Crippling Poison","Endless Agony"],"picked":"Cloak And Dagger+1","floor":19},{"not_picked":["Prepared","Blade Dance"],"picked":"Slice","floor":22},{"not_picked":["Bouncing Flask","Leg Sweep"],"picked":"Crippling Poison","floor":25},{"not_picked":["Leg Sweep","Masterful Stab","Deadly Poison"],"picked":"SKIP","floor":27},{"not_picked":["Outmaneuver","Blade Dance","Bane"],"picked":"SKIP","floor":29},{"not_picked":["Bouncing Flask","Sucker Punch","Accuracy"],"picked":"SKIP","floor":31}],"player_experience":178303,"relics_obtained":[{"floor":6,"key":"Bottled Lightning"},{"floor":8,"key":"Matryoshka"},{"floor":9,"key":"Vajra"},{"floor":9,"key":"Tiny Chest"},{"floor":17,"key":"Lantern"},{"floor":17,"key":"Pear"},{"floor":17,"key":"Bird Faced Urn"},{"floor":25,"key":"Pen Nib"},{"floor":26,"key":"The Courier"},{"floor":26,"key":"War Paint"}],"event_choices":[{"damage_healed":0,"gold_gain":0,"player_choice":"Donut","damage_taken":0,"max_hp_gain":5,"max_hp_loss":0,"event_name":"Big Fish","floor":2,"gold_loss":0},{"damage_healed":0,"gold_gain":0,"cards_transformed":["Strike_G"],"player_choice":"Transformed","damage_taken":0,"max_hp_gain":0,"max_hp_loss":0,"event_name":"Transmorgrifier","floor":4,"gold_loss":0,"cards_obtained":["Bane"]},{"damage_healed":0,"gold_gain":0,"player_choice":"Entered Light","damage_taken":15,"max_hp_gain":0,"max_hp_loss":0,"event_name":"Shining Light","floor":14,"gold_loss":0,"cards_upgraded":["Defend_G","Outmaneuver"]},{"cards_removed":["Shame"],"damage_healed":0,"gold_gain":0,"player_choice":"Elegance","damage_taken":0,"max_hp_gain":0,"max_hp_loss":0,"event_name":"Back to Basics","floor":20,"gold_loss":0},{"damage_healed":0,"gold_gain":0,"cards_transformed":["Clumsy","Injury"],"player_choice":"Became Test Subject","damage_taken":0,"max_hp_gain":0,"max_hp_loss":0,"event_name":"Drug Dealer","floor":21,"gold_loss":0,"cards_obtained":["Injury","Regret"]}],"is_beta":false,"boss_relics":[{"not_picked":["Ring of the Serpent","Pandora\u0027s Box"],"picked":"Calling Bell"}],"items_purged_floors":[24,28],"is_endless":false,"potions_floor_spawned":[11,12,13,16,22,29,31],"killed_by":"Collector","ascension_level":2}