{"gold_per_floor":[368,388,406,406,406,406,406,406,406,445,459,184,184,36,36,159,159,144,59,59],"floor_reached":20,"playtime":1044,"items_purged":["Strike_B"],"score":247,"play_id":"dd75010c-d281-4a98-b3b2-870c7b432f3e","local_time":"20190310145756","is_ascension_mode":true,"campfire_choices":[{"data":"Chaos","floor":6,"key":"SMITH"},{"data":"Zap","floor":8,"key":"SMITH"},{"floor":15,"key":"REST"}],"neow_cost":"CURSE","seed_source_timestamp":577560500666302,"circlet_count":0,"master_deck":["Strike_B","Strike_B","Strike_B+1","Defend_B","Defend_B","Defend_B","Defend_B","Zap+1","Dualcast","Chill","FTL+1","Chaos+1","Reinforced Body","Genetic Algorithm","Fission","Genetic Algorithm+1"],"relics":["FrozenCore","Golden Idol","Unceasing Top","Bronze Scales","HandDrill","Strawberry","Oddly Smooth Stone","Boot"],"potions_floor_usage":[11,16,18,20],"damage_taken":[{"damage":1,"enemies":"Cultist","floor":1,"turns":4},{"damage":4,"enemies":"2 Louse","floor":2,"turns":3},{"damage":0,"enemies":"Small Slimes","floor":3,"turns":3},{"damage":7,"enemies":"3 Sentries","floor":10,"turns":9},{"damage":6,"enemies":"Blue Slaver","floor":11,"turns":3},{"damage":4,"enemies":"The Guardian","floor":16,"turns":8},{"damage":8,"enemies":"2 Thieves","floor":18,"turns":4},{"damage":6,"enemies":"Colosseum Slavers","floor":20,"turns":6},{"damage":94,"enemies":"Colosseum Nobs","floor":20,"turns":5}],"seed_played":"-4922785449886409395","potions_obtained":[{"floor":10,"key":"EntropicBrew"}],"is_trial":false,"path_per_floor":["M","M","M","?","?","R","?","R","T","E","M","$","T","$","R","B",null,"M","?","?"],"character_chosen":"DEFECT","items_purchased":["HandDrill","Oddly Smooth Stone"],"campfire_rested":1,"item_purchase_floors":[12,14],"current_hp_per_floor":[67,63,63,45,45,45,30,30,30,23,17,17,24,24,48,44,73,65,65,0],"gold":59,"neow_bonus":"TWO_FIFTY_GOLD","is_prod":false,"is_daily":false,"chose_seed":false,"campfire_upgraded":2,"win_rate":0,"timestamp":1552255076,"path_taken":["M","M","M","?","?","R","?","R","T","E","M","?","?","$","R","BOSS","M","?","?"],"build_version":"2019-01-23","purchased_purges":1,"victory":false,"max_hp_per_floor":[75,75,75,75,75,75,75,75,75,75,75,75,82,82,82,82,82,82,82,82],"card_choices":[{"not_picked":["Streamline","Steam"],"picked":"Chill","floor":1},{"not_picked":["Cold Snap","Go for the Eyes"],"picked":"FTL","floor":2},{"not_picked":["Stack","Lockon"],"picked":"Chaos","floor":3},{"not_picked":["Redo","Biased Cognition"],"picked":"Reinforced Body","floor":10},{"not_picked":["Go for the Eyes","Sweeping Beam"],"picked":"Genetic Algorithm","floor":11},{"not_picked":["Reboot","All For One"],"picked":"Fission","floor":16},{"not_picked":["Steam","Force Field+1"],"picked":"Genetic Algorithm+1","floor":18}],"player_experience":445128,"relics_obtained":[{"floor":9,"key":"Unceasing Top"},{"floor":10,"key":"Bronze Scales"},{"floor":13,"key":"Strawberry"}],"event_choices":[{"damage_healed":0,"gold_gain":0,"player_choice":"Take Damage","damage_taken":18,"relics_obtained":["Golden Idol"],"max_hp_gain":0,"max_hp_loss":0,"event_name":"Golden Idol","floor":4,"gold_loss":0},{"cards_removed":["Normality"],"damage_healed":0,"gold_gain":0,"player_choice":"Forget","damage_taken":0,"max_hp_gain":0,"max_hp_loss":0,"event_name":"Living Wall","floor":5,"gold_loss":0},{"damage_healed":0,"gold_gain":0,"player_choice":"Entered Light","damage_taken":15,"max_hp_gain":0,"max_hp_loss":0,"event_name":"Shining Light","floor":7,"gold_loss":0,"cards_upgraded":["Strike_B","FTL"]},{"damage_healed":0,"gold_gain":0,"player_choice":"Obtained Relic","damage_taken":0,"relics_obtained":["Boot"],"max_hp_gain":0,"max_hp_loss":0,"event_name":"Addict","floor":19,"gold_loss":85},{"damage_healed":0,"gold_gain":0,"player_choice":"Fight","damage_taken":0,"max_hp_gain":0,"max_hp_loss":0,"event_name":"Colosseum","floor":20,"gold_loss":0},{"damage_healed":0,"gold_gain":0,"player_choice":"Fought Nobs","damage_taken":0,"max_hp_gain":0,"max_hp_loss":0,"event_name":"Colosseum","floor":20,"gold_loss":0}],"is_beta":false,"boss_relics":[{"not_picked":["Orrery","Runic Dome"],"picked":"FrozenCore"}],"items_purged_floors":[12],"is_endless":false,"potions_floor_spawned":[10,20],"killed_by":"Colosseum Nobs","ascension_level":9}