{"path_per_floor":["M","?","M","?","?","R","E","M","T","?","$","M","$","?","R","B",null,"M","M","$","?","M","R","M","M","T","M","$","$","?","?","R"],"character_chosen":"IRONCLAD","items_purchased":["True Grit","Headbutt","Havoc"],"gold_per_floor":[112,112,122,122,197,197,228,245,291,291,216,229,129,129,129,231,231,244,255,130,130,144,144,158,171,171,182,83,36,36,36,36],"floor_reached":33,"campfire_rested":2,"playtime":813,"current_hp_per_floor":[80,64,54,29,18,42,45,45,45,45,45,45,45,45,45,22,80,70,48,48,48,55,55,43,38,38,30,30,30,30,30,54],"items_purged":["Regret","Strike_R","Strike_R"],"gold":36,"score":245,"play_id":"6f7958a7-7713-421b-bedb-b3688454558b","local_time":"20180321225238","is_prod":false,"is_daily":false,"is_ascension_mode":false,"campfire_upgraded":2,"timestamp":1521683558,"path_taken":["M","?","M","?","?","R","E","?","T","?","$","M","$","?","R","BOSS","M","M","$","?","M","R","?","M","T","M","?","$","?","?","R","BOSS"],"build_version":"2018-03-15v3","purchased_purges":4,"victory":false,"master_deck":["Strike_R","Strike_R+1","Defend_R","Defend_R+1","Defend_R","Bash","Shockwave","Rampage+1","Whirlwind","Double Tap+1","Regret","Pain","Writhe","Clash+1","Immolate","Thunderclap+1","Flex+1","True Grit","Headbutt","Havoc","Decay"],"max_hp_per_floor":[80,80,80,80,80,80,80,80,80,80,80,80,80,80,80,80,80,80,80,80,80,80,80,80,80,80,80,80,80,80,80,80],"relics":["Burning Blood","Charon\u0027s Ashes","Ice Cream","Ancient Tea Set","Lantern","Du-Vu Doll","Calling Bell","Prayer Wheel","Pen Nib","Blood Vial","Bag of Preparation"],"card_choices":[{"not_picked":["Infernal Blade","Flex"],"picked":"Rampage"},{"not_picked":["Cleave","Body Slam"],"picked":"Whirlwind"},{"not_picked":["Exhume","Bludgeon"],"picked":"Double Tap"},{"not_picked":["Heavy Blade","Perfected Strike"],"picked":"Clash"},{"not_picked":["Armaments","Disarm"],"picked":"Immolate"},{"not_picked":["Iron Wave","Combust"],"picked":"Thunderclap"},{"not_picked":["Sword Boomerang","Twin Strike"],"picked":"Flex"}],"player_experience":632904,"potions_floor_usage":[7,33,33],"damage_taken":[{"damage":6,"enemies":"Small Slimes","floor":1,"turns":3},{"damage":16,"enemies":"Jaw Worm","floor":3,"turns":3},{"damage":3,"enemies":"Gremlin Nob","floor":7,"turns":4},{"damage":6,"enemies":"2 Louse","floor":8,"turns":3},{"damage":6,"enemies":"2 Fungi Beasts","floor":12,"turns":2},{"damage":29,"enemies":"The Guardian","floor":16,"turns":10},{"damage":16,"enemies":"3 Byrds","floor":18,"turns":4},{"damage":30,"enemies":"Shell Parasite","floor":19,"turns":4},{"damage":1,"enemies":"3 Cultists","floor":22,"turns":2},{"damage":20,"enemies":"Snake Plant","floor":24,"turns":3},{"damage":13,"enemies":"Slaver and Parasite","floor":25,"turns":2},{"damage":16,"enemies":"Centurion and Healer","floor":27,"turns":4},{"damage":75,"enemies":"Champ","floor":33,"turns":7}],"event_choices":[{"event_name":"Shining Light","player_choice":"Entered Light","floor":2,"damage_taken":0},{"event_name":"Scrap Ooze","player_choice":"success","floor":4,"damage_taken":25},{"event_name":"World of Goop","player_choice":"Gather Gold","floor":5,"damage_taken":0},{"event_name":"Big Fish","player_choice":"Box","floor":10,"damage_taken":0},{"event_name":"Dead Adventurer","player_choice":"Searched \u00271\u0027 times","floor":14,"damage_taken":0},{"event_name":"Drug Dealer","player_choice":"Ignored","floor":21,"damage_taken":0},{"event_name":"Back to Basics","player_choice":"Elegance","floor":30,"damage_taken":0},{"event_name":"Forgotten Altar","player_choice":"Smashed Altar","floor":31,"damage_taken":0}],"boss_relics":[{"not_picked":["Question Card","Orrery"],"picked":"Calling Bell"}],"potions_floor_spawned":[3,16,22,24],"seed_played":"1877853640803766249","killed_by":"Champ","ascension_level":0,"is_trial":false}