{"gold_per_floor":[112,131,143,68,88,88,106,106,132,158,214,243,243,261,261,365,365,383,383,483,496,515,515,107,107,130,148,148,163,163,192,192,289,289,302,302,313,313,32,60,60,160,187,202,202,222,222,235,235,235],"floor_reached":51,"playtime":2102,"items_purged":["Strike_R","Strike_R","Strike_R"],"score":740,"play_id":"5ab321c2-6f54-43a1-9179-361b7dd0c553","local_time":"20190216142653","is_ascension_mode":true,"campfire_choices":[{"data":"Bash","floor":6,"key":"SMITH"},{"data":"True Grit","floor":8,"key":"SMITH"},{"data":"Clothesline","floor":13,"key":"SMITH"},{"data":"Disarm","floor":15,"key":"SMITH"},{"floor":23,"key":"REST"},{"data":"Immolate","floor":25,"key":"SMITH"},{"data":"Whirlwind","floor":28,"key":"SMITH"},{"data":"Ghostly Armor","floor":30,"key":"SMITH"},{"floor":32,"key":"RECALL"},{"data":"Defend_R","floor":41,"key":"SMITH"},{"data":"Defend_R","floor":45,"key":"SMITH"},{"data":"Cleave","floor":47,"key":"SMITH"},{"data":"Defend_R","floor":49,"key":"SMITH"}],"neow_cost":"NONE","seed_source_timestamp":108275029210936,"circlet_count":0,"master_deck":["Strike_R","Defend_R+1","Defend_R+1","Defend_R","Defend_R+1","Bash+1","True Grit+1","Cleave+1","Clothesline+1","Disarm+1","Ghostly Armor+1","Immolate+1","Anger+1","Burning Pact+1","Disarm+1","Shrug It Off+1","Whirlwind+1","True Grit+1","Battle Trance+1","Heavy Blade+1","Bloodletting+1","Dual Wield+1"],"relics":["Burning Blood","Regal Pillow","Omamori","Vajra","Bag of Marbles","Ancient Tea Set","Sozu","Incense Burner","Toxic Egg 2","Membership Card","Torii","Red Skull","Darkstone Periapt","Coffee Dripper","Brimstone","Pear","Paper Frog"],"potions_floor_usage":[11,11,33],"damage_taken":[{"damage":10,"enemies":"Jaw Worm","floor":1,"turns":4},{"damage":0,"enemies":"Small Slimes","floor":2,"turns":4},{"damage":8,"enemies":"Cultist","floor":3,"turns":4},{"damage":0,"enemies":"3 Louse","floor":5,"turns":2},{"damage":5,"enemies":"Red Slaver","floor":7,"turns":5},{"damage":35,"enemies":"3 Sentries","floor":10,"turns":9},{"damage":26,"enemies":"3 Sentries","floor":11,"turns":10},{"damage":15,"enemies":"Gremlin Nob","floor":12,"turns":4},{"damage":2,"enemies":"Large Slime","floor":14,"turns":4},{"damage":3,"enemies":"The Guardian","floor":16,"turns":13},{"damage":0,"enemies":"3 Byrds","floor":18,"turns":4},{"damage":11,"enemies":"Colosseum Slavers","floor":20,"turns":4},{"damage":26,"enemies":"Colosseum Nobs","floor":20,"turns":5},{"damage":7,"enemies":"Shell Parasite","floor":21,"turns":3},{"damage":15,"enemies":"Cultist and Chosen","floor":22,"turns":6},{"damage":0,"enemies":"Shelled Parasite and Fungi","floor":27,"turns":4},{"damage":1,"enemies":"Chosen and Byrds","floor":29,"turns":3},{"damage":8,"enemies":"Book of Stabbing","floor":31,"turns":4},{"damage":48,"enemies":"Automaton","floor":33,"turns":11},{"damage":0,"enemies":"3 Darklings","floor":35,"turns":2},{"damage":0,"enemies":"3 Shapes","floor":37,"turns":2},{"damage":30,"enemies":"Nemesis","floor":40,"turns":5},{"damage":0,"enemies":"Spire Growth","floor":44,"turns":2},{"damage":0,"enemies":"4 Shapes","floor":46,"turns":1},{"damage":0,"enemies":"3 Darklings","floor":48,"turns":1},{"damage":49,"enemies":"Awakened One","floor":50,"turns":10}],"seed_played":"-8837393837922643675","potions_obtained":[{"floor":2,"key":"GamblersBrew"},{"floor":5,"key":"SpeedPotion"},{"floor":10,"key":"BloodPotion"},{"floor":11,"key":"SkillPotion"},{"floor":12,"key":"Poison Potion"}],"is_trial":false,"path_per_floor":["M","M","M","$","M","R","M","R","T","E","?","E","R","M","R","B",null,"M","?","?","M","M","R","$","R","T","M","R","M","R","E","R","B",null,"M","?","M","?","$","E","R","?","T","M","R","M","R","M","R","B",null],"character_chosen":"IRONCLAD","items_purchased":["Membership Card","Torii","Brimstone","Pear"],"campfire_rested":1,"item_purchase_floors":[24,24,39,39],"current_hp_per_floor":[76,80,78,78,80,80,80,80,80,51,39,30,30,34,34,37,80,80,65,40,39,30,70,70,70,70,76,76,81,81,79,79,37,85,85,85,85,81,91,67,67,67,67,73,73,79,79,85,85,42],"gold":235,"neow_bonus":"RANDOM_COMMON_RELIC","is_prod":false,"is_daily":false,"chose_seed":false,"campfire_upgraded":11,"win_rate":0,"timestamp":1550348813,"path_taken":["M","M","M","$","M","R","M","R","T","E","?","E","R","M","R","BOSS","M","?","?","M","M","R","$","R","T","M","R","M","R","E","R","BOSS","M","?","M","?","$","E","R","?","T","M","R","M","R","M","R","BOSS"],"build_version":"2019-01-23","purchased_purges":3,"victory":true,"max_hp_per_floor":[80,80,80,80,80,80,80,80,80,80,80,80,80,80,80,80,80,80,85,85,85,85,85,85,85,85,85,85,85,85,85,85,85,85,85,85,85,81,91,91,91,91,91,91,91,91,91,91,91,91],"card_choices":[{"not_picked":["Cleave","Sword Boomerang"],"picked":"True Grit","floor":1},{"not_picked":["Heavy Blade","Combust"],"picked":"Cleave","floor":2},{"not_picked":["Clash","Clothesline","Twin Strike"],"picked":"SKIP","floor":3},{"not_picked":["Sentinel","Blood for Blood","Warcry"],"picked":"SKIP","floor":5},{"not_picked":["Flex","Clash","Limit Break"],"picked":"SKIP","floor":7},{"not_picked":["Infernal Blade","Havoc"],"picked":"Clothesline","floor":10},{"not_picked":["Clash","Intimidate"],"picked":"Disarm","floor":11},{"not_picked":["Carnage","Infernal Blade","Thunderclap"],"picked":"SKIP","floor":12},{"not_picked":["Rage","Pommel Strike"],"picked":"Ghostly Armor","floor":14},{"not_picked":["Dark Embrace","Limit Break"],"picked":"Immolate","floor":16},{"not_picked":["Warcry","Shrug It Off"],"picked":"Anger+1","floor":18},{"not_picked":["Twin Strike","Heavy Blade+1"],"picked":"Burning Pact","floor":20},{"not_picked":["Clash","Warcry+1"],"picked":"Disarm+1","floor":21},{"not_picked":["Inflame+1","Heavy Blade+1"],"picked":"Shrug It Off+1","floor":22},{"not_picked":["Pommel Strike","Clash"],"picked":"Whirlwind","floor":27},{"not_picked":["Wild Strike","Warcry+1","Headbutt"],"picked":"SKIP","floor":29},{"not_picked":["Reaper","Anger+1"],"picked":"True Grit+1","floor":31},{"not_picked":["Rupture+1","Disarm+1","Blood for Blood+1"],"picked":"SKIP","floor":35},{"not_picked":["True Grit+1","Searing Blow+1"],"picked":"Battle Trance+1","floor":37},{"not_picked":["Inflame+1","Shrug It Off+1"],"picked":"Heavy Blade+1","floor":40},{"not_picked":["Infernal Blade+1","Brutality"],"picked":"Bloodletting+1","floor":44},{"not_picked":["Combust+1","Headbutt","Havoc+1"],"picked":"SKIP","floor":46},{"not_picked":["Blood for Blood","Rupture"],"picked":"Dual Wield+1","floor":48}],"player_experience":196403,"relics_obtained":[{"floor":9,"key":"Omamori"},{"floor":10,"key":"Vajra"},{"floor":11,"key":"Bag of Marbles"},{"floor":12,"key":"Ancient Tea Set"},{"floor":20,"key":"Incense Burner"},{"floor":20,"key":"Toxic Egg 2"},{"floor":26,"key":"Red Skull"},{"floor":31,"key":"Darkstone Periapt"},{"floor":40,"key":"Paper Frog"}],"event_choices":[{"damage_healed":0,"gold_gain":0,"player_choice":"Searched \u00271\u0027 times","damage_taken":0,"max_hp_gain":0,"max_hp_loss":0,"event_name":"Dead Adventurer","floor":11,"gold_loss":0},{"damage_healed":0,"gold_gain":0,"player_choice":"Shed Blood","damage_taken":20,"max_hp_gain":5,"max_hp_loss":0,"event_name":"Forgotten Altar","floor":19,"gold_loss":0},{"damage_healed":0,"gold_gain":0,"player_choice":"Fight","damage_taken":0,"max_hp_gain":0,"max_hp_loss":0,"event_name":"Colosseum","floor":20,"gold_loss":0},{"damage_healed":0,"gold_gain":0,"player_choice":"Fought Nobs","damage_taken":0,"max_hp_gain":0,"max_hp_loss":0,"event_name":"Colosseum","floor":20,"gold_loss":0},{"cards_removed":["Strike_R"],"damage_healed":0,"gold_gain":0,"player_choice":"Removed Attack","damage_taken":0,"max_hp_gain":0,"max_hp_loss":0,"event_name":"Falling","floor":36,"gold_loss":0},{"damage_healed":0,"gold_gain":0,"player_choice":"Max HP","damage_taken":0,"max_hp_gain":0,"max_hp_loss":4,"event_name":"Winding Halls","floor":38,"gold_loss":0},{"damage_healed":0,"gold_gain":100,"player_choice":"Pray","damage_taken":0,"max_hp_gain":0,"max_hp_loss":0,"event_name":"Golden Shrine","floor":42,"gold_loss":0}],"is_beta":false,"boss_relics":[{"not_picked":["Black Blood","Black Star"],"picked":"Sozu"},{"not_picked":["Runic Cube","Fusion Hammer"],"picked":"Coffee Dripper"}],"items_purged_floors":[4,24,39],"is_endless":false,"potions_floor_spawned":[2,5,10,11,12,18,22,33,37,44],"ascension_level":1}