{"gold_per_floor":[115,40,40,60,235,235,135,135,135,160,160,173,173,192,192,192],"floor_reached":16,"playtime":409,"items_purged":["Strike_B","Doubt"],"score":98,"play_id":"c1e29a6c-4b8e-4859-bfa3-0248fc307cb4","local_time":"20180919224431","is_ascension_mode":false,"campfire_choices":[{"data":"Force Field","floor":6,"key":"SMITH"},{"data":"Dualcast","floor":8,"key":"SMITH"},{"data":"Loop","floor":15,"key":"SMITH"}],"neow_cost":"","seed_source_timestamp":387893081228992,"circlet_count":0,"master_deck":["Strike_B","Strike_B","Strike_B","Defend_B","Defend_B","Defend_B","Defend_B","Zap","Dualcast+1","Force Field+1","Cold Snap","Loop+1","Leap"],"relics":["Cracked Core","Strawberry","Matryoshka","Regal Pillow","Golden Idol"],"potions_floor_usage":[],"damage_taken":[{"damage":7,"enemies":"Small Slimes","floor":1,"turns":4},{"damage":1,"enemies":"Jaw Worm","floor":4,"turns":4},{"damage":17,"enemies":"Gremlin Nob","floor":10,"turns":4},{"damage":6,"enemies":"2 Louse","floor":12,"turns":3},{"damage":1,"enemies":"Looter","floor":14,"turns":4},{"damage":0,"enemies":"The Guardian","floor":16,"turns":2}],"seed_played":"1547267895219198801","potions_obtained":[{"floor":4,"key":"Dexterity Potion"},{"floor":10,"key":"LiquidBronze"}],"is_trial":false,"path_per_floor":["M","$","?","M","?","R","$","R","T","E","?","M","?","M","R"],"character_chosen":"DEFECT","items_purchased":[],"campfire_rested":0,"item_purchase_floors":[],"current_hp_per_floor":[68,68,68,67,67,67,67,67,67,50,77,71,51,50,50,50],"gold":192,"neow_bonus":"","is_prod":false,"is_daily":false,"chose_seed":false,"campfire_upgraded":3,"win_rate":0.0,"timestamp":1537415071,"path_taken":["M","$","?","M","?","R","$","R","T","E","?","M","?","M","R","BOSS"],"build_version":"2018-09-06","purchased_purges":2,"victory":false,"max_hp_per_floor":[75,75,82,82,82,82,82,82,82,82,82,82,82,82,82,82],"card_choices":[{"not_picked":["Beam Cell","Gash"],"picked":"Force Field","floor":1},{"not_picked":["Hologram","Streamline"],"picked":"Cold Snap","floor":4},{"not_picked":["Compile Driver","Aggregate"],"picked":"Loop","floor":10},{"not_picked":["Coolheaded","Ball Lightning"],"picked":"Leap","floor":12},{"not_picked":["Go for the Eyes","Sweeping Beam","Barrage"],"picked":"SKIP","floor":14}],"player_experience":54640,"relics_obtained":[{"floor":9,"key":"Matryoshka"},{"floor":10,"key":"Regal Pillow"}],"event_choices":[{"event_name":"Scrap Ooze","player_choice":"success","floor":3,"damage_taken":7},{"event_name":"Liars Game","player_choice":"agreed","floor":5,"damage_taken":0},{"event_name":"Big Fish","player_choice":"Banana","floor":11,"damage_taken":0},{"event_name":"Golden Idol","player_choice":"Take Damage","floor":13,"damage_taken":0}],"is_beta":false,"boss_relics":[],"items_purged_floors":[2,7],"is_endless":false,"potions_floor_spawned":[4,10],"killed_by":"The Guardian","ascension_level":0}