{"path_per_floor":["M","M","?","?","?","R","E","M","T","R","T","M","M","M","R","B",null,"M","?","?","$","?","E","R","T","T","M","M","R","E","M","R","B",null,"M","?","?","T","M","R","$","R","T","?","$","M","M","T","R","B"],"character_chosen":"THE_SILENT","items_purchased":["Kunai","Apotheosis","Anchor"],"gold_per_floor":[219,233,233,233,308,308,341,351,351,351,351,366,380,398,398,493,493,504,504,504,58,58,84,84,84,108,126,145,145,170,182,182,280,280,299,299,299,376,390,390,162,162,162,0,0,10,24,97,97,97],"floor_reached":51,"campfire_rested":6,"playtime":4309,"current_hp_per_floor":[70,66,66,66,55,55,32,32,32,53,53,53,49,49,49,25,70,59,59,59,59,59,14,35,35,35,27,22,43,31,33,54,5,70,54,45,45,45,37,58,58,58,58,58,58,55,40,40,61,41],"items_purged":["Strike_G"],"gold":97,"score":605,"play_id":"44b29bfe-f2bc-4aab-b541-b1cdccce3831","is_prod":false,"is_daily":false,"is_ascension_mode":true,"campfire_upgraded":3,"path_taken":["M","?","?","?","?","R","E","M","T","R","?","?","M","M","R","BOSS","M","?","?","$","?","E","R","?","T","M","M","R","E","M","R","BOSS","M","?","?","?","M","R","$","R","T","?","?","M","M","?","R","BOSS"],"build_version":"2018-02-15-PROD1","purchased_purges":1,"victory":true,"master_deck":["Defend_G","Defend_G","Defend_G","Defend_G","Defend_G","Strike_G","Strike_G","Survivor","Neutralize+1","Endless Agony","Finisher","Die Die Die+1","Leg Sweep","PiercingWail","Slice","Adrenaline","Cloak And Dagger","Predator","Apotheosis+1","Concentrate","Madness","Madness","Escape Plan"],"max_hp_per_floor":[70,70,70,70,70,70,70,70,70,70,70,70,70,70,70,70,70,70,70,70,70,70,70,70,70,70,70,70,70,70,70,70,70,70,70,70,70,70,70,70,70,70,70,70,70,70,70,70,70,70],"relics":["Ring of the Snake","Centennial Puzzle","Omamori","Unceasing Top","White Beast Statue","Kunai","Oddly Smooth Stone","Snake Skull","Pen Nib","Blood Vial","Frozen Egg 2","Runic Pyramid","Tiny Chest","Anchor","Bird Faced Urn","Red Mask","Blue Candle"],"card_choices":[{"not_picked":["Cloak And Dagger","Dagger Spray"],"picked":"Endless Agony"},{"not_picked":["Cloak And Dagger","Skewer"],"picked":"Finisher"},{"not_picked":["Underhanded Strike","Heel Hook"],"picked":"Die Die Die"},{"not_picked":["Sucker Punch","Prepared"],"picked":"Leg Sweep"},{"not_picked":["Underhanded Strike","Outmaneuver"],"picked":"PiercingWail"},{"not_picked":["Choke","Riddle With Holes"],"picked":"Slice"},{"not_picked":["Burst","Doppelganger"],"picked":"Adrenaline"},{"not_picked":["Acrobatics","Underhanded Strike"],"picked":"Cloak And Dagger"},{"not_picked":["Deflect","Dagger Spray"],"picked":"Accuracy"},{"not_picked":["Dagger Spray","Acrobatics"],"picked":"Concentrate"},{"not_picked":["PiercingWail","Skewer"],"picked":"Escape Plan"}],"player_experience":214509,"potions_floor_usage":[16,16,16,23,23,27,31,33,33,35,50,50],"damage_taken":[{"damage":0,"enemies":"Cultist","floor":1,"turns":4},{"damage":4,"enemies":"Small Slimes","floor":2,"turns":3},{"damage":23,"enemies":"Lagavulin","floor":7,"turns":7},{"damage":0,"enemies":"Jaw Worm","floor":8,"turns":4},{"damage":0,"enemies":"Looter","floor":12,"turns":1},{"damage":4,"enemies":"Lots of Slimes","floor":13,"turns":2},{"damage":0,"enemies":"3 Louse","floor":14,"turns":2},{"damage":39,"enemies":"Slime Boss","floor":16,"turns":14},{"damage":11,"enemies":"3 Byrds","floor":18,"turns":6},{"damage":45,"enemies":"Gremlin Leader","floor":23,"turns":14},{"damage":10,"enemies":"2 Thieves","floor":27,"turns":3},{"damage":7,"enemies":"Slaver and Parasite","floor":28,"turns":7},{"damage":14,"enemies":"Book of Stabbing","floor":30,"turns":4},{"damage":0,"enemies":"Chosen and Byrds","floor":31,"turns":4},{"damage":51,"enemies":"Collector","floor":33,"turns":14},{"damage":16,"enemies":"3 Darklings","floor":35,"turns":5},{"damage":10,"enemies":"Orb Walker","floor":39,"turns":4},{"damage":5,"enemies":"Sphere and 2 Shapes","floor":46,"turns":9},{"damage":17,"enemies":"4 Shapes","floor":47,"turns":8},{"damage":37,"enemies":"Awakened One","floor":50,"turns":18}],"event_choices":[{"event_name":"Bonfire Elementals","player_choice":"BASIC","floor":3,"damage_taken":0},{"event_name":"Purifier","player_choice":"One Purge","floor":4,"damage_taken":0},{"event_name":"World of Goop","player_choice":"Gather Gold","floor":5,"damage_taken":0},{"event_name":"The Library","player_choice":"Read","floor":19,"damage_taken":0},{"event_name":"Drug Dealer","player_choice":"Ignored","floor":20,"damage_taken":0},{"event_name":"The Mausoleum","player_choice":"Yes","floor":22,"damage_taken":0},{"event_name":"Winding Halls","player_choice":"Embrace Madness","floor":36,"damage_taken":0},{"event_name":"Tomb of Lord Red Mask","player_choice":"Paid","floor":44,"damage_taken":0}],"boss_relics":[{"not_picked":["Snecko Eye","Tiny House"],"picked":"White Beast Statue"},{"not_picked":["Cursed Key","Black Star"],"picked":"Runic Pyramid"}],"potions_floor_spawned":[8,13,14,16,18,23,27,28,30,31,33,35,39,46,47],"seed_played":"-670488286346286056","ascension_level":4,"is_trial":false}