{"gold_per_floor":[15,28,28,46,66,85,120,135,206,222,247,247,265,281,281,380,380,396,396,415,415],"floor_reached":21,"playtime":2073,"items_purged":[],"score":197,"play_id":"b00f6642-2363-436a-bff4-5f34f653d5d7","local_time":"20190314224441","is_ascension_mode":false,"campfire_choices":[{"data":"True Grit","floor":12.0,"key":"SMITH"},{"data":"Clothesline","floor":15.0,"key":"SMITH"}],"neow_cost":"NO_GOLD","seed_source_timestamp":279559424500,"circlet_count":0,"master_deck":["Strike_R","Strike_R","Strike_R+1","Strike_R","Strike_R","Defend_R","Defend_R","Defend_R","Defend_R","Bash","Cleave","Flame Barrier","Iron Wave","Shrug It Off","Rampage","Anger","Feed+1","Headbutt","Juggernaut+1","True Grit+1","Clothesline+1","Reaper","Dramatic Entrance","Flame Barrier","Feed"],"special_seed":0,"relics":["Burning Blood","Prayer Wheel","Pen Nib","Frozen Egg 2","Whetstone","Runic Pyramid"],"potions_floor_usage":[],"damage_taken":[{"damage":1.0,"enemies":"Cultist","floor":1.0,"turns":3.0},{"damage":6.0,"enemies":"Jaw Worm","floor":2.0,"turns":3.0},{"damage":3.0,"enemies":"Small Slimes","floor":4.0,"turns":3.0},{"damage":4.0,"enemies":"Red Slaver","floor":5.0,"turns":3.0},{"damage":8.0,"enemies":"Lots of Slimes","floor":6.0,"turns":3.0},{"damage":8.0,"enemies":"3 Sentries","floor":7.0,"turns":7.0},{"damage":22.0,"enemies":"Exordium Thugs","floor":8.0,"turns":5.0},{"damage":22.0,"enemies":"Gremlin Gang","floor":10.0,"turns":4.0},{"damage":12.0,"enemies":"Gremlin Nob","floor":11.0,"turns":4.0},{"damage":2.0,"enemies":"Looter","floor":13.0,"turns":4.0},{"damage":2.0,"enemies":"Blue Slaver","floor":14.0,"turns":7.0},{"damage":11.0,"enemies":"Hexaghost","floor":16.0,"turns":10.0},{"damage":8.0,"enemies":"Spheric Guardian","floor":18.0,"turns":4.0},{"damage":27,"enemies":"2 Thieves","floor":20,"turns":4},{"damage":21,"enemies":"Centurion and Healer","floor":21,"turns":7}],"seed_played":"-7351319661054794907","potions_obtained":[{"floor":2.0,"key":"Fire Potion"},{"floor":3.0,"key":"SkillPotion"},{"floor":3.0,"key":"EntropicBrew"},{"floor":16.0,"key":"Ancient Potion"},{"floor":20,"key":"Poison Potion"}],"is_trial":false,"path_per_floor":["M","M","?","M","M","M","E","M","T","M","E","R","M","M","R","B",null,"M","?","M","M"],"character_chosen":"IRONCLAD","items_purchased":[],"campfire_rested":0,"item_purchase_floors":[],"current_hp_per_floor":[80,80,80,80,80,78,76,60,60,47,41,41,45,53,53,48,87,85,85,71,50],"gold":415,"neow_bonus":"ONE_RARE_RELIC","is_prod":false,"is_daily":false,"chose_seed":false,"campfire_upgraded":2,"win_rate":0,"timestamp":1552617881,"path_taken":["M","M","?","M","?","M","E","?","T","M","E","R","M","M","R","BOSS","M","?","M","?"],"build_version":"2019-01-23","purchased_purges":0,"victory":false,"max_hp_per_floor":[80,80,80,80,80,80,80,80,80,83,83,83,83,87,87,87,87,87,87,94,94],"card_choices":[{"not_picked":["Body Slam","Intimidate","Entrench"],"picked":"SKIP","floor":1.0},{"not_picked":["Searing Blow","Perfected Strike","Heavy Blade"],"picked":"SKIP","floor":1.0},{"not_picked":["Rage","Wild Strike"],"picked":"Cleave","floor":2.0},{"not_picked":["Entrench","Cleave","True Grit"],"picked":"SKIP","floor":2.0},{"not_picked":["Heavy Blade","Intimidate"],"picked":"Flame Barrier","floor":4.0},{"not_picked":["Second Wind","Carnage"],"picked":"Iron Wave","floor":4.0},{"not_picked":["Cleave","Perfected Strike"],"picked":"Shrug It Off","floor":5.0},{"not_picked":["Twin Strike","Dropkick","Whirlwind"],"picked":"SKIP","floor":5.0},{"not_picked":["Burning Pact","Sentinel"],"picked":"Rampage","floor":6.0},{"not_picked":["Havoc","True Grit","Thunderclap"],"picked":"SKIP","floor":6.0},{"not_picked":["Evolve","Cleave"],"picked":"Anger","floor":7.0},{"not_picked":["Anger","True Grit"],"picked":"Feed","floor":8.0},{"not_picked":["Searing Blow","Armaments"],"picked":"Headbutt","floor":8.0},{"not_picked":["Twin Strike","Heavy Blade"],"picked":"Juggernaut+1","floor":10.0},{"not_picked":["Armaments","Reckless Charge"],"picked":"True Grit","floor":10.0},{"not_picked":["Clash","Perfected Strike","Bludgeon"],"picked":"SKIP","floor":11.0},{"not_picked":["Power Through","Wild Strike","Hemokinesis"],"picked":"SKIP","floor":13.0},{"not_picked":["Armaments","Whirlwind","Perfected Strike"],"picked":"SKIP","floor":13.0},{"not_picked":["Intimidate","Sword Boomerang"],"picked":"Clothesline","floor":14.0},{"not_picked":["Entrench","Reckless Charge","Twin Strike"],"picked":"SKIP","floor":14.0},{"not_picked":["Immolate","Limit Break"],"picked":"Reaper","floor":16.0},{"not_picked":["Perfected Strike","True Grit","Anger"],"picked":"SKIP","floor":18.0},{"not_picked":["Shrug It Off","Dropkick","Thunderclap"],"picked":"SKIP","floor":18.0},{"not_picked":["Headbutt","Anger","Flex"],"picked":"SKIP","floor":20},{"not_picked":["Havoc","Anger+1","Cleave"],"picked":"SKIP","floor":20}],"player_experience":1327459,"relics_obtained":[{"floor":7.0,"key":"Pen Nib"},{"floor":9.0,"key":"Frozen Egg 2"},{"floor":11.0,"key":"Whetstone"}],"event_choices":[{"damage_healed":0.0,"max_hp_gain":0.0,"max_hp_loss":0.0,"gold_gain":0.0,"event_name":"Lab","player_choice":"Got Potions","floor":3.0,"gold_loss":0.0,"damage_taken":0.0},{"damage_healed":0.0,"max_hp_gain":0.0,"max_hp_loss":0.0,"gold_gain":0.0,"event_name":"Match and Keep!","player_choice":"3 cards matched","floor":19.0,"gold_loss":0.0,"damage_taken":0.0,"cards_obtained":["Dramatic Entrance","Flame Barrier","Feed"]}],"is_beta":false,"boss_relics":[{"not_picked":["Runic Dome","White Beast Statue"],"picked":"Runic Pyramid"}],"items_purged_floors":[],"is_endless":false,"potions_floor_spawned":[2,4,7,8,10,16,20],"killed_by":"Centurion and Healer","ascension_level":0}