{"gold_per_floor":[114,64,239,9,22,22,22,54,77,89,130,154,196],"floor_reached":13,"playtime":343,"items_purged":["Doubt"],"score":105,"play_id":"78ea0de1-6625-4e8c-932f-28b8691309f0","local_time":"20190226002012","is_ascension_mode":true,"campfire_choices":[{"data":"Loop","floor":6,"key":"SMITH"},{"data":"Defragment","floor":10,"key":"SMITH"}],"neow_cost":"CURSE","seed_source_timestamp":25306259109773,"circlet_count":0,"master_deck":["Strike_B","Strike_B","Strike_B","Strike_B","Defend_B","Defend_B+1","Defend_B","Defend_B","Zap","Dualcast","Loop+1","Defragment+1","Barrage","Hologram","Conserve Battery+1","Reinforced Body","Go for the Eyes","Darkness"],"relics":["Cracked Core","WingedGreaves","Mango","War Paint","MawBank","Centennial Puzzle"],"potions_floor_usage":[13],"damage_taken":[{"damage":4,"enemies":"2 Louse","floor":1,"turns":4},{"damage":4,"enemies":"Small Slimes","floor":5,"turns":4},{"damage":33,"enemies":"3 Sentries","floor":8,"turns":7},{"damage":30,"enemies":"Gremlin Nob","floor":11,"turns":4},{"damage":0,"enemies":"Jaw Worm","floor":12,"turns":3},{"damage":22,"enemies":"Gremlin Nob","floor":13,"turns":3}],"seed_played":"-8703974784116802086","potions_obtained":[{"floor":5,"key":"Block Potion"}],"is_trial":false,"path_per_floor":["M","?","?","$","M","R","T","E","T","R","E","M","?"],"character_chosen":"DEFECT","items_purchased":["Defragment","Barrage","Hologram"],"campfire_rested":0,"item_purchase_floors":[4,4,4],"current_hp_per_floor":[71,71,71,71,67,67,81,48,48,48,18,18,0],"gold":196,"neow_bonus":"ONE_RARE_RELIC","is_prod":false,"is_daily":false,"chose_seed":false,"campfire_upgraded":2,"win_rate":0,"timestamp":1551162012,"path_taken":["M","?","?","$","M","R","?","E","T","R","E","M","?"],"build_version":"2019-01-23","purchased_purges":1,"victory":false,"max_hp_per_floor":[75,75,75,75,75,75,89,89,89,89,89,89,89],"card_choices":[{"not_picked":["Turbo","Redo"],"picked":"Loop","floor":1},{"not_picked":["Leap","Reinforced Body"],"picked":"Conserve Battery","floor":5},{"not_picked":["Hello World","Gash"],"picked":"Reinforced Body","floor":8},{"not_picked":["Reprogram","Steam"],"picked":"Go for the Eyes","floor":11},{"not_picked":["Melter","Gash"],"picked":"Darkness","floor":12}],"player_experience":250066,"relics_obtained":[{"floor":7,"key":"Mango"},{"floor":8,"key":"War Paint"},{"floor":9,"key":"MawBank"},{"floor":11,"key":"Centennial Puzzle"}],"event_choices":[{"cards_removed":["Writhe"],"damage_healed":0,"gold_gain":0,"player_choice":"Card Removal","damage_taken":0,"max_hp_gain":0,"max_hp_loss":0,"event_name":"The Cleric","floor":2,"gold_loss":50},{"damage_healed":0,"gold_gain":175,"player_choice":"AGREE","damage_taken":0,"max_hp_gain":0,"max_hp_loss":0,"event_name":"Liars Game","floor":3,"gold_loss":0,"cards_obtained":["Doubt"]},{"damage_healed":0,"gold_gain":30,"player_choice":"Searched \u00272\u0027 times","damage_taken":0,"max_hp_gain":0,"max_hp_loss":0,"event_name":"Dead Adventurer","floor":13,"gold_loss":0}],"is_beta":false,"boss_relics":[],"items_purged_floors":[4],"is_endless":false,"potions_floor_spawned":[5],"killed_by":"Gremlin Nob","ascension_level":3}