{"path_per_floor":["M","$","M","M","M","R","M","R","T","M","M","M","?","M","R","B",null,"M","?","?","?","M","R","E","$","T","T"],"character_chosen":"THE_SILENT","items_purchased":["Dagger Throw"],"gold_per_floor":[110,57,77,97,116,116,130,130,130,143,162,176,176,194,194,295,295,314,314,314,414,428,428,462,387,387,387,387],"floor_reached":28,"campfire_rested":1,"playtime":998,"current_hp_per_floor":[70,70,70,69,61,61,57,57,57,57,48,41,27,27,48,38,70,68,68,49,49,32,32,7,7,7,7,0],"items_purged":["Bite"],"gold":387,"score":257,"play_id":"cb23096e-b611-4d97-811c-57ea508f84b3","local_time":"20180424171703","is_prod":false,"is_daily":false,"chose_seed":false,"is_ascension_mode":false,"campfire_upgraded":3,"timestamp":1524601023,"path_taken":["M","$","M","M","M","R","M","R","T","M","M","M","?","?","R","BOSS","M","?","?","?","M","R","E","$","T","?","M"],"build_version":"2018-04-19","seed_source_timestamp":27867031510750,"purchased_purges":1,"victory":false,"master_deck":["Defend_G","Defend_G","Defend_G","Defend_G","Defend_G","Survivor+1","Neutralize+1","Dagger Spray","Dagger Throw","Blur","Flying Knee+1","Bouncing Flask","Underhanded Strike","After Image","Bite","Bite","Bite","Bite","Noxious Fumes+1","Cloak And Dagger"],"max_hp_per_floor":[70,70,70,70,70,70,70,70,70,70,70,70,70,70,70,70,70,70,70,49,49,49,49,49,49,49,49,49],"relics":["Ring of the Snake"],"card_choices":[{"not_picked":["Prepared","Outmaneuver"],"picked":"Dagger Spray","floor":1.0},{"not_picked":["Acrobatics","Well Laid Plans"],"picked":"Blur","floor":3.0},{"not_picked":["Underhanded Strike","Outmaneuver"],"picked":"Flying Knee","floor":5.0},{"not_picked":["Prepared","Slice"],"picked":"Bouncing Flask","floor":7.0},{"not_picked":["Quick Slash","Distraction"],"picked":"Underhanded Strike","floor":12.0},{"not_picked":["Venomology","Wraith Form v2"],"picked":"After Image","floor":16.0},{"not_picked":["Dagger Spray","Finisher"],"picked":"Noxious Fumes","floor":22.0},{"not_picked":["Phantasmal Killer","Bane"],"picked":"Cloak And Dagger","floor":24}],"player_experience":734535,"potions_floor_usage":[],"damage_taken":[{"damage":0.0,"enemies":"Small Slimes","floor":1.0,"turns":5.0},{"damage":0.0,"enemies":"Jaw Worm","floor":3.0,"turns":3.0},{"damage":1.0,"enemies":"Cultist","floor":4.0,"turns":4.0},{"damage":8.0,"enemies":"Blue Slaver","floor":5.0,"turns":5.0},{"damage":4.0,"enemies":"2 Fungi Beasts","floor":7.0,"turns":3.0},{"damage":0.0,"enemies":"Gremlin Gang","floor":10.0,"turns":4.0},{"damage":9.0,"enemies":"Exordium Wildlife","floor":11.0,"turns":3.0},{"damage":7.0,"enemies":"Looter","floor":12.0,"turns":2.0},{"damage":0.0,"enemies":"Gremlin Gang","floor":14.0,"turns":3.0},{"damage":10.0,"enemies":"Hexaghost","floor":16.0,"turns":9.0},{"damage":2.0,"enemies":"3 Byrds","floor":18.0,"turns":6.0},{"damage":17.0,"enemies":"Spheric Guardian","floor":22.0,"turns":5.0},{"damage":37.0,"enemies":"Book of Stabbing","floor":24.0,"turns":8.0},{"damage":14,"enemies":"Snecko","floor":28,"turns":6}],"event_choices":[{"event_name":"Shining Light","player_choice":"Entered Light","floor":13.0,"damage_taken":0.0},{"event_name":"Addict","player_choice":"Ignored","floor":19.0,"damage_taken":0.0},{"event_name":"Vampires","player_choice":"Became a vampire","floor":20.0,"damage_taken":0.0},{"event_name":"Golden Shrine","player_choice":"Pray","floor":21.0,"damage_taken":0.0}],"boss_relics":[],"potions_floor_spawned":[1,4,5,14,18,22],"seed_played":"-2065746042956735043","killed_by":"Snecko","ascension_level":0,"is_trial":false}