{"gold_per_floor":[112,126,126,137,87,87,120,120,147,165,165,194,194,213,213,334,334,353,367,367,387,145,145,184,184,184,220,235,274,274,290,290,414,414,429,41,56,74,74,74,74,95,95,95,119,132,465,465,465,465,465,465,10,40,40],"floor_reached":56,"playtime":6462,"items_purged":["Strike_R","Parasite"],"score":1630,"play_id":"a924ff96-cdbf-49d9-85d1-64cee06899d4","local_time":"20190305005703","is_ascension_mode":true,"campfire_choices":[{"data":"Hemokinesis","floor":6.0,"key":"SMITH"},{"data":"Hemokinesis","floor":8.0,"key":"SMITH"},{"data":"Armaments","floor":11.0,"key":"SMITH"},{"floor":15.0,"key":"REST"},{"data":"Offering","floor":23.0,"key":"SMITH"},{"data":"Shrug It Off","floor":25.0,"key":"SMITH"},{"data":"Burning Pact","floor":30.0,"key":"SMITH"},{"data":"Flame Barrier","floor":32.0,"key":"SMITH"},{"floor":40,"key":"RECALL"},{"data":"Brutality","floor":44,"key":"SMITH"},{"data":"Armaments","floor":49,"key":"SMITH"},{"data":"Sword Boomerang","floor":52,"key":"SMITH"}],"neow_cost":"TEN_PERCENT_HP_LOSS","seed_source_timestamp":92871572916563,"circlet_count":0,"master_deck":["Strike_R","Defend_R","Defend_R","Defend_R","Bash","Hemokinesis+1","Rupture","Armaments+1","Clash","Feed","Flame Barrier+1","Hemokinesis+1","Rupture","Offering+1","Shrug It Off+1","Reaper","Twin Strike","Armaments+1","Clash+1","Burning Pact+1","Pain","Exhume","Infernal Blade+1","Pummel","Brutality","Seeing Red","Body Slam+1","Sword Boomerang+1","Armaments+1","Inflame+1","Offering","Brutality+1","Battle Trance+1","Rage+1","Bandage Up","Barricade","Seeing Red+1","Sword Boomerang+1","Madness","Madness","Shrug It Off","Rupture"],"special_seed":0,"relics":["Burning Blood","Happy Flower","Potion Belt","Dead Branch","Cursed Key","Kunai","Charon\u0027s Ashes","Pantograph","Nunchaku","Calipers","Orrery","Oddly Smooth Stone","Pen Nib"],"potions_floor_usage":[45,45,55,55],"damage_taken":[{"damage":10.0,"enemies":"2 Louse","floor":1.0,"turns":2.0},{"damage":10.0,"enemies":"Small Slimes","floor":2.0,"turns":3.0},{"damage":1.0,"enemies":"Cultist","floor":4.0,"turns":4.0},{"damage":18.0,"enemies":"Lagavulin","floor":7.0,"turns":6.0},{"damage":13.0,"enemies":"Exordium Thugs","floor":10.0,"turns":4.0},{"damage":29.0,"enemies":"Gremlin Nob","floor":12.0,"turns":4.0},{"damage":10.0,"enemies":"Red Slaver","floor":14.0,"turns":2.0},{"damage":48.0,"enemies":"The Guardian","floor":16.0,"turns":8.0},{"damage":20.0,"enemies":"2 Thieves","floor":18.0,"turns":3.0},{"damage":13.0,"enemies":"Shell Parasite","floor":19.0,"turns":5.0},{"damage":29.0,"enemies":"3 Cultists","floor":21.0,"turns":4.0},{"damage":36.0,"enemies":"Book of Stabbing","floor":24.0,"turns":4.0},{"damage":30.0,"enemies":"Gremlin Leader","floor":27.0,"turns":5.0},{"damage":17.0,"enemies":"Snecko","floor":28.0,"turns":4.0},{"damage":44.0,"enemies":"Slavers","floor":29.0,"turns":2.0},{"damage":12.0,"enemies":"Sentry and Sphere","floor":31.0,"turns":2.0},{"damage":26.0,"enemies":"Collector","floor":33.0,"turns":4.0},{"damage":14,"enemies":"3 Darklings","floor":35,"turns":3},{"damage":6,"enemies":"Orb Walker","floor":37,"turns":1},{"damage":30,"enemies":"Spire Growth","floor":38,"turns":3},{"damage":21,"enemies":"Sphere and 2 Shapes","floor":42,"turns":5},{"damage":64,"enemies":"4 Shapes","floor":45,"turns":6},{"damage":34,"enemies":"Maw","floor":46,"turns":3},{"damage":56,"enemies":"Awakened One","floor":50,"turns":3},{"damage":75,"enemies":"Shield and Spear","floor":54,"turns":3},{"damage":93,"enemies":"The Heart","floor":55,"turns":9}],"seed_played":"-608633358969686780","potions_obtained":[{"floor":4.0,"key":"Swift Potion"},{"floor":7.0,"key":"FairyPotion"},{"floor":12.0,"key":"Weak Potion"},{"floor":16.0,"key":"LiquidBronze"},{"floor":18.0,"key":"Ancient Potion"},{"floor":19.0,"key":"Fire Potion"},{"floor":21.0,"key":"LiquidBronze"},{"floor":29.0,"key":"Poison Potion"},{"floor":35,"key":"SkillPotion"},{"floor":45,"key":"SteroidPotion"}],"is_trial":false,"path_per_floor":["M","M","?","M","?","R","E","R","T","M","R","E","?","M","R","B",null,"M","M","?","M","$","R","E","R","T","E","M","E","R","M","R","B",null,"M","$","M","M","?","R","?","M","T","R","M","M","?","?","R","B",null,"R","$","E","B",null],"character_chosen":"IRONCLAD","items_purchased":["Kunai","Offering","Brutality","Oddly Smooth Stone","Ancient Potion","Shrug It Off","Rupture"],"campfire_rested":1,"item_purchase_floors":[22,36,36,53,53,53,53],"current_hp_per_floor":[68,64,64,72,72,72,63,63,63,59,59,36,36,35,58,16,63,66,62,62,58,58,58,37,37,37,80,77,79,79,73,73,95,95,87,87,87,63,63,63,63,52,52,52,69,79,79,67,67,99,99,99,96,27,19],"gold":40,"neow_bonus":"TRANSFORM_TWO_CARDS","is_prod":false,"is_daily":false,"chose_seed":false,"campfire_upgraded":10,"win_rate":0,"timestamp":1551776223,"path_taken":["M","M","?","M","?","R","E","R","T","M","R","E","?","M","R","BOSS","M","M","?","M","$","R","E","R","T","E","M","E","R","M","R","BOSS","M","$","M","M","?","R","?","M","T","R","M","M","?","?","R","BOSS","R","$","E","BOSS"],"build_version":"2019-01-23","purchased_purges":2,"victory":true,"max_hp_per_floor":[72,72,72,75,75,75,78,78,78,81,81,81,75,78,78,78,78,81,84,84,88,88,88,88,88,88,88,88,92,92,92,92,95,95,95,95,95,95,95,95,95,95,95,95,95,95,95,95,95,99,99,99,96,96,96],"card_choices":[{"not_picked":["Clothesline","Cleave"],"picked":"Armaments","floor":1.0},{"not_picked":["Anger","Disarm"],"picked":"Clash","floor":2.0},{"not_picked":["Havoc","Second Wind"],"picked":"Flame Barrier","floor":4.0},{"not_picked":["Searing Blow","Inflame"],"picked":"Hemokinesis","floor":7.0},{"not_picked":["True Grit","Feel No Pain"],"picked":"Rupture","floor":10.0},{"not_picked":["Perfected Strike","Burning Pact"],"picked":"Offering","floor":12.0},{"not_picked":["Flex","Pommel Strike"],"picked":"Shrug It Off","floor":14.0},{"not_picked":["Barricade","Bludgeon"],"picked":"Reaper","floor":16.0},{"not_picked":["Burning Pact","Flex"],"picked":"Twin Strike","floor":18.0},{"not_picked":["Iron Wave","Wild Strike"],"picked":"Armaments+1","floor":19.0},{"not_picked":["Entrench","Body Slam"],"picked":"Clash+1","floor":21.0},{"not_picked":["Feel No Pain","Sword Boomerang"],"picked":"Burning Pact","floor":24.0},{"not_picked":["Twin Strike+1","Pommel Strike"],"picked":"Exhume","floor":27.0},{"not_picked":["Iron Wave+1","Sentinel","Cleave+1"],"picked":"SKIP","floor":28.0},{"not_picked":["True Grit","Disarm"],"picked":"Infernal Blade+1","floor":29.0},{"not_picked":["Thunderclap+1","Sword Boomerang+1"],"picked":"Pummel","floor":31.0},{"not_picked":["Impervious","Feed"],"picked":"Brutality","floor":33.0},{"not_picked":["Wild Strike","Clothesline"],"picked":"Seeing Red","floor":34.0},{"not_picked":["Sever Soul","Perfected Strike"],"picked":"Body Slam+1","floor":34.0},{"not_picked":["Pommel Strike","Metallicize+1"],"picked":"Sword Boomerang","floor":34.0},{"not_picked":["Wild Strike","Reckless Charge"],"picked":"Armaments","floor":34.0},{"not_picked":["Dropkick+1","Pommel Strike+1"],"picked":"Inflame+1","floor":35},{"not_picked":["Inflame","Heavy Blade"],"picked":"Battle Trance+1","floor":37},{"not_picked":["Wild Strike+1","Sever Soul"],"picked":"Rage+1","floor":38},{"not_picked":["Mind Blast","Good Instincts"],"picked":"Bandage Up","floor":41},{"not_picked":["Spot Weakness+1","Clash+1"],"picked":"Barricade","floor":42},{"not_picked":["Havoc+1","Headbutt"],"picked":"Seeing Red+1","floor":45},{"not_picked":["Reckless Charge+1","Flame Barrier+1"],"picked":"Sword Boomerang+1","floor":46},{"not_picked":["Cleave","Dark Embrace","Armaments"],"picked":"SKIP","floor":54}],"player_experience":398786,"relics_obtained":[{"floor":7.0,"key":"Happy Flower"},{"floor":9.0,"key":"Potion Belt"},{"floor":12.0,"key":"Dead Branch"},{"floor":24.0,"key":"Charon\u0027s Ashes"},{"floor":26.0,"key":"Pantograph"},{"floor":27.0,"key":"Nunchaku"},{"floor":29.0,"key":"Calipers"},{"floor":54,"key":"Pen Nib"}],"event_choices":[{"damage_healed":0.0,"max_hp_gain":0.0,"max_hp_loss":0.0,"gold_gain":0.0,"cards_transformed":["Strike_R"],"event_name":"Living Wall","player_choice":"Change","floor":3.0,"gold_loss":0.0,"damage_taken":0.0,"cards_obtained":["Feed"]},{"cards_removed":["Strike_R"],"damage_healed":0.0,"max_hp_gain":0.0,"max_hp_loss":0.0,"gold_gain":0.0,"event_name":"The Cleric","player_choice":"Card Removal","floor":5.0,"gold_loss":50.0,"damage_taken":0.0},{"damage_healed":0.0,"max_hp_gain":0.0,"max_hp_loss":6.0,"gold_gain":0.0,"event_name":"Golden Idol","player_choice":"Lose Max HP","floor":13.0,"gold_loss":0.0,"damage_taken":0.0,"relics_obtained":["Golden Idol"]},{"damage_healed":0.0,"max_hp_gain":0.0,"max_hp_loss":0.0,"gold_gain":0.0,"event_name":"Ghosts","player_choice":"Ignored","floor":20.0,"gold_loss":0.0,"damage_taken":0.0},{"damage_healed":0,"gold_gain":0,"player_choice":"Ignored","damage_taken":0,"max_hp_gain":0,"max_hp_loss":0,"event_name":"Mysterious Sphere","floor":39,"gold_loss":0},{"damage_healed":0,"gold_gain":0,"player_choice":"Memory 1","damage_taken":0,"max_hp_gain":0,"max_hp_loss":0,"event_name":"SensoryStone","floor":41,"gold_loss":0},{"damage_healed":0,"gold_gain":333,"player_choice":"Gave Idol","damage_taken":0,"max_hp_gain":0,"max_hp_loss":0,"event_name":"The Moai Head","floor":47,"relics_lost":["Golden Idol"],"gold_loss":0},{"damage_healed":0,"gold_gain":0,"player_choice":"Embrace Madness","damage_taken":12,"max_hp_gain":0,"max_hp_loss":0,"event_name":"Winding Halls","floor":48,"gold_loss":0,"cards_obtained":["Madness","Madness"]}],"is_beta":false,"boss_relics":[{"not_picked":["Snecko Eye","Sozu"],"picked":"Cursed Key"},{"not_picked":["Coffee Dripper","Runic Pyramid"],"picked":"Orrery"}],"items_purged_floors":[36,53],"is_endless":false,"potions_floor_spawned":[4,7,12,16,18,19,21,29,35,45],"ascension_level":7}