{"gold_per_floor":[119,133,133,133,147,147,215,228,305,346,346,243,243,267,267,267],"floor_reached":16,"playtime":600,"items_purged":["Strike_G"],"score":121,"play_id":"7a485cf2-79ce-458e-bd4c-4002a3bfff99","local_time":"20190215141836","is_ascension_mode":true,"campfire_choices":[{"data":"Neutralize","floor":6,"key":"SMITH"},{"floor":13,"key":"REST"},{"data":"Footwork","floor":15,"key":"SMITH"}],"neow_cost":"CURSE","seed_source_timestamp":73922014346482,"circlet_count":0,"master_deck":["Defend_G","Defend_G","Defend_G","Defend_G","Defend_G","Strike_G","Strike_G","Strike_G","Strike_G","Survivor","Neutralize+1","Transmutation","Good Instincts","Flying Knee","Cloak And Dagger","Acrobatics","Dagger Spray","Blade Dance","Backflip","Footwork+1","Choke+1"],"relics":["Ring of the Snake","Golden Idol","Ginger","Molten Egg 2","Boot","MawBank"],"potions_floor_usage":[7,16],"damage_taken":[{"damage":10,"enemies":"Cultist","floor":1,"turns":5},{"damage":2,"enemies":"2 Louse","floor":2,"turns":4},{"damage":0,"enemies":"Small Slimes","floor":5,"turns":4},{"damage":16,"enemies":"Gremlin Nob","floor":7,"turns":4},{"damage":3,"enemies":"Red Slaver","floor":8,"turns":4},{"damage":19,"enemies":"3 Sentries","floor":10,"turns":7},{"damage":1,"enemies":"Looter","floor":14,"turns":4},{"damage":20,"enemies":"Hexaghost","floor":16,"turns":8}],"seed_played":"8155753290644253327","potions_obtained":[{"floor":2,"key":"Weak Potion"},{"floor":7,"key":"SteroidPotion"},{"floor":10,"key":"SpeedPotion"},{"floor":14,"key":"SkillPotion"}],"is_trial":false,"path_per_floor":["M","M","?","?","M","R","E","M","T","E","?","$","R","M","R","B"],"character_chosen":"THE_SILENT","items_purchased":["Footwork"],"campfire_rested":1,"item_purchase_floors":[12],"current_hp_per_floor":[60,58,58,58,58,58,42,39,39,20,2,2,21,20,20,0],"gold":267,"neow_bonus":"RANDOM_COLORLESS_2","is_prod":false,"is_daily":false,"chose_seed":false,"campfire_upgraded":2,"win_rate":0,"timestamp":1550261916,"path_taken":["M","?","?","?","M","R","E","M","T","E","?","$","R","M","R","BOSS"],"build_version":"2019-01-23","purchased_purges":1,"victory":false,"max_hp_per_floor":[70,70,65,65,65,65,65,65,65,65,65,65,65,65,65,65],"card_choices":[{"not_picked":["Dodge and Roll","Setup"],"picked":"Flying Knee","floor":1},{"not_picked":["Backstab","Riddle With Holes"],"picked":"Cloak And Dagger","floor":2},{"not_picked":["Flying Knee","PiercingWail"],"picked":"Acrobatics","floor":5},{"not_picked":["Quick Slash","Choke"],"picked":"Dagger Spray","floor":7},{"not_picked":["Die Die Die","Distraction"],"picked":"Blade Dance","floor":8},{"not_picked":["Prepared","Blade Dance"],"picked":"Backflip","floor":10},{"not_picked":["Quick Slash+1","Acrobatics"],"picked":"Choke+1","floor":14}],"player_experience":172452,"relics_obtained":[{"floor":7,"key":"Ginger"},{"floor":9,"key":"Molten Egg 2"},{"floor":10,"key":"Boot"}],"event_choices":[{"damage_healed":0,"gold_gain":0,"player_choice":"Lose Max HP","damage_taken":0,"relics_obtained":["Golden Idol"],"max_hp_gain":0,"max_hp_loss":5,"event_name":"Golden Idol","floor":3,"gold_loss":0},{"cards_removed":["Injury"],"damage_healed":0,"gold_gain":0,"player_choice":"Forget","damage_taken":0,"max_hp_gain":0,"max_hp_loss":0,"event_name":"Living Wall","floor":4,"gold_loss":0},{"damage_healed":0,"gold_gain":0,"player_choice":"Success","damage_taken":18,"relics_obtained":["MawBank"],"max_hp_gain":0,"max_hp_loss":0,"event_name":"Scrap Ooze","floor":11,"gold_loss":0}],"is_beta":false,"boss_relics":[],"items_purged_floors":[12],"is_endless":false,"potions_floor_spawned":[2,7,10,14],"killed_by":"Hexaghost","ascension_level":2}