{"path_per_floor":["M","M","$","M","?","R","?","R","T","M","E","R","M","$","R","B",null,"M","?","?","M","?","R"],"character_chosen":"THE_SILENT","items_purchased":["Noxious Fumes","Cloak And Dagger","Footwork"],"gold_per_floor":[113,127,50,62,137,137,165,165,218,237,263,263,277,102,102,178,178,189,189,189,207,207,207,207],"floor_reached":24,"campfire_rested":3,"playtime":1162,"current_hp_per_floor":[62,60,60,60,49,49,19,40,40,40,29,50,50,50,50,16,57,35,35,19,17,17,38,0],"items_purged":["Strike_G"],"gold":207,"score":320,"play_id":"5dafd6cf-01e6-452d-a5be-b39cc19092e2","local_time":"20180411215249","is_prod":false,"is_daily":false,"is_ascension_mode":true,"campfire_upgraded":2,"timestamp":1523494369,"path_taken":["M","M","$","M","?","R","?","R","T","M","E","R","M","$","R","BOSS","M","?","?","M","?","R","M"],"build_version":"2018-04-05v2","purchased_purges":1,"victory":false,"master_deck":["Defend_G","Defend_G","Defend_G","Defend_G","Strike_G","Strike_G","Survivor","Neutralize","AscendersBane","Dagger Spray","Footwork+1","Noxious Fumes+1","Tactician","Acrobatics","Bane","Cloak And Dagger","Footwork","Tools of the Trade","Corpse Explosion+1","Storm of Steel+1","Terror+1","Reflex","Dagger Throw"],"max_hp_per_floor":[70,70,70,70,70,70,70,70,70,70,70,70,70,70,70,70,70,70,70,70,70,70,70,70],"relics":["Ring of the Snake","Odd Mushroom","Pen Nib","Sundial","Astrolabe","Nilry\u0027s Codex"],"card_choices":[{"not_picked":["Dodge and Roll","Outmaneuver"],"picked":"Dagger Spray","floor":1},{"not_picked":["Dagger Throw","Deflect"],"picked":"Footwork","floor":2},{"not_picked":["Underhanded Strike","Dagger Spray"],"picked":"Tactician","floor":7},{"not_picked":["Slice","Backflip"],"picked":"Acrobatics","floor":10},{"not_picked":["Acrobatics","Crippling Poison"],"picked":"Bane","floor":11},{"not_picked":["Venomology","Die Die Die"],"picked":"Tools of the Trade","floor":16},{"not_picked":["Outmaneuver","Sucker Punch"],"picked":"Reflex","floor":18},{"not_picked":["Heel Hook","Cloak And Dagger"],"picked":"Dagger Throw","floor":21}],"player_experience":694156,"potions_floor_usage":[7,16,18,21],"damage_taken":[{"damage":1,"enemies":"Jaw Worm","floor":1,"turns":4},{"damage":2,"enemies":"Small Slimes","floor":2,"turns":4},{"damage":0,"enemies":"2 Louse","floor":4,"turns":2},{"damage":30,"enemies":"The Mushroom Lair","floor":7,"turns":5},{"damage":0,"enemies":"Large Slime","floor":10,"turns":6},{"damage":11,"enemies":"3 Sentries","floor":11,"turns":8},{"damage":0,"enemies":"2 Fungi Beasts","floor":13,"turns":4},{"damage":34,"enemies":"The Guardian","floor":16,"turns":13},{"damage":22,"enemies":"3 Byrds","floor":18,"turns":7},{"damage":14,"enemies":"Spheric Guardian","floor":21,"turns":9},{"damage":38,"enemies":"Slaver and Parasite","floor":24,"turns":3}],"event_choices":[{"event_name":"World of Goop","player_choice":"Gather Gold","floor":5,"damage_taken":0},{"event_name":"Mushrooms","player_choice":"Fought Mushrooms","floor":7,"damage_taken":0},{"event_name":"Drug Dealer","player_choice":"Ignored","floor":19,"damage_taken":0},{"event_name":"Cursed Tome","player_choice":"Obtained Book","floor":20,"damage_taken":0},{"event_name":"Vampires","player_choice":"Ignored","floor":22,"damage_taken":0}],"boss_relics":[{"not_picked":["Runic Pyramid","Runic Dome"],"picked":"Astrolabe"}],"potions_floor_spawned":[2,11,13,16],"seed_played":"9041900124387481492","killed_by":"Slaver and Parasite","ascension_level":13,"is_trial":false}