{"gold_per_floor":[115,5,5,5,17,17,50,50,50,84,104,24,59,72,72,147,147,165,165,185,185,185,185,110,121,176,176,187,197,197],"floor_reached":30,"playtime":1489,"items_purged":["Strike_G","Acrobatics"],"score":450,"play_id":"f033b902-fc85-450f-bcba-2aa8d1757461","local_time":"20180707024312","is_ascension_mode":true,"campfire_choices":[{"data":"Neutralize","floor":6.0,"key":"SMITH"},{"floor":8.0,"key":"REST"},{"floor":15.0,"key":"REST"},{"data":"Noxious Fumes","floor":23.0,"key":"SMITH"}],"neow_cost":"","seed_source_timestamp":0,"circlet_count":0,"master_deck":["Defend_G+1","Defend_G+1","Defend_G+1","Defend_G+1","Strike_G+1","Strike_G+1","Strike_G+1","Neutralize+1","AscendersBane","Acrobatics","Deadly Poison","Noxious Fumes+1","Blur","Cloak And Dagger","Backflip"],"special_seed":0,"relics":["Ring of the Snake","Art of War","The Courier","Juzu Bracelet","Whetstone","Busted Crown","Snake Skull"],"potions_floor_usage":[],"damage_taken":[{"damage":7.0,"enemies":"Jaw Worm","floor":1.0,"turns":4.0},{"damage":0.0,"enemies":"2 Louse","floor":5.0,"turns":4.0},{"damage":33.0,"enemies":"Lagavulin","floor":7.0,"turns":7.0},{"damage":10.0,"enemies":"3 Sentries","floor":10.0,"turns":10.0},{"damage":0.0,"enemies":"Cultist","floor":11.0,"turns":4.0},{"damage":0.0,"enemies":"Lagavulin","floor":13.0,"turns":5.0},{"damage":5.0,"enemies":"Exordium Thugs","floor":14.0,"turns":5.0},{"damage":10.0,"enemies":"Hexaghost","floor":16.0,"turns":9.0},{"damage":21.0,"enemies":"3 Byrds","floor":18.0,"turns":6.0},{"damage":2.0,"enemies":"Spheric Guardian","floor":20.0,"turns":5.0},{"damage":0.0,"enemies":"Centurion and Healer","floor":25.0,"turns":7.0},{"damage":4.0,"enemies":"Cultist and Chosen","floor":28.0,"turns":6.0},{"damage":11.0,"enemies":"Snake Plant","floor":29.0,"turns":5.0},{"damage":0,"enemies":"Snecko","floor":30,"turns":3}],"seed_played":"3668483179427202121","potions_obtained":[{"floor":10.0,"key":"PowerPotion"},{"floor":11.0,"key":"LiquidBronze"},{"floor":14.0,"key":"FearPotion"},{"floor":16.0,"key":"EntropicBrew"},{"floor":20.0,"key":"SkillPotion"},{"floor":25.0,"key":"Block Potion"},{"floor":28.0,"key":"Dexterity Potion"}],"is_trial":false,"path_per_floor":["M","$","?","$","M","R","E","R","T","E","M","$","E","M","R","B",null,"M","?","M","?","?","R","?","M","T","?","M","M"],"character_chosen":"THE_SILENT","items_purchased":["Noxious Fumes"],"campfire_rested":2,"item_purchase_floors":[],"current_hp_per_floor":[56,56,56,56,56,56,23,41,41,31,31,31,31,26,44,34,56,35,29,27,27,27,27,27,27,27,27,23,12,12],"gold":197,"neow_bonus":"","is_prod":false,"is_daily":false,"chose_seed":false,"campfire_upgraded":2,"win_rate":0,"timestamp":1530942192,"path_taken":["M","$","?","?","M","R","E","R","T","E","M","$","E","M","R","BOSS","M","?","M","?","?","R","?","M","T","?","M","M","M"],"build_version":"2018-07-05","purchased_purges":2,"victory":false,"max_hp_per_floor":[63,63,63,63,63,63,63,63,63,63,63,63,63,63,63,63,63,63,63,63,63,63,63,63,63,63,63,63,63,63],"card_choices":[{"not_picked":["Poisoned Stab","Noxious Fumes"],"picked":"Deadly Poison","floor":1.0},{"not_picked":["Eviscerate","Slice"],"picked":"Blur","floor":5.0},{"not_picked":["Flying Knee","Prepared"],"picked":"Cloak And Dagger","floor":7.0},{"not_picked":["Slice","Skewer"],"picked":"Deadly Poison","floor":10.0},{"not_picked":["Predator","Acrobatics","Sucker Punch"],"picked":"SKIP","floor":11.0},{"not_picked":["Calculated Gamble","Reflex"],"picked":"Backflip","floor":13.0},{"not_picked":["Deflect","Flying Knee","Sucker Punch"],"picked":"SKIP","floor":14.0},{"not_picked":["Quick Slash"],"picked":"SKIP","floor":18.0},{"not_picked":["Distraction"],"picked":"SKIP","floor":20.0},{"not_picked":["Flying Knee"],"picked":"SKIP","floor":25.0},{"not_picked":["Slice"],"picked":"SKIP","floor":28.0},{"not_picked":["Cloak And Dagger"],"picked":"SKIP","floor":29.0}],"player_experience":814515,"relics_obtained":[{"floor":7.0,"key":"Art of War"},{"floor":9.0,"key":"The Courier"},{"floor":10.0,"key":"Juzu Bracelet"},{"floor":13.0,"key":"Whetstone"},{"floor":26.0,"key":"Snake Skull"}],"event_choices":[{"event_name":"Living Wall","player_choice":"Change","floor":3.0,"damage_taken":0.0},{"event_name":"Knowing Skull","player_choice":"","floor":19.0,"damage_taken":0.0},{"event_name":"Back to Basics","player_choice":"Simplicity","floor":21.0,"damage_taken":0.0},{"event_name":"Purifier","player_choice":"One Purge","floor":22.0,"damage_taken":0.0},{"event_name":"Beggar","player_choice":"Gave Gold","floor":24.0,"damage_taken":0.0},{"event_name":"The Woman in Blue","player_choice":"Bought 0 Potions","floor":27.0,"damage_taken":0.0}],"boss_relics":[{"not_picked":["White Beast Statue","Empty Cage"],"picked":"Busted Crown"}],"items_purged_floors":[],"is_endless":false,"potions_floor_spawned":[10,11,14,16,20,25,28],"killed_by":"Snecko","ascension_level":13}