{"gold_per_floor":[116,116,41,58,77,105,105,105,105,116,81,2,19,19,19,114,114,134,234,134,134],"floor_reached":21,"playtime":851,"items_purged":["Strike_B","Defend_B"],"score":179,"play_id":"b2ae69a1-5407-4f64-8b3f-d2235c9fcc37","local_time":"20190310221822","is_ascension_mode":false,"campfire_choices":[{"data":"Zap","floor":8,"key":"SMITH"},{"data":"FTL","floor":15,"key":"SMITH"}],"neow_cost":"NONE","seed_source_timestamp":168607215566000,"circlet_count":0,"master_deck":["Strike_B","Strike_B","Strike_B","Defend_B","Defend_B","Defend_B","Zap+1","Dualcast","Compile Driver","Cold Snap","Barrage","Conserve Battery","Gash","Parasite","Chaos+1","Capacitor","FTL+1","Reboot+1","Gash+1","Genetic Algorithm+1"],"relics":["Cracked Core","Incense Burner","Du-Vu Doll","Toxic Egg 2","Eternal Feather","Gambling Chip","Mummified Hand"],"potions_floor_usage":[14,19,21],"damage_taken":[{"damage":0,"enemies":"2 Louse","floor":1,"turns":2},{"damage":9,"enemies":"Jaw Worm","floor":4,"turns":2},{"damage":0,"enemies":"Small Slimes","floor":5,"turns":2},{"damage":27,"enemies":"Lagavulin","floor":6,"turns":7},{"damage":1,"enemies":"3 Louse","floor":10,"turns":3},{"damage":6,"enemies":"Red Slaver","floor":13,"turns":2},{"damage":0,"enemies":"Exordium Thugs","floor":14,"turns":1},{"damage":20,"enemies":"Hexaghost","floor":16,"turns":10},{"damage":0,"enemies":"Spheric Guardian","floor":18,"turns":3},{"damage":29,"enemies":"Colosseum Slavers","floor":19,"turns":5},{"damage":41,"enemies":"Colosseum Nobs","floor":19,"turns":5},{"damage":5,"enemies":"Shell Parasite","floor":21,"turns":4}],"seed_played":"5005043914826874989","potions_obtained":[{"floor":4,"key":"Explosive Potion"},{"floor":10,"key":"SmokeBomb"},{"floor":16,"key":"SteroidPotion"}],"is_trial":false,"path_per_floor":["M","?","$","M","M","E","?","R","T","M","?","$","M","M","R","B",null,"M","?","$","M"],"character_chosen":"DEFECT","items_purchased":["Capacitor"],"campfire_rested":0,"item_purchase_floors":[12],"current_hp_per_floor":[75,68,68,59,59,32,50,50,50,49,67,67,61,61,61,41,75,75,5,5,0],"gold":134,"neow_bonus":"THREE_CARDS","is_prod":false,"is_daily":false,"chose_seed":false,"campfire_upgraded":2,"win_rate":0.0,"timestamp":1552277902,"path_taken":["M","?","$","M","M","E","?","R","T","M","?","$","M","M","R","BOSS","M","?","$","M"],"build_version":"2019-01-23","purchased_purges":2,"victory":false,"max_hp_per_floor":[75,75,75,75,75,75,75,75,75,75,75,75,75,75,75,75,75,75,75,75,75],"card_choices":[{"not_picked":["Force Field","Hologram"],"picked":"Compile Driver","floor":0},{"not_picked":["Barrage","Aggregate"],"picked":"Cold Snap","floor":1},{"not_picked":["Undo","Leap"],"picked":"Barrage","floor":4},{"not_picked":["Redo","Glacier"],"picked":"Conserve Battery","floor":5},{"not_picked":["Steam","Undo"],"picked":"Gash","floor":6},{"not_picked":["Coolheaded+1","Sunder"],"picked":"Chaos+1","floor":10},{"not_picked":["Reprogram+1","Streamline"],"picked":"FTL","floor":13},{"not_picked":["Amplify+1","Machine Learning"],"picked":"Reboot+1","floor":16},{"not_picked":["Scrape","Barrage"],"picked":"Gash+1","floor":18},{"not_picked":["Steam+1","Go for the Eyes+1"],"picked":"Genetic Algorithm+1","floor":19}],"player_experience":311692,"relics_obtained":[{"floor":6,"key":"Du-Vu Doll"},{"floor":9,"key":"Toxic Egg 2"},{"floor":19,"key":"Gambling Chip"},{"floor":19,"key":"Mummified Hand"}],"event_choices":[{"damage_healed":0,"gold_gain":0,"player_choice":"Success","damage_taken":7,"relics_obtained":["Incense Burner"],"max_hp_gain":0,"max_hp_loss":0,"event_name":"Scrap Ooze","floor":2,"gold_loss":0},{"damage_healed":18,"gold_gain":0,"player_choice":"Healed and dodged fight","damage_taken":0,"max_hp_gain":0,"max_hp_loss":0,"event_name":"Mushrooms","floor":7,"gold_loss":0,"cards_obtained":["Parasite"]},{"damage_healed":18,"gold_gain":0,"player_choice":"Healed","damage_taken":0,"max_hp_gain":0,"max_hp_loss":0,"event_name":"The Cleric","floor":11,"gold_loss":35},{"damage_healed":0,"gold_gain":0,"player_choice":"Fight","damage_taken":0,"max_hp_gain":0,"max_hp_loss":0,"event_name":"Colosseum","floor":19,"gold_loss":0},{"damage_healed":0,"gold_gain":0,"player_choice":"Fought Nobs","damage_taken":0,"max_hp_gain":0,"max_hp_loss":0,"event_name":"Colosseum","floor":19,"gold_loss":0}],"is_beta":false,"boss_relics":[{"not_picked":["Philosopher\u0027s Stone","Fusion Hammer"],"picked":"Eternal Feather"}],"items_purged_floors":[3,20],"is_endless":false,"potions_floor_spawned":[4,10,16,19],"killed_by":"Shell Parasite","ascension_level":0}