{"gold_per_floor":[115,115,127,9,184,213,15,15,15,44,44,44,64,81,81,186,186,197,197],"floor_reached":19,"playtime":638,"items_purged":["Doubt"],"score":230,"play_id":"79120db1-d2ca-4611-a13f-486f6375484b","local_time":"20190224140252","is_ascension_mode":true,"campfire_choices":[{"data":"Havoc","floor":8,"key":"SMITH"},{"data":"Whirlwind","floor":15,"key":"SMITH"}],"neow_cost":"NONE","seed_source_timestamp":285363911196481,"circlet_count":0,"master_deck":["Strike_R","Strike_R","Strike_R","Defend_R","Defend_R","Defend_R","Defend_R","Bash","Clothesline","Armaments","Whirlwind+1","Shockwave","Havoc+1","Combust","Ghostly Armor","Bloodletting","Double Tap","Armaments+1"],"relics":["Burning Blood","NeowsBlessing","Pantograph","Ancient Tea Set","StoneCalendar","Cursed Key"],"potions_floor_usage":[10,19],"damage_taken":[{"damage":0,"enemies":"2 Louse","floor":1,"turns":1},{"damage":0,"enemies":"Cultist","floor":3,"turns":1},{"damage":0,"enemies":"Lagavulin","floor":6,"turns":1},{"damage":42,"enemies":"3 Sentries","floor":10,"turns":9},{"damage":1,"enemies":"Small Slimes","floor":13,"turns":2},{"damage":11,"enemies":"2 Fungi Beasts","floor":14,"turns":3},{"damage":49,"enemies":"Hexaghost","floor":16,"turns":9},{"damage":19,"enemies":"Spheric Guardian","floor":18,"turns":4},{"damage":25,"enemies":"Colosseum Slavers","floor":19,"turns":5},{"damage":48,"enemies":"Colosseum Nobs","floor":19,"turns":5}],"seed_played":"8542552086881984193","potions_obtained":[{"floor":6,"key":"Dexterity Potion"},{"floor":14,"key":"SteroidPotion"},{"floor":18,"key":"Block Potion"}],"is_trial":false,"path_per_floor":["M","?","M","$","?","E","$","R","T","E","$","?","M","M","R","B",null,"M","?"],"character_chosen":"IRONCLAD","items_purchased":["Whirlwind","Shockwave","Regen Potion","Havoc"],"campfire_rested":0,"item_purchase_floors":[4,4,7,7],"current_hp_per_floor":[80,80,80,80,80,80,80,80,80,59,59,59,64,59,59,37,80,67,0],"gold":197,"neow_bonus":"THREE_ENEMY_KILL","is_prod":false,"is_daily":false,"chose_seed":false,"campfire_upgraded":2,"win_rate":0,"timestamp":1551038572,"path_taken":["M","?","M","?","?","E","$","R","T","E","$","?","M","M","R","BOSS","M","?"],"build_version":"2019-01-23","purchased_purges":1,"victory":false,"max_hp_per_floor":[80,80,80,80,80,80,80,80,80,80,80,80,80,80,80,80,80,80,80],"card_choices":[{"not_picked":["Flex","True Grit"],"picked":"Clothesline","floor":1},{"not_picked":["Clash","Uppercut"],"picked":"Armaments","floor":3},{"not_picked":["Iron Wave","Sever Soul","Clothesline"],"picked":"SKIP","floor":6},{"not_picked":["Havoc","Cleave"],"picked":"Combust","floor":10},{"not_picked":["Thunderclap","Flex"],"picked":"Ghostly Armor","floor":13},{"not_picked":["Heavy Blade","Clash"],"picked":"Bloodletting","floor":14},{"not_picked":["Impervious","Berserk"],"picked":"Double Tap","floor":16},{"not_picked":["Heavy Blade","Clothesline"],"picked":"Armaments+1","floor":18}],"player_experience":219538,"relics_obtained":[{"floor":6,"key":"Pantograph"},{"floor":9,"key":"Ancient Tea Set"},{"floor":10,"key":"StoneCalendar"}],"event_choices":[{"cards_removed":["Strike_R"],"damage_healed":0,"gold_gain":0,"player_choice":"Offered Basic","damage_taken":0,"max_hp_gain":0,"max_hp_loss":0,"event_name":"Bonfire Elementals","floor":2,"gold_loss":0},{"damage_healed":0,"gold_gain":175,"player_choice":"AGREE","damage_taken":0,"max_hp_gain":0,"max_hp_loss":0,"event_name":"Liars Game","floor":5,"gold_loss":0,"cards_obtained":["Doubt"]},{"cards_removed":["Strike_R"],"damage_healed":0,"gold_gain":0,"player_choice":"Forget","damage_taken":0,"max_hp_gain":0,"max_hp_loss":0,"event_name":"Living Wall","floor":12,"gold_loss":0},{"damage_healed":0,"gold_gain":0,"player_choice":"Fight","damage_taken":0,"max_hp_gain":0,"max_hp_loss":0,"event_name":"Colosseum","floor":19,"gold_loss":0},{"damage_healed":0,"gold_gain":0,"player_choice":"Fought Nobs","damage_taken":0,"max_hp_gain":0,"max_hp_loss":0,"event_name":"Colosseum","floor":19,"gold_loss":0}],"is_beta":false,"boss_relics":[{"not_picked":["Coffee Dripper","Fusion Hammer"],"picked":"Cursed Key"}],"items_purged_floors":[7],"is_endless":false,"potions_floor_spawned":[6,14,18],"killed_by":"Colosseum Nobs","ascension_level":3}