{"gold_per_floor":[114,22,35,54,72,72,72,91,91,71,96,111,111,128,128,201,201,213,213,223,243,29,29,29,29,29,29,29],"floor_reached":28,"playtime":1083,"items_purged":[],"score":429,"play_id":"8015d829-3ef1-4623-a04e-f241ef187e6b","local_time":"20190311134756","is_ascension_mode":true,"campfire_choices":[{"data":"Noxious Fumes","floor":6.0,"key":"SMITH"},{"data":"Discovery","floor":13.0,"key":"SMITH"},{"data":"Corpse Explosion","floor":15,"key":"SMITH"},{"floor":23,"key":"REST"}],"neow_cost":"NONE","seed_source_timestamp":417992685476580,"circlet_count":0,"master_deck":["AscendersBane","Defend_G","Defend_G","Defend_G","Defend_G","Defend_G","Strike_G","Strike_G","Strike_G","Strike_G","Strike_G","Survivor","Neutralize","PiercingWail","Discovery+1","Noxious Fumes+1","Backstab","Cloak And Dagger","Finisher","Corpse Explosion+1","Blade Dance","Die Die Die","PiercingWail","Blur","Envenom","Blade Dance","Discovery+1"],"special_seed":0,"relics":["Ring of the Snake","Blood Vial","Ornamental Fan","Question Card","Art of War","Lizard Tail","CultistMask","Paper Crane"],"potions_floor_usage":[16,16,20,28,28],"damage_taken":[{"damage":7.0,"enemies":"Small Slimes","floor":1.0,"turns":4.0},{"damage":0.0,"enemies":"Cultist","floor":3.0,"turns":4.0},{"damage":3.0,"enemies":"Jaw Worm","floor":4.0,"turns":5.0},{"damage":4.0,"enemies":"Red Slaver","floor":5.0,"turns":6.0},{"damage":0.0,"enemies":"Large Slime","floor":8.0,"turns":6.0},{"damage":12.0,"enemies":"Lagavulin","floor":11.0,"turns":5.0},{"damage":5.0,"enemies":"3 Louse","floor":12.0,"turns":4.0},{"damage":2,"enemies":"2 Fungi Beasts","floor":14,"turns":3},{"damage":25,"enemies":"Hexaghost","floor":16,"turns":12},{"damage":38,"enemies":"Spheric Guardian","floor":18,"turns":6},{"damage":25,"enemies":"Shell Parasite","floor":20,"turns":8},{"damage":34,"enemies":"Snake Plant","floor":21,"turns":5},{"damage":22,"enemies":"Shelled Parasite and Fungi","floor":28,"turns":4}],"seed_played":"2708301436546485395","potions_obtained":[{"floor":4.0,"key":"Poison Potion"},{"floor":10.0,"key":"SkillPotion"},{"floor":11.0,"key":"Fire Potion"},{"floor":12.0,"key":"Block Potion"},{"floor":16,"key":"Weak Potion"},{"floor":18,"key":"AttackPotion"},{"floor":21,"key":"AttackPotion"}],"is_trial":false,"path_per_floor":["M","$","M","M","M","R","?","M","T","?","E","M","R","M","R","B",null,"M","?","M","M","$","R","?","$","T","$","M"],"character_chosen":"THE_SILENT","items_purchased":["Discovery","Envenom","Blade Dance"],"campfire_rested":1,"item_purchase_floors":[2,22,22],"current_hp_per_floor":[54,54,56,55,53,53,48,50,50,50,40,37,37,37,37,14,53,17,17,33,1,1,20,20,20,20,20,0],"gold":29,"neow_bonus":"RANDOM_COMMON_RELIC","is_prod":false,"is_daily":false,"chose_seed":false,"campfire_upgraded":3,"win_rate":0,"timestamp":1552308476,"path_taken":["M","$","M","M","M","R","?","M","T","?","E","M","R","M","R","BOSS","M","?","M","?","$","R","?","$","T","$","?"],"build_version":"2019-01-23","purchased_purges":0,"victory":false,"max_hp_per_floor":[66,66,66,66,66,66,66,66,66,66,66,66,66,66,66,66,66,66,66,66,66,66,66,66,66,66,66,66],"card_choices":[{"not_picked":["Deflect","Dagger Throw"],"picked":"PiercingWail","floor":1.0},{"not_picked":["Dodge and Roll","Slice","PiercingWail"],"picked":"SKIP","floor":3.0},{"not_picked":["Quick Slash","Deadly Poison"],"picked":"Noxious Fumes","floor":4.0},{"not_picked":["Acrobatics","Dodge and Roll"],"picked":"Backstab","floor":5.0},{"not_picked":["Backflip","Endless Agony"],"picked":"Cloak And Dagger","floor":8.0},{"not_picked":["Deadly Poison","Distraction","Deflect"],"picked":"Finisher","floor":11.0},{"not_picked":["Cloak And Dagger","Dash","Slice"],"picked":"Corpse Explosion","floor":12.0},{"not_picked":["Outmaneuver","Eviscerate","Flying Knee"],"picked":"Blade Dance","floor":14},{"not_picked":["Corpse Explosion","Phantasmal Killer","Grand Finale"],"picked":"Die Die Die","floor":16},{"not_picked":["Bouncing Flask","Heel Hook","Backstab"],"picked":"PiercingWail","floor":18},{"not_picked":["Deflect","Deadly Poison","Predator"],"picked":"Blur","floor":20},{"not_picked":["Dagger Spray","Deflect","Bane","Slice"],"picked":"SKIP","floor":21}],"player_experience":962028,"relics_obtained":[{"floor":9.0,"key":"Question Card"},{"floor":11.0,"key":"Art of War"},{"floor":26,"key":"Paper Crane"}],"event_choices":[{"damage_healed":0.0,"max_hp_gain":0.0,"max_hp_loss":0.0,"gold_gain":0.0,"event_name":"Scrap Ooze","player_choice":"Success","floor":7.0,"gold_loss":0.0,"damage_taken":5.0,"relics_obtained":["Ornamental Fan"]},{"damage_healed":0.0,"max_hp_gain":0.0,"max_hp_loss":0.0,"gold_gain":0.0,"event_name":"The Woman in Blue","player_choice":"Bought 1 Potion","floor":10.0,"gold_loss":0.0,"damage_taken":0.0},{"damage_healed":0,"gold_gain":0,"player_choice":"Trade","damage_taken":0,"relics_obtained":["CultistMask"],"max_hp_gain":0,"max_hp_loss":0,"event_name":"FaceTrader","floor":19,"gold_loss":0},{"damage_healed":0,"gold_gain":0,"player_choice":"Copied","damage_taken":0,"max_hp_gain":0,"max_hp_loss":0,"event_name":"Duplicator","floor":24,"gold_loss":0,"cards_obtained":["Discovery"]}],"is_beta":false,"boss_relics":[{"not_picked":["Velvet Choker","Pandora\u0027s Box"],"picked":"Lizard Tail"}],"items_purged_floors":[],"is_endless":false,"potions_floor_spawned":[4,11,12,16,18,21],"killed_by":"Shelled Parasite and Fungi","ascension_level":19}