{"gold_per_floor":[114,114,128,128,139,168,168,182,206,218,230,273,308,343,355,491,503,539,576,603,117,117],"floor_reached":22,"playtime":1193,"items_purged":["Strike_G"],"score":235,"play_id":"af63e957-8a80-4676-8f26-90323da74300","local_time":"20190216134217","is_ascension_mode":true,"campfire_choices":[{"data":"Infinite Blades","floor":7,"key":"SMITH"},{"data":"Endless Agony","floor":10,"key":"SMITH"},{"data":"Calculated Gamble","floor":15,"key":"SMITH"}],"neow_cost":"NONE","seed_source_timestamp":106517462527304,"circlet_count":0,"master_deck":["Defend_G","Defend_G","Defend_G","Defend_G","Defend_G","Strike_G","Strike_G","Strike_G","Strike_G","Survivor","Neutralize","Dagger Throw+1","Endless Agony+1","Calculated Gamble+1","Infinite Blades+1","Slice","Dash","Dagger Spray","Envenom","Bane+1","Blade Dance+1","Deadly Poison","Well Laid Plans"],"relics":["Ring of the Snake","Strawberry","Blood Vial","Lantern","MawBank","Golden Idol","Question Card","Happy Flower","Sozu","Regal Pillow","Bag of Preparation"],"potions_floor_usage":[12,16,22],"damage_taken":[{"damage":2,"enemies":"2 Louse","floor":1,"turns":2},{"damage":0,"enemies":"Jaw Worm","floor":3,"turns":4},{"damage":0,"enemies":"Small Slimes","floor":5,"turns":2},{"damage":29,"enemies":"Lagavulin","floor":6,"turns":8},{"damage":1,"enemies":"Looter","floor":8,"turns":3},{"damage":6,"enemies":"Gremlin Nob","floor":12,"turns":3},{"damage":0,"enemies":"2 Fungi Beasts","floor":14,"turns":3},{"damage":25,"enemies":"The Guardian","floor":16,"turns":15},{"damage":28,"enemies":"Shell Parasite","floor":18,"turns":5},{"damage":19,"enemies":"2 Thieves","floor":19,"turns":4},{"damage":26,"enemies":"Snake Plant","floor":20,"turns":5},{"damage":5,"enemies":"3 Cultists","floor":22,"turns":3}],"seed_played":"-7806828354880344163","potions_obtained":[{"floor":3,"key":"Explosive Potion"},{"floor":6,"key":"Energy Potion"},{"floor":8,"key":"PowerPotion"},{"floor":12,"key":"SkillPotion"}],"is_trial":false,"path_per_floor":["M","?","M","?","M","E","R","M","T","R","?","E","T","M","R","B",null,"M","M","M","$","M"],"character_chosen":"THE_SILENT","items_purchased":["Regal Pillow","Deadly Poison","Well Laid Plans","Bag of Preparation"],"campfire_rested":0,"item_purchase_floors":[21,21,21,21],"current_hp_per_floor":[75,72,74,74,76,48,48,49,49,49,49,45,45,47,47,24,71,43,26,2,2,0],"gold":117,"neow_bonus":"RANDOM_COMMON_RELIC","is_prod":false,"is_daily":false,"chose_seed":false,"campfire_upgraded":3,"win_rate":0,"timestamp":1550346137,"path_taken":["M","?","M","?","M","E","R","M","T","R","?","E","?","M","R","BOSS","M","M","M","$","M"],"build_version":"2019-01-23","purchased_purges":1,"victory":false,"max_hp_per_floor":[77,77,77,77,77,77,77,77,77,77,71,71,71,71,71,71,71,71,71,71,71,71],"card_choices":[{"not_picked":["Underhanded Strike","Dodge and Roll"],"picked":"Dagger Throw","floor":1},{"not_picked":["Concentrate","Bouncing Flask"],"picked":"Endless Agony","floor":3},{"not_picked":["Concentrate","Underhanded Strike"],"picked":"Calculated Gamble","floor":5},{"not_picked":["Backstab","Cloak And Dagger"],"picked":"Infinite Blades","floor":6},{"not_picked":["Blur","Flechettes"],"picked":"Slice","floor":8},{"not_picked":["Blur","After Image"],"picked":"Dash","floor":12},{"not_picked":["Slice","Acrobatics","Tactician"],"picked":"Dagger Spray","floor":14},{"not_picked":["Wraith Form v2","Corpse Explosion","A Thousand Cuts"],"picked":"Envenom","floor":16},{"not_picked":["Skewer","Acrobatics+1","Tactician","Choke"],"picked":"SKIP","floor":18},{"not_picked":["Heel Hook+1","PiercingWail","Backflip"],"picked":"Bane+1","floor":19},{"not_picked":["Underhanded Strike+1","Dodge and Roll","Cloak And Dagger+1"],"picked":"Blade Dance+1","floor":20}],"player_experience":194675,"relics_obtained":[{"floor":6,"key":"Lantern"},{"floor":9,"key":"MawBank"},{"floor":12,"key":"Question Card"},{"floor":13,"key":"Happy Flower"}],"event_choices":[{"damage_healed":0,"gold_gain":0,"player_choice":"Success","damage_taken":3,"relics_obtained":["Blood Vial"],"max_hp_gain":0,"max_hp_loss":0,"event_name":"Scrap Ooze","floor":2,"gold_loss":0},{"damage_healed":0,"gold_gain":0,"player_choice":"Grow","damage_taken":0,"max_hp_gain":0,"max_hp_loss":0,"event_name":"Living Wall","floor":4,"gold_loss":0,"cards_upgraded":["Dagger Throw"]},{"damage_healed":0,"gold_gain":0,"player_choice":"Lose Max HP","damage_taken":0,"relics_obtained":["Golden Idol"],"max_hp_gain":0,"max_hp_loss":6,"event_name":"Golden Idol","floor":11,"gold_loss":0}],"is_beta":false,"boss_relics":[{"not_picked":["Philosopher\u0027s Stone","Eternal Feather"],"picked":"Sozu"}],"items_purged_floors":[21],"is_endless":false,"potions_floor_spawned":[3,6,8,12,14],"killed_by":"3 Cultists","ascension_level":4}