{"gold_per_floor":[114,30,50,67,17,43,55,72,72,72,37,37,47,65,65,162,162,181,199,199,124,124,124,223,223,275,22,37,57,57,70,70,170,170,183,231,106,106,122,151,164,164,164,164,182,197,212,8,8,8],"floor_reached":51,"playtime":2266,"items_purged":["Strike_B+1","Strike_B+1","Loop","Self Repair"],"score":776,"play_id":"c6bb4425-a68c-4c73-a631-d358de54121b","local_time":"20180805193159","is_ascension_mode":true,"campfire_choices":[{"data":"Strike_B","floor":10,"key":"PURGE"},{"floor":15,"key":"REST"},{"data":"Storm","floor":23,"key":"SMITH"},{"data":"Thunder Strike","floor":25,"key":"SMITH"},{"data":"Strike_B+1","floor":32,"key":"PURGE"},{"floor":42,"key":"REST"},{"data":"Echo Form","floor":44,"key":"SMITH"},{"data":"Steam","floor":49,"key":"SMITH"}],"neow_cost":"NONE","seed_source_timestamp":25195561973487,"circlet_count":0,"master_deck":["Defend_B+1","Defend_B+1","Defend_B+1","Zap","Dualcast","Ball Lightning","Electrodynamics","Thunder Strike+1","Storm+1","Defragment+1","Storm+1","Steam+1","Echo Form+1","Leap","Steam+1"],"relics":["Velvet Choker","Peace Pipe","Regal Pillow","Darkstone Periapt","Runic Dome","Vajra","Anchor","White Beast Statue","StoneCalendar","Shuriken","Pantograph"],"potions_floor_usage":[6,16,18,19,33,36,39,40,40,50,50,50],"damage_taken":[{"damage":7,"enemies":"Small Slimes","floor":1,"turns":4},{"damage":1,"enemies":"Cultist","floor":3,"turns":3},{"damage":0,"enemies":"2 Louse","floor":4,"turns":1},{"damage":22,"enemies":"3 Sentries","floor":6,"turns":5},{"damage":15,"enemies":"2 Fungi Beasts","floor":7,"turns":3},{"damage":20,"enemies":"Exordium Wildlife","floor":8,"turns":4},{"damage":12,"enemies":"Looter","floor":13,"turns":3},{"damage":1,"enemies":"Exordium Thugs","floor":14,"turns":4},{"damage":32,"enemies":"The Guardian","floor":16,"turns":8},{"damage":12,"enemies":"Chosen","floor":18,"turns":3},{"damage":22,"enemies":"2 Thieves","floor":19,"turns":2},{"damage":18,"enemies":"Snake Plant","floor":28,"turns":3},{"damage":12,"enemies":"Slaver and Parasite","floor":29,"turns":3},{"damage":0,"enemies":"3 Cultists","floor":31,"turns":2},{"damage":20,"enemies":"Collector","floor":33,"turns":4},{"damage":0,"enemies":"3 Shapes","floor":35,"turns":2},{"damage":14,"floor":36,"turns":3},{"damage":6,"enemies":"Flame Bruiser 1 Orb","floor":39,"turns":3},{"damage":44,"enemies":"Nemesis","floor":40,"turns":5},{"damage":3,"enemies":"Sphere and 2 Shapes","floor":41,"turns":3},{"damage":0,"enemies":"Spire Growth","floor":45,"turns":3},{"damage":0,"enemies":"Flame Bruiser 2 Orb","floor":46,"turns":3},{"damage":6,"enemies":"4 Shapes","floor":47,"turns":2},{"damage":51,"enemies":"Awakened One","floor":50,"turns":10}],"seed_played":"-278492792039855965","potions_obtained":[{"floor":4,"key":"SpeedPotion"},{"floor":7,"key":"LiquidBronze"},{"floor":13,"key":"Poison Potion"},{"floor":14,"key":"AttackPotion"},{"floor":19,"key":"Poison Potion"},{"floor":29,"key":"Fire Potion"},{"floor":31,"key":"SpeedPotion"},{"floor":35,"key":"Strength Potion"},{"floor":36,"key":"FearPotion"},{"floor":39,"key":"Energy Potion"},{"floor":40,"key":"Dexterity Potion"},{"floor":41,"key":"FearPotion"},{"floor":45,"key":"Dexterity Potion"}],"is_trial":false,"path_per_floor":["M","?","M","M","?","E","M","M","T","R","?","$","M","M","R","B",null,"M","M","?","$","?","R","?","R","T","$","M","M","?","M","R","B",null,"M","?","$","?","M","E","M","R","T","R","M","M","M","$","R","B"],"character_chosen":"DEFECT","items_purchased":["Anchor","Steam"],"campfire_rested":2,"item_purchase_floors":[27,48],"current_hp_per_floor":[68,68,67,67,67,52,44,31,31,31,31,31,26,32,69,44,75,70,55,55,55,55,55,55,55,55,55,44,39,39,46,46,33,75,75,68,68,63,64,27,24,61,61,61,68,75,69,69,69,24],"gold":8,"neow_bonus":"BOSS_RELIC","is_prod":false,"is_daily":false,"chose_seed":false,"campfire_upgraded":4,"win_rate":0,"timestamp":1533508319,"path_taken":["M","?","M","M","?","E","M","?","T","R","?","?","M","M","R","BOSS","M","?","?","$","?","R","?","R","T","$","M","M","?","M","R","BOSS","M","?","$","?","M","E","M","R","T","R","M","M","?","$","R","BOSS"],"build_version":"2018-08-01","purchased_purges":4,"victory":true,"max_hp_per_floor":[75,75,75,75,75,75,75,75,75,75,75,75,75,75,75,75,75,75,75,75,75,75,75,75,75,75,75,75,75,75,75,75,75,75,75,75,75,75,75,75,75,75,75,75,75,75,75,75,75,75],"card_choices":[{"not_picked":["Steam","Compile Driver"],"picked":"Ball Lightning","floor":1},{"not_picked":["Leap","Sweeping Beam"],"picked":"Loop","floor":3},{"not_picked":["Skim","Ball Lightning"],"picked":"Self Repair","floor":4},{"not_picked":["Stack","Melter"],"picked":"Electrodynamics","floor":6},{"not_picked":["Turbo","Aggregate","Redo"],"picked":"SKIP","floor":7},{"not_picked":["Gash","Hologram","Leap"],"picked":"SKIP","floor":8},{"not_picked":["Beam Cell","Lockon","Loop"],"picked":"SKIP","floor":13},{"not_picked":["Lockon","Ball Lightning","Reprogram"],"picked":"SKIP","floor":14},{"not_picked":["Reboot","Multi-Cast"],"picked":"Thunder Strike","floor":16},{"not_picked":["Beam Cell","Streamline"],"picked":"Storm","floor":18},{"not_picked":["Hologram+1","Conserve Battery","BootSequence+1"],"picked":"SKIP","floor":19},{"not_picked":["Steam Power","Coolheaded"],"picked":"Defragment+1","floor":28},{"not_picked":["Conserve Battery+1","Heatsinks+1"],"picked":"Storm+1","floor":29},{"not_picked":["Go for the Eyes","Consume"],"picked":"Steam+1","floor":31},{"not_picked":["Thunder Strike","Meteor Strike"],"picked":"Echo Form","floor":33},{"not_picked":["Compile Driver","Defragment","Hologram"],"picked":"SKIP","floor":35},{"not_picked":["Compile Driver+1","Storm"],"picked":"Leap","floor":36},{"not_picked":["Fusion+1","Auto Shields+1","Cold Snap+1"],"picked":"SKIP","floor":39},{"not_picked":["Fusion+1","Auto Shields+1","Cold Snap+1"],"picked":"SKIP","floor":39},{"not_picked":["Hologram","Doom and Gloom","Conserve Battery+1"],"picked":"SKIP","floor":40},{"not_picked":["Doom and Gloom+1","Leap","Blizzard+1"],"picked":"SKIP","floor":41},{"not_picked":["Leap","Hologram","Rip and Tear"],"picked":"SKIP","floor":45},{"not_picked":["Hologram+1","Undo","Meteor Strike"],"picked":"SKIP","floor":46},{"not_picked":["Consume","White Noise+1","Turbo"],"picked":"SKIP","floor":47}],"player_experience":860942,"relics_obtained":[{"floor":6,"key":"Regal Pillow"},{"floor":9,"key":"Darkstone Periapt"},{"floor":26,"key":"Vajra"},{"floor":36,"key":"StoneCalendar"},{"floor":40,"key":"Shuriken"},{"floor":43,"key":"Pantograph"}],"event_choices":[{"event_name":"WeMeetAgain","player_choice":"Gold","floor":2,"damage_taken":0},{"event_name":"The Cleric","player_choice":"Card Removal","floor":5,"damage_taken":0},{"event_name":"World of Goop","player_choice":"Left","floor":11,"damage_taken":0},{"event_name":"Back to Basics","player_choice":"Simplicity","floor":20,"damage_taken":0},{"event_name":"Drug Dealer","player_choice":"Ignored","floor":22,"damage_taken":0},{"event_name":"Nest","player_choice":"Stole From Cult","floor":24,"damage_taken":0},{"event_name":"Beggar","player_choice":"Ignored","floor":30,"damage_taken":0},{"event_name":"Mysterious Sphere","player_choice":"Fight","floor":36,"damage_taken":0},{"event_name":"SensoryStone","player_choice":"Memory 2","floor":38,"damage_taken":0}],"is_beta":true,"boss_relics":[{"not_picked":["Sozu","Coffee Dripper"],"picked":"Runic Dome"},{"not_picked":["Pandora\u0027s Box","Astrolabe"],"picked":"White Beast Statue"}],"items_purged_floors":[21,27,37,48],"is_endless":false,"potions_floor_spawned":[4,7,13,14,19,29,31,35,36,39,40,41,45,46,47],"ascension_level":3}