{"gold_per_floor":[112,131,2,12,32,60,60,75,125,125,144,144,144,161,161,265,265,276,276,276,276,291,291,309,329,329,347,12,12,12,22,22,122,122,134,144,144,44,54,54,67,78,78,0,0,0,0,16,16,16,16,16,16,46,46],"floor_reached":55,"playtime":3556,"items_purged":["Rebound"],"score":723,"play_id":"87b12b16-faf9-47d9-a3fc-24acf31b809b","local_time":"20190310171442","is_ascension_mode":false,"campfire_choices":[{"floor":7.0,"key":"RECALL"},{"data":"Coolheaded","floor":10.0,"key":"SMITH"},{"data":"Blizzard","floor":12.0,"key":"SMITH"},{"data":"Conserve Battery","floor":15.0,"key":"SMITH"},{"data":"Loop","floor":23,"key":"SMITH"},{"floor":32,"key":"REST"},{"data":"Seek","floor":40,"key":"SMITH"},{"floor":47,"key":"REST"},{"floor":49,"key":"REST"},{"data":"Mind Blast","floor":52,"key":"SMITH"}],"neow_cost":"NONE","seed_source_timestamp":817345548792576,"circlet_count":0,"master_deck":["Zap+1","Dualcast","Conserve Battery","Conserve Battery+1","Coolheaded","Blizzard+1","Doom and Gloom","Coolheaded+1","Go for the Eyes","Biased Cognition","Leap","Cold Snap","Core Surge","Fusion","Seek","Seek+1","Stack","Loop+1","Conserve Battery","Go for the Eyes+1","Beam Cell+1","Coolheaded+1","Go for the Eyes+1","Aggregate","Double Energy","Mind Blast+1","Conserve Battery","Beam Cell+1","Electrodynamics+1","Go for the Eyes","Beam Cell+1","Defragment+1","FTL","Buffer+1","Parasite","Gash","Madness","Madness","Stack+1"],"special_seed":0,"relics":["Cracked Core","Incense Burner","Pandora\u0027s Box","Frozen Egg 2","Membership Card","Centennial Puzzle","Red Mask","Gremlin Horn"],"potions_floor_usage":[33,33,55,55],"damage_taken":[{"damage":8.0,"enemies":"Small Slimes","floor":1.0,"turns":3.0},{"damage":0.0,"enemies":"2 Louse","floor":2.0,"turns":2.0},{"damage":0.0,"enemies":"Cultist","floor":4.0,"turns":3.0},{"damage":19.0,"enemies":"Exordium Wildlife","floor":5.0,"turns":5.0},{"damage":4.0,"enemies":"3 Sentries","floor":6.0,"turns":7.0},{"damage":0.0,"enemies":"Looter","floor":8.0,"turns":3.0},{"damage":6.0,"enemies":"2 Fungi Beasts","floor":11.0,"turns":3.0},{"damage":0.0,"enemies":"Exordium Wildlife","floor":14.0,"turns":2.0},{"damage":16.0,"enemies":"The Guardian","floor":16.0,"turns":14.0},{"damage":0.0,"enemies":"3 Byrds","floor":18.0,"turns":4.0},{"damage":0,"enemies":"Shell Parasite","floor":22,"turns":7},{"damage":5,"enemies":"Snecko","floor":24,"turns":6},{"damage":17,"enemies":"Sentry and Sphere","floor":25,"turns":6},{"damage":6,"enemies":"Centurion and Healer","floor":27,"turns":6},{"damage":13,"enemies":"Cultist and Chosen","floor":31,"turns":7},{"damage":7,"enemies":"Collector","floor":33,"turns":12},{"damage":3,"enemies":"Orb Walker","floor":35,"turns":3},{"damage":15,"enemies":"3 Darklings","floor":36,"turns":3},{"damage":13,"enemies":"Jaw Worm Horde","floor":39,"turns":3},{"damage":13,"enemies":"Sphere and 2 Shapes","floor":41,"turns":5},{"damage":8,"enemies":"Writhing Mass","floor":42,"turns":6},{"damage":0,"enemies":"Transient","floor":48,"turns":5},{"damage":30,"enemies":"Awakened One","floor":50,"turns":24},{"damage":48,"enemies":"Shield and Spear","floor":54,"turns":9},{"damage":46,"enemies":"The Heart","floor":55,"turns":2}],"seed_played":"8226988468394284302","potions_obtained":[{"floor":4.0,"key":"FocusPotion"},{"floor":5.0,"key":"SpeedPotion"},{"floor":6.0,"key":"Dexterity Potion"},{"floor":16.0,"key":"SpeedPotion"},{"floor":22,"key":"LiquidBronze"},{"floor":35,"key":"Ancient Potion"},{"floor":36,"key":"GamblersBrew"},{"floor":48,"key":"FocusPotion"},{"floor":54,"key":"Weak Potion"}],"is_trial":false,"path_per_floor":["M","M","$","M","M","E","R","M","T","R","M","R","?","M","R","B",null,"M","?","?","$","M","R","M","M","T","M","$","?","?","M","R","B",null,"M","M","?","$","M","R","M","M","T","?","?","?","R","M","R","B",null,"R","$","E","B"],"character_chosen":"DEFECT","items_purchased":["Coolheaded","Blizzard","Membership Card","Double Energy","Mind Blast","Conserve Battery","Defragment+1","FTL","PowerPotion"],"campfire_rested":3,"item_purchase_floors":[3,3,28,28,28,28,38,38,38],"current_hp_per_floor":[67,67,67,67,48,44,44,44,44,44,38,38,43,43,43,27,80,80,80,80,80,80,80,75,58,58,52,52,37,37,24,49,42,85,82,67,67,67,54,54,41,33,33,33,22,22,47,47,72,42,85,85,85,37,0],"gold":46,"neow_bonus":"UPGRADE_CARD","is_prod":false,"is_daily":false,"chose_seed":false,"campfire_upgraded":6,"win_rate":0,"timestamp":1552252482,"path_taken":["M","M","$","M","M","E","R","M","T","R","M","R","?","M","R","BOSS","M","?","?","$","M","R","M","M","T","M","$","?","?","M","R","BOSS","M","M","?","$","M","R","?","M","T","?","?","?","R","M","R","BOSS","R","$","E","BOSS"],"build_version":"2019-01-23","purchased_purges":1,"victory":false,"max_hp_per_floor":[75,75,75,75,75,75,75,75,75,75,75,75,80,80,80,80,80,80,80,80,80,80,80,80,80,80,80,80,85,85,85,85,85,85,85,85,85,85,85,85,85,85,85,85,85,85,85,85,85,85,85,85,85,85,85],"card_choices":[{"not_picked":["Hologram","Beam Cell"],"picked":"Conserve Battery","floor":1.0},{"not_picked":["Sweeping Beam","Undo"],"picked":"Conserve Battery","floor":2.0},{"not_picked":["Skim","Double Energy"],"picked":"Doom and Gloom","floor":4.0},{"not_picked":["Beam Cell","Stack"],"picked":"Coolheaded","floor":5.0},{"not_picked":["Sweeping Beam","Turbo"],"picked":"Go for the Eyes","floor":6.0},{"not_picked":["Fusion","Coolheaded"],"picked":"Biased Cognition","floor":8.0},{"not_picked":["Recycle","Rebound"],"picked":"Leap","floor":11.0},{"not_picked":["Leap","Turbo"],"picked":"Cold Snap","floor":14.0},{"not_picked":["Amplify","Multi-Cast"],"picked":"Core Surge","floor":16.0},{"not_picked":["Streamline","Turbo"],"picked":"Go for the Eyes+1","floor":18.0},{"not_picked":["Melter","Go for the Eyes"],"picked":"Beam Cell+1","floor":22},{"not_picked":["Cold Snap","Tempest"],"picked":"Coolheaded+1","floor":24},{"not_picked":["Leap+1","Chaos+1"],"picked":"Go for the Eyes+1","floor":25},{"not_picked":["Conserve Battery","Compile Driver"],"picked":"Aggregate","floor":27},{"not_picked":["Fusion","Steam Power"],"picked":"Beam Cell+1","floor":31},{"not_picked":["Amplify","Machine Learning+1"],"picked":"Electrodynamics+1","floor":33},{"not_picked":["Darkness","Steam Power+1"],"picked":"Go for the Eyes","floor":35},{"not_picked":["Reinforced Body","Streamline"],"picked":"Beam Cell+1","floor":36},{"not_picked":["Rebound+1","Compile Driver","Steam"],"picked":"SKIP","floor":39},{"not_picked":["Hologram","Stack"],"picked":"Buffer+1","floor":41},{"not_picked":["Genetic Algorithm","Turbo+1"],"picked":"Gash","floor":42},{"not_picked":["Streamline+1","Leap+1"],"picked":"Stack+1","floor":48},{"not_picked":["Ball Lightning+1","Reprogram","FTL+1"],"picked":"SKIP","floor":54},{"not_picked":["Ball Lightning+1","Reprogram","FTL+1"],"picked":"SKIP","floor":54}],"player_experience":1189715,"relics_obtained":[{"floor":6.0,"key":"Incense Burner"},{"floor":26,"key":"Frozen Egg 2"},{"floor":43,"key":"Centennial Puzzle"},{"floor":54,"key":"Gremlin Horn"}],"event_choices":[{"damage_healed":0.0,"max_hp_gain":5.0,"max_hp_loss":0.0,"gold_gain":0.0,"event_name":"Big Fish","player_choice":"Donut","floor":13.0,"gold_loss":0.0,"damage_taken":0.0},{"damage_healed":0.0,"max_hp_gain":0.0,"max_hp_loss":0.0,"gold_gain":0.0,"event_name":"Ghosts","player_choice":"Ignored","floor":19.0,"gold_loss":0.0,"damage_taken":0.0},{"cards_removed":["Scrape"],"damage_healed":0.0,"max_hp_gain":0.0,"max_hp_loss":0.0,"gold_gain":0.0,"event_name":"Back to Basics","player_choice":"Elegance","floor":20.0,"gold_loss":0.0,"damage_taken":0.0},{"damage_healed":0,"gold_gain":0,"player_choice":"Shed Blood","damage_taken":20,"max_hp_gain":5,"max_hp_loss":0,"event_name":"Forgotten Altar","floor":29,"gold_loss":0},{"damage_healed":0,"gold_gain":0,"player_choice":"Ignored","damage_taken":0,"max_hp_gain":0,"max_hp_loss":0,"event_name":"NoteForYourself","floor":37,"gold_loss":0},{"damage_healed":0,"gold_gain":0,"player_choice":"Paid","damage_taken":0,"relics_obtained":["Red Mask"],"max_hp_gain":0,"max_hp_loss":0,"event_name":"Tomb of Lord Red Mask","floor":44,"gold_loss":78},{"damage_healed":0,"gold_gain":0,"player_choice":"Embrace Madness","damage_taken":11,"max_hp_gain":0,"max_hp_loss":0,"event_name":"Winding Halls","floor":45,"gold_loss":0,"cards_obtained":["Madness","Madness"]},{"damage_healed":0,"gold_gain":0,"player_choice":"Ignored","damage_taken":0,"max_hp_gain":0,"max_hp_loss":0,"event_name":"The Moai Head","floor":46,"gold_loss":0}],"is_beta":false,"boss_relics":[{"not_picked":["Calling Bell","Velvet Choker"],"picked":"Pandora\u0027s Box"},{"not_picked":["Coffee Dripper","Snecko Eye","Black Star"]}],"items_purged_floors":[28],"is_endless":false,"potions_floor_spawned":[4,5,6,16,22,27,35,36,42,48,54],"killed_by":"The Heart","ascension_level":0}