{"path_per_floor":["M","?","?","?","M","R","E","?","T","R","$","R","E","M","R","B",null,"M","?","M","$"],"character_chosen":"THE_SILENT","items_purchased":["Apotheosis","Footwork","Dagger Spray","Jack Of All Trades"],"gold_per_floor":[119,119,194,194,214,214,255,255,255,255,4,4,40,59,59,188,188,203,203,221,21],"floor_reached":22,"campfire_rested":1,"playtime":1140,"current_hp_per_floor":[56,56,45,45,40,40,18,39,39,65,65,65,40,42,42,17,53,41,41,48,48],"items_purged":["Parasite"],"gold":21,"score":304,"play_id":"0af987a6-3b1a-40fc-9460-b1cf2e4fb4ec","local_time":"20180307084845","is_prod":false,"is_daily":false,"is_ascension_mode":true,"campfire_upgraded":3,"timestamp":1520423325,"path_taken":["M","?","?","?","?","R","E","?","T","R","$","R","E","M","R","BOSS","M","?","M","$","?"],"build_version":"2018-03-01-PROD1","purchased_purges":1,"victory":false,"master_deck":["Defend_G","Defend_G","Defend_G","Defend_G","Defend_G","Strike_G","Strike_G","Strike_G","Strike_G","Strike_G","Survivor","Neutralize+1","Footwork+1","Outmaneuver","Blade Dance","Apotheosis+1","Footwork","PiercingWail","Envenom","Cloak And Dagger","Dagger Spray","Jack Of All Trades"],"max_hp_per_floor":[70,70,70,65,65,65,65,65,65,65,65,65,65,65,65,65,65,65,65,65,62],"relics":["Ring of the Snake","Dead Branch","Bloody Idol","Bottled Flame","Regal Pillow","Blood Vial","Sozu"],"card_choices":[{"not_picked":["Eviscerate","Dodge and Roll"],"picked":"Footwork"},{"not_picked":["Crippling Poison","Slice"],"picked":"Outmaneuver"},{"not_picked":["Deflect","Eviscerate"],"picked":"Blade Dance"},{"not_picked":["Predator","Backflip"],"picked":"PiercingWail"},{"not_picked":["Night Terror","Phantasmal Killer"],"picked":"Envenom"},{"not_picked":["PiercingWail","Bane"],"picked":"Cloak And Dagger"}],"player_experience":520846,"potions_floor_usage":[5,16,18],"damage_taken":[{"damage":7,"enemies":"Jaw Worm","floor":1,"turns":7},{"damage":5,"enemies":"Small Slimes","floor":5,"turns":5},{"damage":22,"enemies":"3 Sentries","floor":7,"turns":12},{"damage":25,"enemies":"Lagavulin","floor":13,"turns":9},{"damage":0,"enemies":"2 Louse","floor":14,"turns":1},{"damage":27,"enemies":"The Guardian","floor":16,"turns":13},{"damage":14,"enemies":"3 Byrds","floor":18,"turns":7},{"damage":0,"enemies":"Spheric Guardian","floor":20,"turns":3},{"damage":55,"enemies":"Cultist and Chosen","floor":22,"turns":4}],"event_choices":[{"event_name":"Living Wall","player_choice":"Forget","floor":2,"damage_taken":0},{"event_name":"World of Goop","player_choice":"Gather Gold","floor":3,"damage_taken":0},{"event_name":"Golden Idol","player_choice":"Lose Max HP","floor":4,"damage_taken":0},{"event_name":"Big Fish","player_choice":"Banana","floor":8,"damage_taken":0},{"event_name":"Forgotten Altar","player_choice":"Gave Idol","floor":19,"damage_taken":0}],"boss_relics":[{"not_picked":["Black Star","Orrery"],"picked":"Sozu"}],"potions_floor_spawned":[1,5,13],"seed_played":"8169656614050339910","killed_by":"Cultist and Chosen","ascension_level":12,"is_trial":false}