{"gold_per_floor":[113,127,29,204,204,204,229,247,247,266,282,302,302,312,312,312],"floor_reached":16,"playtime":625,"items_purged":["Strike_R"],"score":125,"play_id":"ca514f61-af80-4dac-bbc6-a567ccb48cd0","local_time":"20190228001124","is_ascension_mode":true,"campfire_choices":[{"data":"Bash","floor":6.0,"key":"SMITH"},{"floor":13.0,"key":"REST"},{"floor":15.0,"key":"REST"}],"neow_cost":"PERCENT_DAMAGE","seed_source_timestamp":83507574967125,"circlet_count":0,"master_deck":["Strike_R","Strike_R","Strike_R","Strike_R","Defend_R","Defend_R","Defend_R","Defend_R","Bash+1","Limit Break","Shrug It Off","Pommel Strike","Heavy Blade","Doubt","Pummel","Feed","Iron Wave","Inflame","Thunderclap"],"special_seed":0,"relics":["Burning Blood","Bird Faced Urn","Letter Opener"],"potions_floor_usage":[16],"damage_taken":[{"damage":11.0,"enemies":"Cultist","floor":1.0,"turns":4.0},{"damage":6.0,"enemies":"2 Louse","floor":2.0,"turns":3.0},{"damage":77.0,"enemies":"Lagavulin","floor":7.0,"turns":11.0},{"damage":2.0,"enemies":"Jaw Worm","floor":8.0,"turns":5.0},{"damage":8.0,"enemies":"Exordium Wildlife","floor":10.0,"turns":6.0},{"damage":8.0,"enemies":"Blue Slaver","floor":11.0,"turns":5.0},{"damage":15.0,"enemies":"2 Fungi Beasts","floor":12.0,"turns":5.0},{"damage":33.0,"enemies":"Exordium Thugs","floor":14.0,"turns":6.0},{"damage":57,"enemies":"Hexaghost","floor":16,"turns":10}],"seed_played":"-783623223836801341","potions_obtained":[{"floor":8.0,"key":"FairyPotion"},{"floor":11.0,"key":"Regen Potion"},{"floor":14.0,"key":"LiquidBronze"}],"is_trial":false,"path_per_floor":["M","M","$","?","?","R","E","M","T","M","M","M","R","M","R","B"],"character_chosen":"IRONCLAD","items_purchased":["Heavy Blade"],"campfire_rested":2,"item_purchase_floors":[3],"current_hp_per_floor":[51,51,51,51,80,80,9,13,13,11,9,17,41,19,44,0],"gold":312,"neow_bonus":"THREE_RARE_CARDS","is_prod":false,"is_daily":false,"chose_seed":false,"campfire_upgraded":1,"win_rate":0,"timestamp":1551334284,"path_taken":["M","M","$","?","?","R","E","M","T","M","M","M","R","?","R","BOSS"],"build_version":"2019-01-23","purchased_purges":1,"victory":false,"max_hp_per_floor":[80,80,80,80,80,80,80,80,80,80,80,83,83,86,86,86],"card_choices":[{"not_picked":["Exhume","Double Tap"],"picked":"Limit Break","floor":0.0},{"not_picked":["Iron Wave","Sentinel"],"picked":"Shrug It Off","floor":1.0},{"not_picked":["Clash","Burning Pact"],"picked":"Pommel Strike","floor":2.0},{"not_picked":["Entrench","Heavy Blade","Rupture"],"picked":"SKIP","floor":7.0},{"not_picked":["Ghostly Armor","True Grit"],"picked":"Pummel","floor":8.0},{"not_picked":["Searing Blow","Pommel Strike"],"picked":"Feed","floor":10.0},{"not_picked":["Perfected Strike","Fire Breathing"],"picked":"Iron Wave","floor":11.0},{"not_picked":["Warcry","Shockwave"],"picked":"Inflame","floor":12.0},{"not_picked":["Pommel Strike","Carnage"],"picked":"Thunderclap","floor":14.0}],"player_experience":269198,"relics_obtained":[{"floor":7.0,"key":"Bird Faced Urn"},{"floor":9.0,"key":"Letter Opener"}],"event_choices":[{"damage_healed":0.0,"max_hp_gain":0.0,"max_hp_loss":0.0,"gold_gain":175.0,"event_name":"Liars Game","player_choice":"AGREE","floor":4.0,"gold_loss":0.0,"damage_taken":0.0,"cards_obtained":["Doubt"]},{"damage_healed":29.0,"max_hp_gain":0.0,"max_hp_loss":0.0,"gold_gain":0.0,"event_name":"Wheel of Change","player_choice":"Full Heal","floor":5.0,"gold_loss":0.0,"damage_taken":0.0}],"is_beta":false,"boss_relics":[],"items_purged_floors":[3],"is_endless":false,"potions_floor_spawned":[8,11,14],"killed_by":"Hexaghost","ascension_level":4}