{"path_per_floor":["M","M","?","T","M","R","M","E","T","M","M","E","?","M","R"],"character_chosen":"IRONCLAD","items_purchased":[],"gold_per_floor":[113,124,124,124,139,139,152,186,186,198,218,253,253,273,273],"floor_reached":16,"campfire_rested":0,"playtime":832,"current_hp_per_floor":[80,80,64,64,70,70,71,58,72,60,66,61,67,56,56],"items_purged":[],"gold":273,"score":139,"play_id":"1cb02686-e574-40bf-b892-fbc2f292c0e3","is_prod":false,"is_daily":false,"is_ascension_mode":false,"campfire_upgraded":2,"path_taken":["M","?","?","?","M","R","M","E","T","M","?","E","?","M","R","BOSS"],"build_version":"2018-02-15-PROD1","purchased_purges":0,"victory":false,"master_deck":["Strike_R+1","Strike_R","Strike_R","Strike_R","Defend_R","Defend_R+1","Defend_R+1","Defend_R+1","Bash+1","Sword Boomerang","Clash","Armaments+1","Flex","Shrug It Off","Dual Wield","Double Tap","Regret","Havoc"],"max_hp_per_floor":[80,80,80,80,80,80,80,80,94,94,94,94,100,100,100],"relics":["Burning Blood","War Paint","Darkstone Periapt","Mango","Juzu Bracelet","Blood Vial"],"card_choices":[{"not_picked":["Clothesline","Perfected Strike"],"picked":"Sword Boomerang"},{"not_picked":["Second Wind","Uppercut"],"picked":"Clash"},{"not_picked":["Second Wind","Headbutt"],"picked":"Armaments"},{"not_picked":["Thunderclap","Reckless Charge"],"picked":"Flex"},{"not_picked":["Thunderclap","Infernal Blade"],"picked":"Shrug It Off"},{"not_picked":["Rupture","Flex"],"picked":"Dual Wield"},{"not_picked":["Warcry","Corruption"],"picked":"Double Tap"},{"not_picked":["Rage","Shrug It Off"],"picked":"Havoc"}],"player_experience":105465,"potions_floor_usage":[12,16],"damage_taken":[{"damage":2,"enemies":"Cultist","floor":1,"turns":5},{"damage":2,"enemies":"2 Louse","floor":2,"turns":3},{"damage":0,"enemies":"Small Slimes","floor":5,"turns":3},{"damage":5,"enemies":"Red Slaver","floor":7,"turns":2},{"damage":19,"enemies":"Gremlin Nob","floor":8,"turns":4},{"damage":18,"enemies":"Exordium Wildlife","floor":10,"turns":4},{"damage":0,"enemies":"3 Louse","floor":11,"turns":4},{"damage":11,"enemies":"3 Sentries","floor":12,"turns":9},{"damage":19,"enemies":"Large Slime","floor":14,"turns":6},{"damage":76,"enemies":"The Guardian","floor":16,"turns":8}],"event_choices":[{"event_name":"Shining Light","player_choice":"Entered Light","floor":3,"damage_taken":0},{"event_name":"Big Fish","player_choice":"Box","floor":13,"damage_taken":0}],"boss_relics":[],"potions_floor_spawned":[8,10,11,14],"seed_played":"-8865852346972991490","killed_by":"The Guardian","ascension_level":0,"is_trial":false}