{"path_per_floor":["M","?","M","M","?","R","M","M","T","R","M","E","M","M","R","B",null,"M","$","?","M","$","R","M","M","T","R","M"],"character_chosen":"IRONCLAD","items_purchased":["Whirlwind"],"gold_per_floor":[116,116,127,143,143,143,160,176,176,176,188,223,237,248,248,343,343,355,207,207,225,125,125,145,159,159,159,175],"floor_reached":29,"campfire_rested":1,"playtime":1263,"current_hp_per_floor":[80,64,70,76,76,76,67,26,26,26,32,18,24,27,51,24,80,76,76,76,59,59,59,55,53,67,67,58],"items_purged":["Decay","Defend_R"],"gold":175,"score":231,"play_id":"6ba96efa-df60-46f5-b8b0-1558281c1500","is_prod":false,"is_daily":false,"is_ascension_mode":false,"campfire_upgraded":4,"path_taken":["M","?","?","M","?","R","M","?","T","R","M","E","M","M","R","BOSS","M","$","?","?","$","R","M","M","T","R","M","?"],"build_version":"2018-02-15-PROD1","purchased_purges":2,"victory":false,"master_deck":["Strike_R","Strike_R","Strike_R","Defend_R+1","Defend_R","Bash+1","Clash+1","Spot Weakness","Headbutt","Anger+1","Clash","Heavy Blade","Armaments+1","Inflame+1","Clash+1","Rupture+1","Cleave","Whirlwind","Shrug It Off","Double Tap+1","Dual Wield","Flex","Sword Boomerang+1","Rampage"],"max_hp_per_floor":[80,80,80,80,80,80,80,80,80,80,80,80,80,80,80,80,80,80,80,80,80,80,80,80,80,94,94,94],"relics":["Burning Blood","Prayer Wheel","Gambling Chip","Oddly Smooth Stone","Astrolabe","Mango"],"card_choices":[{"not_picked":["Disarm","Inflame"],"picked":"Clash"},{"not_picked":["Sentinel","Feel No Pain"],"picked":"Spot Weakness"},{"not_picked":["Corruption","Uppercut"],"picked":"Headbutt"},{"not_picked":["Wild Strike","Flame Barrier"],"picked":"Anger"},{"not_picked":["Body Slam","Dropkick"],"picked":"Clash"},{"not_picked":["Spot Weakness","Brutality"],"picked":"Heavy Blade"},{"not_picked":["Iron Wave","Flex"],"picked":"Armaments"},{"not_picked":["Perfected Strike","Shrug It Off"],"picked":"Cleave"},{"not_picked":["Pommel Strike","Headbutt"],"picked":"Double Tap"},{"not_picked":["Heavy Blade","Wild Strike"],"picked":"Dual Wield"},{"not_picked":["Wild Strike","Rupture"],"picked":"Flex"},{"not_picked":["Burning Pact","Iron Wave"],"picked":"Sword Boomerang"},{"not_picked":["Cleave","Pommel Strike"],"picked":"Rampage"}],"player_experience":116797,"potions_floor_usage":[8,16,29],"damage_taken":[{"damage":5,"enemies":"Jaw Worm","floor":1,"turns":5},{"damage":0,"enemies":"2 Louse","floor":3,"turns":3},{"damage":0,"enemies":"Cultist","floor":4,"turns":2},{"damage":15,"enemies":"Large Slime","floor":7,"turns":5},{"damage":47,"enemies":"Exordium Thugs","floor":8,"turns":4},{"damage":0,"enemies":"3 Louse","floor":11,"turns":2},{"damage":20,"enemies":"Lagavulin","floor":12,"turns":4},{"damage":0,"enemies":"Gremlin Gang","floor":13,"turns":3},{"damage":3,"enemies":"2 Fungi Beasts","floor":14,"turns":2},{"damage":33,"enemies":"The Guardian","floor":16,"turns":8},{"damage":10,"enemies":"2 Thieves","floor":18,"turns":3},{"damage":23,"enemies":"3 Byrds","floor":21,"turns":5},{"damage":10,"enemies":"Cultist and Chosen","floor":24,"turns":7},{"damage":8,"enemies":"Snake Plant","floor":25,"turns":3},{"damage":15,"enemies":"Snecko","floor":28,"turns":4},{"damage":60,"enemies":"Chosen and Byrds","floor":29,"turns":6}],"event_choices":[{"event_name":"Shining Light","player_choice":"Entered Light","floor":2,"damage_taken":0},{"event_name":"Wheel of Change","player_choice":"Curse","floor":5,"damage_taken":0},{"event_name":"The Library","player_choice":"Read","floor":20,"damage_taken":0}],"boss_relics":[{"not_picked":["Philosopher\u0027s Stone","Mark of Pain"],"picked":"Astrolabe"}],"potions_floor_spawned":[1,7,8,12,13,16,24,25],"seed_played":"3127975839578441251","killed_by":"Chosen and Byrds","ascension_level":0,"is_trial":false}