{"path_per_floor":["M","?","M","?","$","E","M","M","T","?","R","$","M","M","R","B",null,"M","?","?","$","M","R","M","E","T","T","$","M","?","M","R","B",null,"M","?","M","$","M","R","?","$","T","M","R","M","M","T","R"],"character_chosen":"THE_SILENT","items_purchased":["Accuracy","Caltrops","PiercingWail","Prepared"],"gold_per_floor":[116,116,127,127,52,85,100,111,111,111,111,72,85,104,104,202,202,213,213,213,85,95,95,110,140,166,166,17,28,28,41,41,142,142,160,160,173,48,66,66,66,66,66,76,76,86,97,173,173],"floor_reached":50,"campfire_rested":5,"playtime":4835,"current_hp_per_floor":[70,63,63,63,63,63,63,63,63,63,63,63,63,63,63,30,70,57,41,41,41,41,62,55,45,45,45,45,44,31,35,57,30,75,60,60,27,27,29,51,51,51,51,17,39,39,43,43,65],"items_purged":["Regret","Strike_G","Strike_G"],"gold":173,"score":508,"play_id":"a5043422-6298-4c35-bd08-70804c9cc4a0","is_prod":false,"is_daily":false,"is_ascension_mode":true,"campfire_upgraded":2,"path_taken":["M","?","M","?","?","E","?","M","T","?","R","?","M","M","R","BOSS","M","?","?","?","M","R","M","E","T","?","$","M","?","M","R","BOSS","M","?","M","$","M","R","?","?","T","M","R","M","M","?","R","BOSS"],"build_version":"2018-02-15-PROD1","purchased_purges":3,"victory":false,"master_deck":["Defend_G","Defend_G","Defend_G","Defend_G","Defend_G","Strike_G","Survivor","Neutralize+1","Backstab","Dagger Throw","Reflex","Backflip","Footwork+1","All Out Attack","Accuracy","Dodge and Roll","Backstab","Unload","Necronomicurse","Writhe","Caltrops","PiercingWail","Deflect","Flechettes+1","Prepared","Underhanded Strike+1","Cloak And Dagger+1","Slice+1","Backstab+1","Backflip+1"],"max_hp_per_floor":[70,70,70,70,70,70,70,70,70,70,70,70,70,70,70,70,70,70,70,70,70,70,70,70,70,70,70,70,70,75,75,75,75,75,75,75,75,75,75,75,75,75,75,75,75,75,75,75,75],"relics":["Ring of the Snake","NeowsBlessing","Blue Candle","Bag of Marbles","Du-Vu Doll","White Beast Statue","Necronomicon","Meat on the Bone","Thread and Needle","Art of War","Omamori","Lizard Tail","Dream Catcher","Mercury Hourglass"],"card_choices":[{"not_picked":["Dodge and Roll","Calculated Gamble"],"picked":"Backstab"},{"not_picked":["Flechettes","Predator"],"picked":"Dagger Throw"},{"not_picked":["Riddle With Holes","Dodge and Roll"],"picked":"Reflex"},{"not_picked":["Poisoned Stab","Outmaneuver"],"picked":"Backflip"},{"not_picked":["After Image","Bane"],"picked":"Footwork"},{"not_picked":["Dash","Flying Knee"],"picked":"Dodge and Roll"},{"not_picked":["Catalyst","Dagger Throw"],"picked":"Backstab"},{"not_picked":["Storm of Steel","After Image"],"picked":"Unload"},{"not_picked":["Acrobatics","Concentrate"],"picked":"Deflect"},{"not_picked":["Flying Knee","Die Die Die"],"picked":"Flechettes"},{"not_picked":["Riddle With Holes","Dodge and Roll"],"picked":"Underhanded Strike"},{"not_picked":["Quick Slash","Acrobatics"],"picked":"Cloak And Dagger"},{"not_picked":["Dodge and Roll","Poisoned Stab"],"picked":"Slice"},{"not_picked":["Poisoned Stab","Cloak And Dagger"],"picked":"Backstab"},{"not_picked":["Quick Slash","Expertise"],"picked":"Backflip"}],"player_experience":165342,"potions_floor_usage":[16,25,31,33,33,33,37,44,44,46,50,50],"damage_taken":[{"damage":0,"enemies":"2 Louse","floor":1,"turns":1},{"damage":0,"enemies":"Jaw Worm","floor":3,"turns":1},{"damage":0,"enemies":"Gremlin Nob","floor":6,"turns":1},{"damage":0,"enemies":"Small Slimes","floor":7,"turns":1},{"damage":0,"enemies":"Exordium Wildlife","floor":8,"turns":2},{"damage":0,"enemies":"Blue Slaver","floor":13,"turns":2},{"damage":0,"enemies":"Large Slime","floor":14,"turns":5},{"damage":33,"enemies":"The Guardian","floor":16,"turns":22},{"damage":13,"enemies":"Shell Parasite","floor":18,"turns":6},{"damage":0,"enemies":"2 Thieves","floor":22,"turns":4},{"damage":7,"enemies":"3 Cultists","floor":24,"turns":6},{"damage":22,"enemies":"Slavers","floor":25,"turns":6},{"damage":1,"enemies":"Snecko","floor":29,"turns":3},{"damage":8,"enemies":"Snake Plant","floor":31,"turns":3},{"damage":39,"enemies":"Collector","floor":33,"turns":17},{"damage":15,"enemies":"3 Shapes","floor":35,"turns":7},{"damage":45,"enemies":"3 Darklings","floor":37,"turns":14},{"damage":10,"enemies":"Sphere and 2 Shapes","floor":39,"turns":20},{"damage":46,"enemies":"Maw","floor":44,"turns":11},{"damage":0,"enemies":"3 Darklings","floor":46,"turns":6},{"damage":8,"enemies":"4 Shapes","floor":47,"turns":8},{"damage":123,"enemies":"Awakened One","floor":50,"turns":15}],"event_choices":[{"event_name":"Golden Wing","player_choice":"Card Removal","floor":2,"damage_taken":0},{"event_name":"Big Fish","player_choice":"Box","floor":4,"damage_taken":0},{"event_name":"Transmorgrifier","player_choice":"Transform","floor":10,"damage_taken":0},{"event_name":"Cursed Tome","player_choice":"Obtained Book","floor":19,"damage_taken":0},{"event_name":"The Mausoleum","player_choice":"Yes","floor":20,"damage_taken":0},{"event_name":"Forgotten Altar","player_choice":"Shed Blood","floor":30,"damage_taken":0},{"event_name":"Tomb of Lord Red Mask","player_choice":"Ignored","floor":36,"damage_taken":0},{"event_name":"The Woman in Blue","player_choice":"Bought 0 Potions","floor":41,"damage_taken":0}],"boss_relics":[{"not_picked":["Orrery","The Specimen"],"picked":"White Beast Statue"},{"not_picked":["Runic Pyramid","Tiny House"],"picked":"Lizard Tail"}],"potions_floor_spawned":[7,13,16,18,22,24,25,29,31,33,35,37,39,44,46,47],"seed_played":"4558575379502489995","killed_by":"Awakened One","ascension_level":2,"is_trial":false}