{"path_per_floor":["M","?","?","M","$","R","M","R","T","E","M","R","M","M","R","B",null,"M","T","M"],"character_chosen":"THE_SILENT","items_purchased":["Flash of Steel"],"gold_per_floor":[118,118,118,129,24,24,35,35,83,113,123,123,135,150,150,221,221,232,259,278,278],"floor_reached":21,"campfire_rested":2,"playtime":788,"current_hp_per_floor":[57,50,36,30,30,51,51,51,51,40,34,34,29,29,50,7,54,32,32,18,0],"items_purged":[],"gold":278,"score":299,"play_id":"5090e2fa-7259-4d5c-a867-d320a3d7b654","local_time":"20180402014147","is_prod":false,"is_daily":false,"is_ascension_mode":true,"campfire_upgraded":2,"timestamp":1522644107,"path_taken":["M","?","?","M","$","R","M","R","T","E","M","R","?","M","R","BOSS","M","?","M","?"],"build_version":"2018-03-29v2","purchased_purges":0,"victory":false,"master_deck":["Defend_G+1","Defend_G","Defend_G","Defend_G+1","Defend_G","Strike_G","Strike_G+1","Strike_G","Survivor+1","Neutralize","AscendersBane","Glass Knife+1","Flash of Steel","Envenom+1","Caltrops","Dagger Throw","Backflip+1"],"max_hp_per_floor":[70,70,70,70,70,70,70,70,70,70,70,70,70,70,70,70,70,70,70,70,70],"relics":["Ring of the Snake","Anchor","Smiling Mask","The Specimen","War Paint"],"card_choices":[{"not_picked":["Bane","Predator"],"picked":"Envenom","floor":7},{"not_picked":["PiercingWail","Bane"],"picked":"Caltrops","floor":10},{"not_picked":["Crippling Poison","Backflip"],"picked":"Dagger Throw","floor":14},{"not_picked":["Bane","Quick Slash"],"picked":"Backflip","floor":18}],"player_experience":664077,"potions_floor_usage":[10,14,14,16],"damage_taken":[{"damage":6,"enemies":"Small Slimes","floor":1,"turns":3},{"damage":6,"enemies":"2 Louse","floor":4,"turns":2},{"damage":0,"enemies":"Cultist","floor":7,"turns":3},{"damage":11,"enemies":"3 Sentries","floor":10,"turns":9},{"damage":6,"enemies":"Red Slaver","floor":11,"turns":3},{"damage":5,"enemies":"Lots of Slimes","floor":13,"turns":5},{"damage":0,"enemies":"Exordium Thugs","floor":14,"turns":4},{"damage":43,"enemies":"Hexaghost","floor":16,"turns":9},{"damage":22,"enemies":"Shell Parasite","floor":18,"turns":5},{"damage":14,"enemies":"3 Byrds","floor":20,"turns":5},{"damage":22,"enemies":"3 Cultists","floor":21,"turns":4}],"event_choices":[{"event_name":"Golden Wing","player_choice":"Card Removal","floor":2,"damage_taken":0},{"event_name":"Shining Light","player_choice":"Entered Light","floor":3,"damage_taken":0}],"boss_relics":[{"not_picked":["White Beast Statue","Calling Bell"],"picked":"The Specimen"}],"potions_floor_spawned":[4,7,10,11,13],"seed_played":"1224750576924719795","killed_by":"3 Cultists","ascension_level":13,"is_trial":false}