{"gold_per_floor":[118,118,137,62,162,162,192,211,258,258,273,273,302,314,314,388,388,405,405],"floor_reached":19,"playtime":690,"items_purged":["Strike_G"],"score":292,"play_id":"c98c7736-c228-40fc-8406-0099ff8cfef3","local_time":"20180629104830","is_ascension_mode":true,"campfire_choices":[{"data":"Envenom","floor":6,"key":"SMITH"},{"data":"Neutralize","floor":10,"key":"SMITH"},{"floor":12,"key":"REST"},{"floor":15,"key":"REST"}],"neow_cost":"TEN_PERCENT_HP_LOSS","seed_source_timestamp":3494610707971,"circlet_count":0,"master_deck":["Defend_G","Defend_G+1","Defend_G","Defend_G+1","Strike_G","Strike_G","Strike_G","Survivor","Neutralize+1","AscendersBane","Riddle With Holes","Envenom+1","Flying Knee","Noxious Fumes","Envenom","Cloak And Dagger"],"relics":["Ring of the Snake","War Paint","Bag of Preparation","Bronze Scales","Pen Nib","Fusion Hammer"],"potions_floor_usage":[11,16,16,19],"damage_taken":[{"damage":0,"enemies":"Small Slimes","floor":1,"turns":5},{"damage":4,"enemies":"Jaw Worm","floor":3,"turns":4},{"damage":20,"enemies":"Gremlin Nob","floor":7,"turns":4},{"damage":0,"enemies":"Cultist","floor":8,"turns":3},{"damage":1,"enemies":"Exordium Wildlife","floor":11,"turns":4},{"damage":15,"enemies":"Lagavulin","floor":13,"turns":6},{"damage":0,"enemies":"Red Slaver","floor":14,"turns":3},{"damage":35,"enemies":"The Guardian","floor":16,"turns":9},{"damage":19,"enemies":"Spheric Guardian","floor":18,"turns":4},{"damage":42,"floor":19,"turns":3}],"seed_played":"2824041452092254046","potions_obtained":[{"floor":1,"key":"Block Potion"},{"floor":7,"key":"Poison Potion"},{"floor":13,"key":"SteroidPotion"},{"floor":14,"key":"Fruit Juice"},{"floor":18,"key":"FearPotion"}],"is_trial":false,"path_per_floor":["M","?","M","$","?","R","E","M","T","R","M","R","E","M","R","B",null,"M"],"character_chosen":"THE_SILENT","items_purchased":[],"campfire_rested":2,"item_purchase_floors":[],"current_hp_per_floor":[63,60,56,56,56,56,36,36,36,36,35,53,38,38,56,26,58,39,0],"gold":405,"neow_bonus":"REMOVE_TWO","is_prod":false,"is_daily":false,"chose_seed":false,"campfire_upgraded":2,"win_rate":0,"timestamp":1530280110,"path_taken":["M","?","M","$","?","R","E","?","T","R","?","R","E","M","R","BOSS","M","?"],"build_version":"2018-06-28","purchased_purges":1,"victory":false,"max_hp_per_floor":[63,63,63,63,63,63,63,63,63,63,63,63,63,63,63,68,68,68,68],"card_choices":[{"not_picked":["Infinite Blades","Slice"],"picked":"Riddle With Holes","floor":1},{"not_picked":["Underhanded Strike","Quick Slash"],"picked":"Envenom","floor":3},{"not_picked":["Eviscerate","Leg Sweep","All Out Attack"],"picked":"SKIP","floor":7},{"not_picked":["Poisoned Stab","Acrobatics"],"picked":"Flying Knee","floor":8},{"not_picked":["Acrobatics","Deadly Poison"],"picked":"Noxious Fumes","floor":11},{"not_picked":["Setup","Dagger Throw","Flechettes"],"picked":"SKIP","floor":13},{"not_picked":["Dodge and Roll","Acrobatics","Bane"],"picked":"SKIP","floor":14},{"not_picked":["Venomology","Wraith Form v2"],"picked":"Envenom","floor":16},{"not_picked":["Slice","Outmaneuver"],"picked":"Cloak And Dagger","floor":18}],"player_experience":809716,"relics_obtained":[{"floor":7,"key":"Bag of Preparation"},{"floor":9,"key":"Bronze Scales"},{"floor":13,"key":"Pen Nib"}],"event_choices":[{"event_name":"Scrap Ooze","player_choice":"success","floor":2,"damage_taken":3},{"event_name":"Golden Shrine","player_choice":"Pray","floor":5,"damage_taken":0},{"event_name":"Masked Bandits","player_choice":"Fought over 405 gold","floor":19,"damage_taken":0}],"boss_relics":[{"not_picked":["Empty Cage","Astrolabe"],"picked":"Fusion Hammer"}],"items_purged_floors":[4],"is_endless":false,"potions_floor_spawned":[1,7,13,14,18],"ascension_level":13}