{"gold_per_floor":[119,7,7,31,31,66,141,184,208,233,133,133,177,190,190,309,309,327,368,368],"floor_reached":20,"playtime":1565,"items_purged":["Strike_G","Injury"],"score":305,"play_id":"64e019ec-9fc3-4ed3-8874-a0db580b1d1f","local_time":"20190128221704","is_ascension_mode":true,"campfire_choices":[{"floor":12,"key":"REST"},{"floor":15,"key":"REST"}],"neow_cost":"NONE","seed_source_timestamp":637375886969929,"circlet_count":0,"master_deck":["Defend_G","Defend_G","Defend_G","Defend_G","Defend_G","Strike_G+1","Strike_G+1","Strike_G","Strike_G","Survivor","Neutralize","All Out Attack","Noxious Fumes","Leg Sweep","Distraction","Dash","Backflip","Deadly Poison","Venomology","Corpse Explosion","Cloak And Dagger+1","Setup"],"relics":["Ring of the Snake","NeowsBlessing","Golden Idol","Pen Nib","Omamori","Potion Belt","Whetstone","Eternal Feather","Red Mask"],"potions_floor_usage":[1,16,16,16,16,19,19,20,20],"damage_taken":[{"damage":0,"enemies":"2 Louse","floor":1,"turns":1},{"damage":0,"enemies":"Small Slimes","floor":4,"turns":1},{"damage":0,"enemies":"3 Sentries","floor":6,"turns":2},{"damage":44,"enemies":"Gremlin Nob","floor":8,"turns":6},{"damage":3,"enemies":"Jaw Worm","floor":10,"turns":6},{"damage":20,"enemies":"3 Sentries","floor":13,"turns":4},{"damage":1,"enemies":"Blue Slaver","floor":14,"turns":4},{"damage":0,"enemies":"Hexaghost","floor":16,"turns":7},{"damage":19,"enemies":"Shell Parasite","floor":18,"turns":6},{"damage":32,"enemies":"Masked Bandits","floor":19,"turns":3},{"damage":13,"enemies":"Colosseum Slavers","floor":20,"turns":4},{"damage":18,"enemies":"Colosseum Nobs","floor":20,"turns":2}],"seed_played":"1243270053484348149","potions_obtained":[{"floor":1,"key":"Fruit Juice"},{"floor":4,"key":"EssenceOfSteel"},{"floor":8,"key":"SkillPotion"},{"floor":10,"key":"SpeedPotion"},{"floor":14,"key":"LiquidBronze"},{"floor":16,"key":"FearPotion"},{"floor":18,"key":"Block Potion"},{"floor":19,"key":"FearPotion"}],"is_trial":false,"path_per_floor":["M","$","?","M","?","E","?","E","T","M","$","R","E","M","R","B",null,"M","?","?"],"character_chosen":"THE_SILENT","items_purchased":["Noxious Fumes"],"campfire_rested":2,"item_purchase_floors":[2],"current_hp_per_floor":[75,75,75,75,75,75,64,20,20,17,17,39,19,18,40,40,75,56,24,0],"gold":368,"neow_bonus":"THREE_ENEMY_KILL","is_prod":false,"is_daily":false,"chose_seed":false,"campfire_upgraded":0,"win_rate":0,"timestamp":1548742624,"path_taken":["M","$","?","M","?","E","?","E","T","M","?","R","E","M","R","BOSS","M","?","?"],"build_version":"2019-01-23","purchased_purges":2,"victory":false,"max_hp_per_floor":[75,75,75,75,75,75,75,75,75,75,75,75,75,75,75,75,75,75,75,75],"card_choices":[{"not_picked":["Outmaneuver","Distraction"],"picked":"All Out Attack","floor":1},{"not_picked":["Blade Dance","Sucker Punch"],"picked":"Leg Sweep","floor":4},{"not_picked":["Malaise","Sucker Punch"],"picked":"Distraction","floor":6},{"not_picked":["Tactician","Sucker Punch"],"picked":"Dash","floor":8},{"not_picked":["Reflex","Well Laid Plans"],"picked":"Backflip","floor":10},{"not_picked":["Acrobatics","Expertise"],"picked":"Deadly Poison","floor":13},{"not_picked":["Sucker Punch","Underhanded Strike"],"picked":"Venomology","floor":14},{"not_picked":["Unload","Bullet Time"],"picked":"Corpse Explosion","floor":16},{"not_picked":["Dodge and Roll","Prepared+1"],"picked":"Cloak And Dagger+1","floor":18},{"not_picked":["Outmaneuver","Well Laid Plans"],"picked":"Setup","floor":19}],"player_experience":191990,"relics_obtained":[{"floor":6,"key":"Pen Nib"},{"floor":8,"key":"Omamori"},{"floor":9,"key":"Potion Belt"},{"floor":13,"key":"Whetstone"},{"floor":19,"key":"Red Mask"}],"event_choices":[{"damage_healed":0,"gold_gain":0,"player_choice":"Take Wound","damage_taken":0,"relics_obtained":["Golden Idol"],"max_hp_gain":0,"max_hp_loss":0,"event_name":"Golden Idol","floor":3,"gold_loss":0,"cards_obtained":["Injury"]},{"damage_healed":0,"gold_gain":0,"player_choice":"Leave","damage_taken":0,"max_hp_gain":0,"max_hp_loss":0,"event_name":"The Cleric","floor":5,"gold_loss":0},{"damage_healed":0,"gold_gain":75,"player_choice":"Gather Gold","damage_taken":11,"max_hp_gain":0,"max_hp_loss":0,"event_name":"World of Goop","floor":7,"gold_loss":0},{"damage_healed":0,"gold_gain":0,"player_choice":"Fought Bandits","damage_taken":0,"max_hp_gain":0,"max_hp_loss":0,"event_name":"Masked Bandits","floor":19,"gold_loss":0},{"damage_healed":0,"gold_gain":0,"player_choice":"Fight","damage_taken":0,"max_hp_gain":0,"max_hp_loss":0,"event_name":"Colosseum","floor":20,"gold_loss":0},{"damage_healed":0,"gold_gain":0,"player_choice":"Fought Nobs","damage_taken":0,"max_hp_gain":0,"max_hp_loss":0,"event_name":"Colosseum","floor":20,"gold_loss":0}],"is_beta":false,"boss_relics":[{"not_picked":["Ring of the Serpent","White Beast Statue"],"picked":"Eternal Feather"}],"items_purged_floors":[2,11],"is_endless":false,"potions_floor_spawned":[1,4,8,10,14,16,18,19],"killed_by":"Colosseum Nobs","ascension_level":3}