{"path_per_floor":["M","?","?","?","M","M","M","M","T","T","M","R","M","$","R","B",null,"M","?","M","?","$","R","M"],"character_chosen":"THE_SILENT","items_purchased":["Apotheosis","Kunai","Accuracy"],"gold_per_floor":[114,114,114,114,132,143,156,171,171,171,181,181,201,3,3,106,106,124,324,335,335,16,16,26],"floor_reached":25,"campfire_rested":0,"playtime":1266,"current_hp_per_floor":[68,65,51,51,51,49,49,48,48,48,43,43,38,38,38,26,70,66,66,44,44,44,44,13],"items_purged":[],"gold":26,"score":215,"play_id":"b5ef7893-d3a8-42e5-a3dd-01caa7344a6b","is_prod":false,"is_daily":false,"is_ascension_mode":true,"campfire_upgraded":1,"path_taken":["M","?","?","?","M","M","M","M","T","?","?","R","M","$","R","BOSS","M","?","M","?","?","R","?","M"],"build_version":"2018-02-15-PROD1","purchased_purges":0,"victory":false,"master_deck":["Defend_G+1","Defend_G","Defend_G","Defend_G","Defend_G","Strike_G","Strike_G","Strike_G+1","Survivor","Neutralize+1","Cloak And Dagger","Accuracy+1","Cloak And Dagger","Blade Dance","Dagger Spray","Blade Dance","Finisher","Apotheosis","Burst","Accuracy+1","Backflip+1"],"max_hp_per_floor":[70,70,70,70,70,70,70,70,70,70,70,70,70,70,70,70,70,70,70,70,70,70,70,70],"relics":["Question Card","Frozen Egg 2","Ancient Tea Set","Shovel","Peace Pipe","Runic Pyramid","Kunai","Ice Cream"],"card_choices":[{"not_picked":["Tactician","Acrobatics","Blur"],"picked":"Cloak And Dagger"},{"not_picked":["Flying Knee","Setup","Deflect"],"picked":"Accuracy"},{"not_picked":["Bouncing Flask","Concentrate","Acrobatics"],"picked":"Cloak And Dagger"},{"not_picked":["Heel Hook","PiercingWail","Riddle With Holes"],"picked":"Blade Dance"},{"not_picked":["Poisoned Stab","Venomology","Eviscerate"],"picked":"Dagger Spray"},{"not_picked":["Heel Hook","Deadly Poison","Sucker Punch"],"picked":"Blade Dance"},{"not_picked":["Predator","Dodge and Roll","Outmaneuver"],"picked":"Finisher"},{"not_picked":["Storm of Steel","Bullet Time","Die Die Die"],"picked":"Burst"},{"not_picked":["Quick Slash","Outmaneuver","Dodge and Roll"],"picked":"Backflip"}],"player_experience":185175,"potions_floor_usage":[13,16,24,24,25],"damage_taken":[{"damage":2,"enemies":"2 Louse","floor":1,"turns":3},{"damage":0,"enemies":"Small Slimes","floor":5,"turns":4},{"damage":2,"enemies":"Jaw Worm","floor":6,"turns":5},{"damage":0,"enemies":"2 Fungi Beasts","floor":7,"turns":5},{"damage":1,"enemies":"Exordium Thugs","floor":8,"turns":4},{"damage":5,"enemies":"Looter","floor":11,"turns":3},{"damage":5,"enemies":"Gremlin Gang","floor":13,"turns":3},{"damage":18,"enemies":"Slime Boss","floor":16,"turns":5},{"damage":4,"enemies":"3 Byrds","floor":18,"turns":6},{"damage":22,"enemies":"Shell Parasite","floor":20,"turns":6},{"damage":43,"enemies":"Snake Plant","floor":24,"turns":7},{"damage":14,"enemies":"Centurion and Healer","floor":25,"turns":4}],"event_choices":[{"event_name":"Scrap Ooze","player_choice":"success","floor":2,"damage_taken":3},{"event_name":"Shining Light","player_choice":"Entered Light","floor":3,"damage_taken":0},{"event_name":"Bonfire Elementals","player_choice":"BASIC","floor":4,"damage_taken":0},{"event_name":"Wheel of Change","player_choice":"Gold","floor":19,"damage_taken":0},{"event_name":"Back to Basics","player_choice":"Elegance","floor":21,"damage_taken":0}],"boss_relics":[{"not_picked":["Cursed Key","The Specimen"],"picked":"Runic Pyramid"}],"potions_floor_spawned":[1,7,13,16,18],"seed_played":"5252040393824595060","killed_by":"Centurion and Healer","ascension_level":2,"is_trial":false}