{"gold_per_floor":[110,110,123,73,73,108,108,37,116,41,64,99,23,23,23,151,151,167,188,138,156,156],"floor_reached":22,"playtime":567,"items_purged":["Strike_B"],"score":271,"play_id":"f6dab6c6-d7b3-486c-9fb3-dd3aaec1caf7","local_time":"20190113185003","is_ascension_mode":true,"campfire_choices":[{"data":"Zap","floor":7.0,"key":"SMITH"},{"floor":15.0,"key":"REST"}],"neow_cost":"NONE","seed_source_timestamp":0,"circlet_count":0,"master_deck":["Strike_B","Strike_B+1","Strike_B","Defend_B","Defend_B","Zap+1","Dualcast","Ball Lightning","Glacier","Ball Lightning+1","Defragment","Static Discharge","Blizzard","Defragment","Sweeping Beam+1","Force Field"],"special_seed":0,"relics":["Cracked Core","NeowsBlessing","Golden Idol","Calipers","Whetstone","Philosopher\u0027s Stone"],"potions_floor_usage":[22,22],"damage_taken":[{"damage":0.0,"enemies":"Small Slimes","floor":1.0,"turns":1.0},{"damage":0.0,"enemies":"Jaw Worm","floor":3.0,"turns":1.0},{"damage":0.0,"enemies":"Lagavulin","floor":6.0,"turns":1.0},{"damage":0.0,"enemies":"Cultist","floor":11.0,"turns":2.0},{"damage":18.0,"enemies":"Gremlin Nob","floor":12.0,"turns":4.0},{"damage":35.0,"enemies":"Hexaghost","floor":16.0,"turns":8.0},{"damage":26.0,"enemies":"2 Thieves","floor":18.0,"turns":3.0},{"damage":11.0,"enemies":"Shell Parasite","floor":19.0,"turns":4.0},{"damage":15.0,"enemies":"Centurion and Healer","floor":21.0,"turns":6.0},{"damage":12,"enemies":"Shelled Parasite and Fungi","floor":22,"turns":2}],"seed_played":"2672391608155238938","potions_obtained":[{"floor":3.0,"key":"SpeedPotion"},{"floor":12.0,"key":"SneckoOil"},{"floor":16.0,"key":"Dexterity Potion"},{"floor":19.0,"key":"Energy Potion"},{"floor":21.0,"key":"Explosive Potion"}],"is_trial":false,"path_per_floor":["M","?","M","?","?","E","R","$","T","$","M","E","$","?","R","B",null,"M","M","?","M","M"],"character_chosen":"DEFECT","items_purchased":["Defragment","Blizzard"],"campfire_rested":1,"item_purchase_floors":[8,13],"current_hp_per_floor":[75,75,75,75,57,57,57,57,57,57,57,39,39,39,61,26,63,37,26,26,11,0],"gold":156,"neow_bonus":"THREE_ENEMY_KILL","is_prod":false,"is_daily":false,"chose_seed":false,"campfire_upgraded":1,"win_rate":0,"timestamp":1547412603,"path_taken":["M","?","M","?","?","E","R","$","T","?","?","E","$","?","R","BOSS","M","M","?","?","?"],"build_version":"2019-01-10","purchased_purges":1,"victory":false,"max_hp_per_floor":[75,75,75,75,75,75,75,75,75,75,75,75,75,75,75,75,75,75,75,75,75,75],"card_choices":[{"not_picked":["Loop","Hologram"],"picked":"Ball Lightning","floor":1.0},{"not_picked":["Turbo","Barrage"],"picked":"Glacier","floor":3.0},{"not_picked":["Steam","Sunder"],"picked":"Ball Lightning","floor":6.0},{"not_picked":["Chaos","Stack"],"picked":"Static Discharge","floor":11.0},{"not_picked":["Streamline","Gash","Steam"],"picked":"SKIP","floor":12.0},{"not_picked":["Ball Lightning","Leap"],"picked":"Defragment","floor":18.0},{"not_picked":["Darkness","Aggregate"],"picked":"Sweeping Beam+1","floor":19.0},{"not_picked":["Scrape","Doom and Gloom"],"picked":"Force Field","floor":21.0}],"player_experience":895742,"relics_obtained":[{"floor":6.0,"key":"Calipers"},{"floor":12.0,"key":"Whetstone"}],"event_choices":[{"damage_healed":0.0,"max_hp_gain":0.0,"max_hp_loss":0.0,"gold_gain":0.0,"event_name":"Liars Game","player_choice":"Ignored","floor":2.0,"gold_loss":0.0,"damage_taken":0.0},{"cards_removed":["Defend_B"],"damage_healed":0.0,"max_hp_gain":0.0,"max_hp_loss":0.0,"gold_gain":0.0,"event_name":"The Cleric","player_choice":"Card Removal","floor":4.0,"gold_loss":50.0,"damage_taken":0.0},{"damage_healed":0.0,"max_hp_gain":0.0,"max_hp_loss":0.0,"gold_gain":0.0,"event_name":"Golden Idol","player_choice":"Take Damage","floor":5.0,"gold_loss":0.0,"damage_taken":18.0,"relics_obtained":["Golden Idol"]},{"cards_removed":["Defend_B"],"damage_healed":0.0,"max_hp_gain":0.0,"max_hp_loss":0.0,"gold_gain":0.0,"event_name":"Purifier","player_choice":"Purged","floor":14.0,"gold_loss":0.0,"damage_taken":0.0},{"damage_healed":0.0,"max_hp_gain":0.0,"max_hp_loss":0.0,"gold_gain":0.0,"event_name":"The Joust","player_choice":"Bet on Murderer","floor":20.0,"gold_loss":50.0,"damage_taken":0.0}],"is_beta":true,"boss_relics":[{"not_picked":["Astrolabe","Lizard Tail"],"picked":"Philosopher\u0027s Stone"}],"items_purged_floors":[10],"is_endless":false,"potions_floor_spawned":[3,12,16,19,21],"killed_by":"Shelled Parasite and Fungi","ascension_level":5}