{"gold_per_floor":[118,118,131,46,46,46,46,46,71,71,36,59,92,17,17,17],"floor_reached":16,"playtime":370,"items_purged":["Strike_G"],"score":192,"play_id":"fb673cca-2010-480d-a2d6-22b03dc5e48e","local_time":"20190313235936","is_ascension_mode":true,"campfire_choices":[{"data":"Noxious Fumes","floor":6,"key":"SMITH"},{"floor":10,"key":"REST"},{"floor":15,"key":"REST"}],"neow_cost":"NONE","seed_source_timestamp":2737700206628,"circlet_count":0,"master_deck":["AscendersBane","Defend_G","Defend_G","Defend_G","Defend_G+1","Defend_G","Strike_G","Strike_G","Strike_G","Strike_G","Survivor+1","Neutralize+1","Noxious Fumes+1","Skewer","Cloak And Dagger"],"relics":["Ring of the Snake","Golden Idol","Omamori","Snake Skull","Regal Pillow"],"potions_floor_usage":[13],"damage_taken":[{"damage":3,"enemies":"Jaw Worm","floor":1,"turns":4},{"damage":10,"enemies":"2 Louse","floor":3,"turns":4},{"damage":0,"enemies":"Small Slimes","floor":12,"turns":3},{"damage":12,"enemies":"3 Sentries","floor":13,"turns":7},{"damage":68,"enemies":"Hexaghost","floor":16,"turns":11}],"seed_played":"8705785092789580595","potions_obtained":[{"floor":1,"key":"FairyPotion"},{"floor":3,"key":"Strength Potion"}],"is_trial":false,"path_per_floor":["M","?","M","$","?","R","?","$","T","R","?","M","E","$","R","B"],"character_chosen":"THE_SILENT","items_purchased":["Skewer"],"campfire_rested":2,"item_purchase_floors":[4],"current_hp_per_floor":[56,56,46,46,35,35,17,17,17,35,50,50,38,38,60,0],"gold":17,"neow_bonus":"UPGRADE_CARD","is_prod":false,"is_daily":false,"chose_seed":false,"campfire_upgraded":1,"win_rate":0,"timestamp":1552517976,"path_taken":["M","?","M","$","?","R","?","$","T","R","?","M","E","?","R","BOSS"],"build_version":"2019-01-23","purchased_purges":1,"victory":false,"max_hp_per_floor":[66,60,60,60,60,60,60,60,60,60,60,60,60,60,60,60],"card_choices":[{"not_picked":["Dash","Deflect"],"picked":"Noxious Fumes","floor":1},{"not_picked":["Sucker Punch","Acrobatics","Endless Agony"],"picked":"SKIP","floor":3},{"not_picked":["Distraction","Prepared"],"picked":"Cloak And Dagger","floor":12},{"not_picked":["Outmaneuver","Sucker Punch","Blade Dance"],"picked":"SKIP","floor":13}],"player_experience":1001117,"relics_obtained":[{"floor":9,"key":"Snake Skull"},{"floor":13,"key":"Regal Pillow"}],"event_choices":[{"damage_healed":0,"gold_gain":0,"player_choice":"Lose Max HP","damage_taken":0,"relics_obtained":["Golden Idol"],"max_hp_gain":0,"max_hp_loss":6,"event_name":"Golden Idol","floor":2,"gold_loss":0},{"damage_healed":0,"gold_gain":0,"player_choice":"Success","damage_taken":11,"relics_obtained":["Omamori"],"max_hp_gain":0,"max_hp_loss":0,"event_name":"Scrap Ooze","floor":5,"gold_loss":0},{"damage_healed":0,"gold_gain":0,"player_choice":"Entered Light","damage_taken":18,"max_hp_gain":0,"max_hp_loss":0,"event_name":"Shining Light","floor":7,"gold_loss":0,"cards_upgraded":["Survivor","Defend_G"]},{"damage_healed":15,"gold_gain":0,"player_choice":"Healed","damage_taken":0,"max_hp_gain":0,"max_hp_loss":0,"event_name":"The Cleric","floor":11,"gold_loss":35}],"is_beta":false,"boss_relics":[],"items_purged_floors":[14],"is_endless":false,"potions_floor_spawned":[1,3],"killed_by":"Hexaghost","ascension_level":20}