{"gold_per_floor":[112,128,139,139,139,139,169,169,196,215,235,268,268,285,285,380,380,399,399,413,373,386,386,401,142,196,196],"floor_reached":27,"playtime":1083,"items_purged":["Injury"],"score":295,"play_id":"2e4ef938-cec7-45f5-a91e-14c724adde63","local_time":"20190227125134","is_ascension_mode":true,"campfire_choices":[{"data":"Searing Blow","floor":6.0,"key":"SMITH"},{"data":"Searing Blow+1","floor":8.0,"key":"SMITH"},{"data":"Searing Blow+2","floor":13,"key":"SMITH"},{"data":"Flame Barrier","floor":15,"key":"SMITH"},{"data":"Anger","floor":23,"key":"SMITH"}],"neow_cost":"CURSE","seed_source_timestamp":60117702909367,"circlet_count":0,"master_deck":["Defend_R","Defend_R","Defend_R","Defend_R+1","Bash","Thunderclap+1","Searing Blow+4","Anger+1","Intimidate","Carnage","Flame Barrier+1","Exhume","True Grit","Bite","Bite","Bite","Bite","Bite","Fire Breathing"],"special_seed":0,"relics":["Burning Blood","Ice Cream","Ancient Tea Set","Centennial Puzzle","Whetstone","Runic Pyramid","Pen Nib","Red Skull"],"potions_floor_usage":[12,14],"damage_taken":[{"damage":8.0,"enemies":"Cultist","floor":1.0,"turns":6.0},{"damage":2.0,"enemies":"Jaw Worm","floor":2.0,"turns":3.0},{"damage":0.0,"enemies":"Small Slimes","floor":3.0,"turns":3.0},{"damage":48.0,"enemies":"Lagavulin","floor":7.0,"turns":8.0},{"damage":0.0,"enemies":"Exordium Thugs","floor":10.0,"turns":6.0},{"damage":7.0,"enemies":"2 Fungi Beasts","floor":11.0,"turns":4.0},{"damage":25,"enemies":"3 Sentries","floor":12,"turns":7},{"damage":6,"enemies":"Red Slaver","floor":14,"turns":2},{"damage":21,"enemies":"The Guardian","floor":16,"turns":11},{"damage":19,"enemies":"Spheric Guardian","floor":18,"turns":4},{"damage":8,"enemies":"Chosen","floor":20,"turns":6},{"damage":26,"enemies":"Snecko","floor":22,"turns":6},{"damage":19,"enemies":"Shelled Parasite and Fungi","floor":24,"turns":7},{"damage":42,"enemies":"Book of Stabbing","floor":27,"turns":4}],"seed_played":"-2312047087458585962","potions_obtained":[{"floor":2.0,"key":"AttackPotion"},{"floor":3.0,"key":"EssenceOfSteel"},{"floor":11.0,"key":"SpeedPotion"},{"floor":12,"key":"Dexterity Potion"},{"floor":16,"key":"EntropicBrew"},{"floor":24,"key":"Swift Potion"}],"is_trial":false,"path_per_floor":["M","M","M","?","?","R","E","R","T","M","M","E","R","M","R","B",null,"M","?","M","?","M","R","M","$","T","E"],"character_chosen":"IRONCLAD","items_purchased":["Fire Breathing","Pen Nib"],"campfire_rested":0,"item_purchase_floors":[25,25],"current_hp_per_floor":[78,80,80,80,80,80,38,38,38,44,43,24,24,24,24,9,80,67,56,56,56,42,42,41,41,41,0],"gold":196,"neow_bonus":"ONE_RARE_RELIC","is_prod":false,"is_daily":false,"chose_seed":false,"campfire_upgraded":5,"win_rate":0,"timestamp":1551293494,"path_taken":["M","M","M","?","?","R","E","R","T","M","?","E","R","M","R","BOSS","M","?","M","?","M","R","?","$","T","E"],"build_version":"2019-01-23","purchased_purges":1,"victory":false,"max_hp_per_floor":[80,80,80,80,80,80,80,80,80,80,80,80,80,80,80,80,80,80,56,56,56,56,56,56,56,56,56],"card_choices":[{"not_picked":["Uppercut","True Grit"],"picked":"Thunderclap","floor":1.0},{"not_picked":["Wild Strike","Shockwave"],"picked":"Searing Blow","floor":2.0},{"not_picked":["Sever Soul","Thunderclap"],"picked":"Anger","floor":3.0},{"not_picked":["Rupture","Corruption","Barricade"],"picked":"SKIP","floor":7.0},{"not_picked":["Clothesline","Flex"],"picked":"Intimidate","floor":10.0},{"not_picked":["Anger","Disarm","Headbutt"],"picked":"SKIP","floor":11.0},{"not_picked":["Armaments","Thunderclap"],"picked":"Carnage","floor":12},{"not_picked":["Body Slam","Sword Boomerang"],"picked":"Flame Barrier","floor":14},{"not_picked":["Fiend Fire","Double Tap"],"picked":"Exhume","floor":16},{"not_picked":["Metallicize+1","Sword Boomerang"],"picked":"True Grit","floor":18},{"not_picked":["Fire Breathing","Pommel Strike","Anger"],"picked":"SKIP","floor":20},{"not_picked":["Twin Strike","Second Wind+1","Uppercut"],"picked":"SKIP","floor":22},{"not_picked":["Perfected Strike","Thunderclap","Clothesline"],"picked":"SKIP","floor":24}],"player_experience":261717,"relics_obtained":[{"floor":7.0,"key":"Ancient Tea Set"},{"floor":9.0,"key":"Centennial Puzzle"},{"floor":12,"key":"Whetstone"},{"floor":26,"key":"Red Skull"}],"event_choices":[{"damage_healed":0.0,"max_hp_gain":0.0,"max_hp_loss":0.0,"gold_gain":0.0,"event_name":"Scrap Ooze","player_choice":"Fled","floor":4.0,"gold_loss":0.0,"damage_taken":0.0},{"damage_healed":0.0,"max_hp_gain":0.0,"max_hp_loss":0.0,"gold_gain":0.0,"event_name":"Wheel of Change","player_choice":"Full Heal","floor":5.0,"gold_loss":0.0,"damage_taken":0.0},{"damage_healed":0,"gold_gain":0,"player_choice":"Became a vampire","damage_taken":0,"max_hp_gain":0,"max_hp_loss":24,"event_name":"Vampires","floor":19,"gold_loss":0,"cards_obtained":["Bite","Bite","Bite","Bite","Bite"]},{"damage_healed":0,"gold_gain":0,"player_choice":"Upgraded Two","damage_taken":0,"max_hp_gain":0,"max_hp_loss":0,"event_name":"Designer","floor":21,"gold_loss":40,"cards_upgraded":["Defend_R","Searing Blow"]}],"is_beta":false,"boss_relics":[{"not_picked":["Mark of Pain","Tiny House"],"picked":"Runic Pyramid"}],"items_purged_floors":[25],"is_endless":false,"potions_floor_spawned":[2,3,11,12,16,24],"killed_by":"Book of Stabbing","ascension_level":4}