{"gold_per_floor":[114,130,150,150,150,150,162,108,108,121,134,134,152,152,152,247,247,257,257,273,288,306,306,324,324],"floor_reached":25,"playtime":1660,"items_purged":[],"score":199,"play_id":"f802b301-1070-41c7-8419-72e95df24e8c","local_time":"20180919231225","is_ascension_mode":false,"campfire_choices":[{"floor":6,"key":"REST"},{"data":"Beam Cell","floor":12,"key":"SMITH"},{"data":"Cold Snap","floor":15,"key":"SMITH"},{"floor":23,"key":"REST"}],"neow_cost":"PERCENT_DAMAGE","seed_source_timestamp":388316164304463,"circlet_count":0,"master_deck":["Strike_B","Strike_B","Strike_B","Strike_B","Defend_B","Defend_B","Defend_B","Defend_B","Zap","Dualcast","Conserve Battery","Conserve Battery","Genetic Algorithm+1","Rebound","Beam Cell+1","Blizzard","Ball Lightning","Cold Snap+1","Echo Form","Tempest","Sweeping Beam","Static Discharge+1","Reinforced Body"],"relics":["Cracked Core","Calipers","Darkstone Periapt","Bottled Flame","Mummified Hand","White Beast Statue"],"potions_floor_usage":[13,16,16],"damage_taken":[{"damage":0,"enemies":"Small Slimes","floor":1,"turns":3},{"damage":1,"enemies":"Cultist","floor":2,"turns":3},{"damage":0,"enemies":"2 Louse","floor":3,"turns":3},{"damage":1,"enemies":"2 Fungi Beasts","floor":7,"turns":4},{"damage":0,"enemies":"Looter","floor":10,"turns":4},{"damage":2,"enemies":"Large Slime","floor":11,"turns":7},{"damage":9,"enemies":"Blue Slaver","floor":13,"turns":3},{"damage":41,"enemies":"The Guardian","floor":16,"turns":13},{"damage":31,"enemies":"3 Byrds","floor":18,"turns":5},{"damage":10,"enemies":"Chosen","floor":20,"turns":6},{"damage":12,"enemies":"Snecko","floor":21,"turns":5},{"damage":18,"enemies":"Sentry and Sphere","floor":22,"turns":4},{"damage":12,"enemies":"Centurion and Healer","floor":24,"turns":6},{"damage":23,"enemies":"Snake Plant","floor":25,"turns":4}],"seed_played":"-5623359211084926186","potions_obtained":[{"floor":1,"key":"Regen Potion"},{"floor":10,"key":"FairyPotion"},{"floor":11,"key":"Fruit Juice"},{"floor":13,"key":"PowerPotion"},{"floor":18,"key":"SteroidPotion"},{"floor":20,"key":"Regen Potion"},{"floor":21,"key":"Fire Potion"}],"is_trial":false,"path_per_floor":["M","M","M","?","?","R","M","$","T","M","M","R","M","?","R","B",null,"M","?","M","M","M","R","M"],"character_chosen":"DEFECT","items_purchased":["Beam Cell"],"campfire_rested":2,"item_purchase_floors":[8],"current_hp_per_floor":[54,53,53,41,41,63,62,62,62,62,60,60,56,56,56,27,80,49,49,39,27,9,33,21,0],"gold":324,"neow_bonus":"ONE_RARE_RELIC","is_prod":false,"is_daily":false,"chose_seed":false,"campfire_upgraded":2,"win_rate":0.0,"timestamp":1537416745,"path_taken":["M","M","M","?","?","R","M","$","T","M","?","R","M","?","R","BOSS","M","?","M","?","M","R","M","M"],"build_version":"2018-09-06","purchased_purges":0,"victory":false,"max_hp_per_floor":[75,75,75,75,75,75,75,75,75,75,75,75,80,80,80,80,80,80,80,80,80,80,80,80,80],"card_choices":[{"not_picked":["Force Field","Compile Driver"],"picked":"Conserve Battery","floor":1},{"not_picked":["Compile Driver","Go for the Eyes"],"picked":"Conserve Battery","floor":2},{"not_picked":["Leap","Stack"],"picked":"Genetic Algorithm","floor":3},{"not_picked":["Steam","Coolheaded"],"picked":"Rebound","floor":7},{"not_picked":["Redo","Scrape"],"picked":"Blizzard","floor":10},{"not_picked":["Stack","Rainbow"],"picked":"Ball Lightning","floor":11},{"not_picked":["Go for the Eyes","Tempest"],"picked":"Cold Snap","floor":13},{"not_picked":["Amplify","Fission"],"picked":"Echo Form","floor":16},{"not_picked":["Beam Cell","Stack"],"picked":"Tempest","floor":18},{"not_picked":["Darkness","Steam"],"picked":"Sweeping Beam","floor":20},{"not_picked":["Conserve Battery","Beam Cell"],"picked":"Static Discharge+1","floor":21},{"not_picked":["FTL","Heatsinks","Hologram+1"],"picked":"SKIP","floor":22},{"not_picked":["Scrape","Steam Power"],"picked":"Reinforced Body","floor":24}],"player_experience":55049,"relics_obtained":[{"floor":9,"key":"Bottled Flame"}],"event_choices":[{"event_name":"Scrap Ooze","player_choice":"success","floor":4,"damage_taken":12},{"event_name":"Upgrade Shrine","player_choice":"Upgraded","floor":5,"damage_taken":0},{"event_name":"Dead Adventurer","player_choice":"Searched \u00272\u0027 times","floor":14,"damage_taken":0},{"event_name":"Ghosts","player_choice":"Ignored","floor":19,"damage_taken":0}],"is_beta":false,"boss_relics":[{"not_picked":["Tiny House","Lizard Tail"],"picked":"White Beast Statue"}],"items_purged_floors":[],"is_endless":false,"potions_floor_spawned":[1,10,11,13,18,20,21,22,24],"killed_by":"Snake Plant","ascension_level":0}