{"gold_per_floor":[118,130,1,1,76,108,108,120,147,147,173,184,218,233,233,331,331,341,341,16,31,31,31,51,51,51,51,76,76,91,109,109,210,210,223,236,236,236,255,255,280,280],"floor_reached":42,"playtime":1331,"items_purged":["Strike_B"],"score":676,"play_id":"d6ac3035-8e57-4f55-bc56-55ebfb8f66d1","local_time":"20190303191204","is_ascension_mode":true,"campfire_choices":[{"data":"Ball Lightning","floor":7.0,"key":"SMITH"},{"data":"Zap","floor":10.0,"key":"SMITH"},{"data":"Storm","floor":15.0,"key":"SMITH"},{"data":"Fission","floor":23,"key":"SMITH"},{"floor":25,"key":"REST"},{"data":"Defragment","floor":29,"key":"SMITH"},{"floor":32,"key":"REST"},{"data":"Defragment","floor":40,"key":"SMITH"}],"neow_cost":"NONE","seed_source_timestamp":156216090965875,"circlet_count":0,"master_deck":["Strike_B","Strike_B","Defend_B","Defend_B","Defend_B","Zap+1","Dualcast","Glacier","Conserve Battery","Ball Lightning+1","Rebound","Sweeping Beam","Leap","Echo Form+1","Electrodynamics","Storm+1","Fission+1","Recycle","Storm","White Noise+1","Defragment+1","Skim+1","Defragment+1","Leap+1","Core Surge","Coolheaded+1"],"special_seed":0,"relics":["Cracked Core","NeowsBlessing","Centennial Puzzle","Pen Nib","Question Card","Happy Flower","Sozu","Pantograph","Toxic Egg 2","Shuriken","Busted Crown","Vajra"],"potions_floor_usage":[18],"damage_taken":[{"damage":0.0,"enemies":"Small Slimes","floor":1.0,"turns":1.0},{"damage":0.0,"enemies":"Jaw Worm","floor":2.0,"turns":1.0},{"damage":0.0,"enemies":"Lagavulin","floor":6.0,"turns":1.0},{"damage":0.0,"enemies":"Cultist","floor":8.0,"turns":3.0},{"damage":3.0,"enemies":"3 Sentries","floor":11.0,"turns":5.0},{"damage":2.0,"enemies":"Looter","floor":12.0,"turns":2.0},{"damage":8.0,"enemies":"Lagavulin","floor":13.0,"turns":6.0},{"damage":6.0,"enemies":"2 Fungi Beasts","floor":14.0,"turns":3.0},{"damage":0.0,"enemies":"Slime Boss","floor":16.0,"turns":7.0},{"damage":19,"enemies":"2 Thieves","floor":18,"turns":3},{"damage":11,"enemies":"Spheric Guardian","floor":21,"turns":3},{"damage":0,"enemies":"Centurion and Healer","floor":24,"turns":4},{"damage":9,"enemies":"Gremlin Leader","floor":28,"turns":4},{"damage":17,"enemies":"Snake Plant","floor":30,"turns":2},{"damage":13,"enemies":"Snecko","floor":31,"turns":3},{"damage":1,"enemies":"Automaton","floor":33,"turns":5},{"damage":11,"enemies":"Orb Walker","floor":35,"turns":2},{"damage":31,"enemies":"3 Darklings","floor":36,"turns":2},{"damage":0,"enemies":"Maw","floor":39,"turns":5},{"damage":47,"enemies":"Nemesis","floor":41,"turns":7},{"damage":40,"enemies":"Writhing Mass","floor":42,"turns":2}],"seed_played":"1807372226562747876","potions_obtained":[{"floor":1.0,"key":"Weak Potion"},{"floor":2.0,"key":"Fire Potion"},{"floor":12.0,"key":"SpeedPotion"},{"floor":14.0,"key":"FearPotion"}],"is_trial":false,"path_per_floor":["M","M","$","?","?","E","R","M","T","R","E","M","E","M","R","B",null,"M","?","$","M","$","R","M","R","T","?","E","R","M","M","R","B",null,"M","M","?","?","M","R","E","M"],"character_chosen":"DEFECT","items_purchased":["Ball Lightning","Pantograph","Storm"],"campfire_rested":2,"item_purchase_floors":[3,20,20],"current_hp_per_floor":[75,75,75,75,64,64,64,64,64,64,61,59,51,45,45,45,68,49,49,49,38,38,38,38,60,60,60,51,51,34,21,43,67,73,62,31,66,66,66,66,19,0],"gold":280,"neow_bonus":"THREE_ENEMY_KILL","is_prod":false,"is_daily":false,"chose_seed":false,"campfire_upgraded":6,"win_rate":0,"timestamp":1551661924,"path_taken":["M","M","$","?","?","E","R","M","T","R","E","M","E","M","R","BOSS","M","?","$","M","$","R","M","R","T","?","E","R","M","?","R","BOSS","M","M","?","?","M","R","E","M"],"build_version":"2019-01-23","purchased_purges":1,"victory":false,"max_hp_per_floor":[75,75,75,75,75,75,75,75,75,75,75,75,75,75,75,75,75,75,75,75,75,75,75,75,75,75,75,75,75,75,75,75,75,75,75,75,66,66,66,66,66,66],"card_choices":[{"not_picked":["Double Energy","Reinforced Body"],"picked":"Glacier","floor":1.0},{"not_picked":["Reprogram","Loop"],"picked":"Conserve Battery","floor":2.0},{"not_picked":["Turbo","Conserve Battery"],"picked":"Rebound","floor":6.0},{"not_picked":["Stack","Redo"],"picked":"Sweeping Beam","floor":8.0},{"not_picked":["Static Discharge","Tempest"],"picked":"Leap","floor":11.0},{"not_picked":["Auto Shields","Chaos","Go for the Eyes"],"picked":"Echo Form","floor":12.0},{"not_picked":["Barrage","Compile Driver","Ball Lightning"],"picked":"Electrodynamics","floor":13.0},{"not_picked":["Consume","Beam Cell","Hello World"],"picked":"Storm","floor":14.0},{"not_picked":["All For One","Echo Form","Buffer"],"picked":"Fission","floor":16.0},{"not_picked":["Sweeping Beam","Coolheaded","Stack"],"picked":"Recycle","floor":18},{"not_picked":["Conserve Battery","Chill","Chaos"],"picked":"White Noise+1","floor":21},{"not_picked":["Hologram","Rebound+1","Gash+1"],"picked":"Defragment","floor":24},{"not_picked":["Doom and Gloom","Coolheaded+1","Steam+1"],"picked":"Skim+1","floor":28},{"not_picked":["Hello World","FTL","Storm"],"picked":"Defragment","floor":30},{"not_picked":["Blizzard","FTL","Cold Snap"],"picked":"Leap+1","floor":31},{"not_picked":["Hyperbeam","All For One","Multi-Cast+1"],"picked":"Core Surge","floor":33},{"not_picked":["Steam+1","Storm+1"],"picked":"SKIP","floor":35},{"not_picked":["Reprogram+1"],"picked":"Coolheaded+1","floor":36},{"not_picked":["Conserve Battery+1","Compile Driver"],"picked":"SKIP","floor":39},{"not_picked":["Fusion+1","Sunder+1"],"picked":"SKIP","floor":41}],"player_experience":291976,"relics_obtained":[{"floor":6.0,"key":"Centennial Puzzle"},{"floor":9.0,"key":"Pen Nib"},{"floor":11.0,"key":"Question Card"},{"floor":13.0,"key":"Happy Flower"},{"floor":26,"key":"Toxic Egg 2"},{"floor":28,"key":"Shuriken"},{"floor":41,"key":"Vajra"}],"event_choices":[{"damage_healed":0.0,"max_hp_gain":0.0,"max_hp_loss":0.0,"gold_gain":0.0,"event_name":"Liars Game","player_choice":"Ignored","floor":4.0,"gold_loss":0.0,"damage_taken":0.0},{"damage_healed":0.0,"max_hp_gain":0.0,"max_hp_loss":0.0,"gold_gain":75.0,"event_name":"World of Goop","player_choice":"Gather Gold","floor":5.0,"gold_loss":0.0,"damage_taken":11.0},{"cards_removed":["Strike_B"],"damage_healed":0,"gold_gain":0,"player_choice":"Elegance","damage_taken":0,"max_hp_gain":0,"max_hp_loss":0,"event_name":"Back to Basics","floor":19,"gold_loss":0},{"damage_healed":0,"gold_gain":0,"player_choice":"Upgraded","damage_taken":0,"max_hp_gain":0,"max_hp_loss":0,"event_name":"Upgrade Shrine","floor":27,"gold_loss":0,"cards_upgraded":["Echo Form"]},{"damage_healed":66,"gold_gain":0,"player_choice":"Heal","damage_taken":0,"max_hp_gain":0,"max_hp_loss":9,"event_name":"The Moai Head","floor":37,"gold_loss":0},{"cards_removed":["Defend_B"],"damage_healed":0,"gold_gain":0,"player_choice":"Removed Skill","damage_taken":0,"max_hp_gain":0,"max_hp_loss":0,"event_name":"Falling","floor":38,"gold_loss":0}],"is_beta":false,"boss_relics":[{"not_picked":["White Beast Statue","Orrery"],"picked":"Sozu"},{"not_picked":["Runic Pyramid","FrozenCore"],"picked":"Busted Crown"}],"items_purged_floors":[3],"is_endless":false,"potions_floor_spawned":[1,2,12,14,16,28,30,33,35,36,41],"killed_by":"Writhing Mass","ascension_level":5}