{"path_per_floor":["M","?","$","$","M","M","R","?","T","M","M","R","$","M","R","B",null,"M","?","?","M","?","R","E","$","T","$","R","?","?","?","R","B",null,"M","?","?","M","M"],"character_chosen":"THE_SILENT","items_purchased":["Noxious Fumes","Dash"],"gold_per_floor":[11,11,11,11,34,48,48,48,48,71,86,86,10,35,35,154,154,172,172,172,190,105,105,149,39,63,63,63,63,63,63,63,188,188,211,544,544,560,578,578],"floor_reached":40,"campfire_rested":4,"playtime":3264,"current_hp_per_floor":[62,45,45,45,40,36,36,22,22,22,17,38,38,36,57,33,61,61,61,61,43,43,43,3,3,3,3,24,47,47,47,68,22,58,42,42,42,42,11,0],"items_purged":["Strike_G"],"gold":578,"score":627,"play_id":"52bca2ac-16ff-44d6-b78a-754a5b843c3a","local_time":"20180330170050","is_prod":false,"is_daily":false,"is_ascension_mode":true,"campfire_upgraded":2,"timestamp":1522440050,"path_taken":["M","?","?","$","?","M","R","?","T","M","M","R","$","M","R","BOSS","M","?","?","M","?","R","E","$","T","$","R","?","?","?","R","BOSS","M","?","?","M","M","E"],"build_version":"2018-03-29v2","purchased_purges":2,"victory":false,"master_deck":["Defend_G+1","Defend_G","Defend_G","Defend_G","Strike_G","Strike_G","Strike_G","Survivor","Neutralize+1","AscendersBane","Footwork+1","Dagger Spray","Dodge and Roll","Noxious Fumes","PiercingWail","Corpse Explosion+1","Deadly Poison","Deadly Poison","Dash","Bullet Time","Purity"],"max_hp_per_floor":[70,70,70,70,70,70,70,70,70,70,70,70,70,70,70,70,70,70,70,70,70,70,70,70,70,70,70,70,70,70,70,70,70,70,70,70,70,70,70,70],"relics":["Ring of the Snake","Sundial","Cursed Key","Bag of Preparation","Toolbox","Juzu Bracelet","Eternal Feather"],"card_choices":[{"not_picked":["Deflect","Underhanded Strike"],"picked":"Footwork","floor":5},{"not_picked":["Catalyst","Reflex"],"picked":"Dagger Spray","floor":6},{"not_picked":["Bane","Setup"],"picked":"Dodge and Roll","floor":11},{"not_picked":["Outmaneuver","Malaise"],"picked":"PiercingWail","floor":14},{"not_picked":["Grand Finale","Tactician"],"picked":"Corpse Explosion","floor":16},{"not_picked":["Acrobatics","PiercingWail"],"picked":"Deadly Poison","floor":18},{"not_picked":["Bane","Poisoned Stab"],"picked":"Deadly Poison","floor":21},{"not_picked":["Storm of Steel","Tactician"],"picked":"Bullet Time","floor":33},{"not_picked":["Swift Strike","Transmutation"],"picked":"Purity","floor":37}],"player_experience":649616,"potions_floor_usage":[16,18,24,33,40],"damage_taken":[{"damage":1,"enemies":"Small Slimes","floor":1,"turns":4},{"damage":5,"enemies":"Cultist","floor":5,"turns":4},{"damage":4,"enemies":"2 Louse","floor":6,"turns":4},{"damage":0,"enemies":"Red Slaver","floor":10,"turns":6},{"damage":5,"enemies":"Exordium Thugs","floor":11,"turns":5},{"damage":2,"enemies":"2 Fungi Beasts","floor":14,"turns":4},{"damage":36,"enemies":"The Guardian","floor":16,"turns":16},{"damage":0,"enemies":"Chosen","floor":18,"turns":7},{"damage":18,"enemies":"3 Byrds","floor":21,"turns":7},{"damage":40,"enemies":"Gremlin Leader","floor":24,"turns":6},{"damage":46,"enemies":"Champ","floor":33,"turns":13},{"damage":16,"enemies":"Orb Walker","floor":35,"turns":5},{"damage":0,"enemies":"3 Darklings","floor":38,"turns":6},{"damage":31,"enemies":"4 Shapes","floor":39,"turns":7},{"damage":23,"enemies":"Nemesis","floor":40,"turns":4}],"event_choices":[{"event_name":"Golden Idol","player_choice":"Take Damage","floor":2,"damage_taken":0},{"event_name":"Shining Light","player_choice":"Entered Light","floor":8,"damage_taken":0},{"event_name":"Cursed Tome","player_choice":"Ignored","floor":19,"damage_taken":0},{"event_name":"Ghosts","player_choice":"Ignored","floor":20,"damage_taken":0},{"event_name":"Addict","player_choice":"Obtained Relic","floor":22,"damage_taken":0},{"event_name":"The Library","player_choice":"Heal","floor":29,"damage_taken":0},{"event_name":"Back to Basics","player_choice":"Elegance","floor":30,"damage_taken":0},{"event_name":"Drug Dealer","player_choice":"Ignored","floor":31,"damage_taken":0},{"event_name":"The Moai Head","player_choice":"Gave Idol","floor":36,"damage_taken":0},{"event_name":"SensoryStone","player_choice":"Memory 1","floor":37,"damage_taken":0}],"boss_relics":[{"not_picked":["Black Star","Runic Dome"],"picked":"Cursed Key"},{"not_picked":["Tiny House","Calling Bell"],"picked":"Eternal Feather"}],"potions_floor_spawned":[11,16,18,24,35,38,39],"seed_played":"4817427843979004431","killed_by":"Nemesis","ascension_level":12,"is_trial":false}