{"gold_per_floor":[118,3,103,22,34,60,60,71,94,94,59,71,71,85,85,182,182,192,117,117,135,154,154,154],"floor_reached":24,"playtime":701,"items_purged":["Regret"],"score":245,"play_id":"e093de0b-26f9-4c9c-9a2b-38d8d4be47da","local_time":"20190303184036","is_ascension_mode":true,"campfire_choices":[{"data":"Crippling Poison","floor":7.0,"key":"SMITH"},{"floor":10.0,"key":"REST"},{"floor":15,"key":"REST"},{"data":"Blade Dance","floor":23,"key":"SMITH"}],"neow_cost":"CURSE","seed_source_timestamp":154907437867761,"circlet_count":0,"master_deck":["Defend_G","Defend_G","Defend_G","Defend_G","Defend_G","Strike_G","Strike_G","Strike_G","Strike_G","Survivor","Neutralize","Backstab","Crippling Poison+1","Footwork","Dagger Spray","Deadly Poison","Deadly Poison","Blade Dance+1","Backstab","A Thousand Cuts","Dodge and Roll","Well Laid Plans+1","Finisher"],"special_seed":0,"relics":["Ring of the Serpent","Bird Faced Urn","Happy Flower","Anchor","Snake Skull"],"potions_floor_usage":[16,21,24],"damage_taken":[{"damage":3.0,"enemies":"Cultist","floor":1.0,"turns":3.0},{"damage":3.0,"enemies":"2 Louse","floor":5.0,"turns":3.0},{"damage":43.0,"enemies":"Lagavulin","floor":6.0,"turns":8.0},{"damage":9.0,"enemies":"Small Slimes","floor":8.0,"turns":3.0},{"damage":0.0,"enemies":"2 Fungi Beasts","floor":12.0,"turns":2.0},{"damage":0,"enemies":"Red Slaver","floor":14,"turns":2},{"damage":31,"enemies":"The Guardian","floor":16,"turns":8},{"damage":10,"enemies":"2 Thieves","floor":18,"turns":4},{"damage":20,"enemies":"Spheric Guardian","floor":21,"turns":6},{"damage":20,"enemies":"Chosen and Byrds","floor":22,"turns":7},{"damage":26,"enemies":"Book of Stabbing","floor":24,"turns":4}],"seed_played":"4315140142807578914","potions_obtained":[{"floor":8.0,"key":"LiquidBronze"},{"floor":12,"key":"Poison Potion"},{"floor":16,"key":"Regen Potion"}],"is_trial":false,"path_per_floor":["M","$","?","$","M","E","R","M","T","R","?","M","?","M","R","B",null,"M","?","?","M","M","R","E"],"character_chosen":"THE_SILENT","items_purchased":["Crippling Poison","Footwork"],"campfire_rested":2,"item_purchase_floors":[2,4],"current_hp_per_floor":[67,67,67,67,64,23,23,16,16,37,54,54,29,29,50,21,58,50,50,43,36,22,22,0],"gold":154,"neow_bonus":"ONE_RARE_RELIC","is_prod":false,"is_daily":false,"chose_seed":false,"campfire_upgraded":2,"win_rate":0,"timestamp":1551660036,"path_taken":["M","$","?","$","M","E","R","?","T","R","?","M","?","M","R","BOSS","M","?","?","M","M","R","E"],"build_version":"2019-01-23","purchased_purges":1,"victory":false,"max_hp_per_floor":[70,70,70,70,70,70,70,70,70,70,70,70,70,70,70,70,70,70,70,70,70,70,70,70],"card_choices":[{"not_picked":["Outmaneuver","Dagger Throw"],"picked":"Backstab","floor":1.0},{"not_picked":["Acrobatics","Deflect"],"picked":"Dagger Spray","floor":5.0},{"not_picked":["Catalyst","Acrobatics"],"picked":"Deadly Poison","floor":6.0},{"not_picked":["Acrobatics","Prepared"],"picked":"Deadly Poison","floor":8.0},{"not_picked":["PiercingWail","Blur"],"picked":"Blade Dance","floor":12},{"not_picked":["Dagger Spray","Sucker Punch"],"picked":"Backstab","floor":14},{"not_picked":["Tools of the Trade","Unload"],"picked":"A Thousand Cuts","floor":16},{"not_picked":["Backflip","Dagger Spray"],"picked":"Dodge and Roll","floor":18},{"not_picked":["PiercingWail","Dagger Spray"],"picked":"Well Laid Plans+1","floor":21},{"not_picked":["Dagger Spray","Deflect"],"picked":"Finisher","floor":22}],"player_experience":290759,"relics_obtained":[{"floor":6.0,"key":"Happy Flower"},{"floor":9.0,"key":"Anchor"}],"event_choices":[{"damage_healed":0.0,"max_hp_gain":0.0,"max_hp_loss":0.0,"gold_gain":100.0,"event_name":"Golden Shrine","player_choice":"Pray","floor":3.0,"gold_loss":0.0,"damage_taken":0.0},{"damage_healed":17.0,"max_hp_gain":0.0,"max_hp_loss":0.0,"gold_gain":0.0,"event_name":"The Cleric","player_choice":"Healed","floor":11.0,"gold_loss":35.0,"damage_taken":0.0},{"damage_healed":0,"gold_gain":0,"player_choice":"Success","damage_taken":25,"relics_obtained":["Snake Skull"],"max_hp_gain":0,"max_hp_loss":0,"event_name":"Scrap Ooze","floor":13,"gold_loss":0},{"cards_removed":["Strike_G"],"damage_healed":0,"gold_gain":0,"player_choice":"Gave Gold","damage_taken":0,"max_hp_gain":0,"max_hp_loss":0,"event_name":"Beggar","floor":19,"gold_loss":75},{"damage_healed":0,"gold_gain":0,"player_choice":"","damage_taken":7,"max_hp_gain":0,"max_hp_loss":0,"event_name":"Knowing Skull","floor":20,"potions_obtained":[],"gold_loss":0,"cards_obtained":[]}],"is_beta":false,"boss_relics":[{"not_picked":["Ectoplasm","Black Star"],"picked":"Ring of the Serpent"}],"items_purged_floors":[2],"is_endless":false,"potions_floor_spawned":[8,12,16],"killed_by":"Book of Stabbing","ascension_level":5}