{"gold_per_floor":[116,191,191,205,218,218,237,237,287,45,45,63,63,63,63,193,193,212,122,137,137],"floor_reached":21,"playtime":935,"items_purged":[],"score":203,"play_id":"16318a41-594c-4059-847b-fcc2442b87ae","local_time":"20190214203510","is_ascension_mode":true,"campfire_choices":[{"data":"Zap","floor":6,"key":"SMITH"},{"floor":8,"key":"REST"},{"data":"Self Repair","floor":11,"key":"SMITH"},{"data":"Defragment","floor":15,"key":"SMITH"}],"neow_cost":"TEN_PERCENT_HP_LOSS","seed_source_timestamp":0,"circlet_count":0,"master_deck":["Strike_B","Strike_B","Defend_B","Defend_B","Defend_B","Defend_B","Zap+1","Dualcast","Ball Lightning","Rip and Tear","Self Repair+1","Defragment+1","Beam Cell","Coolheaded","Injury","Thunder Strike","Chill+1","Beam Cell"],"special_seed":0,"relics":["Cracked Core","Ginger","Potion Belt","Letter Opener","Golden Idol","Black Star"],"potions_floor_usage":[16,16,16],"damage_taken":[{"damage":9,"enemies":"Cultist","floor":1,"turns":5},{"damage":2,"enemies":"Small Slimes","floor":4,"turns":2},{"damage":3,"enemies":"Jaw Worm","floor":5,"turns":4},{"damage":36,"enemies":"Exordium Thugs","floor":7,"turns":4},{"damage":0,"enemies":"Exordium Wildlife","floor":12,"turns":2},{"damage":19,"enemies":"Hexaghost","floor":16,"turns":6},{"damage":36,"enemies":"3 Byrds","floor":18,"turns":5},{"damage":25,"enemies":"Shell Parasite","floor":20,"turns":5},{"damage":27,"enemies":"Snecko","floor":21,"turns":5}],"seed_played":"647643394963033708","potions_obtained":[{"floor":1,"key":"AttackPotion"},{"floor":4,"key":"SkillPotion"},{"floor":12,"key":"Swift Potion"},{"floor":18,"key":"Strength Potion"}],"is_trial":false,"path_per_floor":["M","?","?","M","M","R","M","R","T","$","R","M","$","?","R","B",null,"M","?","M","M"],"character_chosen":"DEFECT","items_purchased":["Letter Opener"],"campfire_rested":1,"item_purchase_floors":[10],"current_hp_per_floor":[59,48,48,46,50,50,21,41,41,41,41,41,41,41,41,32,68,42,42,27,0],"gold":137,"neow_bonus":"ONE_RARE_RELIC","is_prod":false,"is_daily":false,"chose_seed":false,"campfire_upgraded":3,"win_rate":0,"timestamp":1550205310,"path_taken":["M","?","?","M","M","R","M","R","T","$","R","M","$","?","R","BOSS","M","?","M","?"],"build_version":"2019-01-23","purchased_purges":0,"victory":false,"max_hp_per_floor":[68,68,68,68,68,68,68,68,68,68,68,68,68,68,68,68,68,68,68,68,68],"card_choices":[{"not_picked":["Reinforced Body","Gash"],"picked":"Ball Lightning","floor":1},{"not_picked":["Leap","Gash"],"picked":"Self Repair","floor":4},{"not_picked":["Fusion","Capacitor"],"picked":"Defragment","floor":5},{"not_picked":["Steam Power","Skim"],"picked":"Beam Cell","floor":7},{"not_picked":["Streamline","Hologram"],"picked":"Coolheaded","floor":12},{"not_picked":["All For One","Core Surge"],"picked":"Thunder Strike","floor":16},{"not_picked":["Stack","Glacier"],"picked":"Chill","floor":18},{"not_picked":["Recycle","Turbo"],"picked":"Beam Cell","floor":20}],"player_experience":268528,"relics_obtained":[{"floor":9,"key":"Potion Belt"}],"event_choices":[{"damage_healed":0,"gold_gain":75,"player_choice":"Gather Gold","damage_taken":11,"max_hp_gain":0,"max_hp_loss":0,"event_name":"World of Goop","floor":2,"gold_loss":0},{"damage_healed":0,"gold_gain":0,"cards_transformed":["Strike_B"],"player_choice":"Change","damage_taken":0,"max_hp_gain":0,"max_hp_loss":0,"event_name":"Living Wall","floor":3,"gold_loss":0,"cards_obtained":["Rip and Tear"]},{"damage_healed":0,"gold_gain":0,"player_choice":"Take Wound","damage_taken":0,"relics_obtained":["Golden Idol"],"max_hp_gain":0,"max_hp_loss":0,"event_name":"Golden Idol","floor":14,"gold_loss":0,"cards_obtained":["Injury"]},{"cards_removed":["Strike_B"],"damage_healed":0,"gold_gain":0,"player_choice":"Upgrade and Remove","damage_taken":0,"max_hp_gain":0,"max_hp_loss":0,"event_name":"Designer","floor":19,"gold_loss":90,"cards_upgraded":["Chill"]}],"is_beta":false,"boss_relics":[{"not_picked":["Orrery","Astrolabe"],"picked":"Black Star"}],"items_purged_floors":[],"is_endless":false,"potions_floor_spawned":[1,4,12,18],"killed_by":"Snecko","ascension_level":4}