{"gold_per_floor":[110,32,32,47,47,74,84,98,98,132,132,132,150,150,150,224,224,240,253,45,45,45,45,45,58,58,77,102,102,48,48],"floor_reached":31,"playtime":945,"items_purged":["Strike_G"],"score":635,"play_id":"292d2232-aaa1-4b1d-908d-e165d3942e74","local_time":"20190308195606","is_ascension_mode":true,"campfire_choices":[{"data":"Noxious Fumes","floor":11.0,"key":"SMITH"},{"data":"Bane","floor":15.0,"key":"SMITH"},{"data":"Catalyst","floor":23.0,"key":"SMITH"}],"neow_cost":"NONE","seed_source_timestamp":180973551680907,"circlet_count":0,"master_deck":["AscendersBane","Defend_G","Defend_G","Defend_G","Defend_G","Defend_G","Survivor","Neutralize","Noxious Fumes+1","Backstab","Dash","Bouncing Flask","Bane+1","Venomology","Catalyst+1","PiercingWail","Noxious Fumes","Deadly Poison","Catalyst","Malaise","Adrenaline","Bite+1","Bite+1","Bite+1","Bite+1","Bite+1"],"special_seed":0,"relics":["Ring of the Snake","NeowsBlessing","Bag of Marbles","Smiling Mask","Matryoshka","Molten Egg 2","Meat on the Bone","Orrery","Happy Flower","Enchiridion","Bag of Preparation","Darkstone Periapt","Regal Pillow"],"potions_floor_usage":[31],"damage_taken":[{"damage":0.0,"enemies":"2 Louse","floor":1.0,"turns":1.0},{"damage":0.0,"enemies":"Cultist","floor":4.0,"turns":1.0},{"damage":0.0,"enemies":"3 Sentries","floor":6.0,"turns":1.0},{"damage":4.0,"enemies":"Jaw Worm","floor":7.0,"turns":2.0},{"damage":8.0,"enemies":"Exordium Thugs","floor":8.0,"turns":5.0},{"damage":8.0,"enemies":"Gremlin Nob","floor":10.0,"turns":3.0},{"damage":0.0,"enemies":"Exordium Wildlife","floor":13.0,"turns":3.0},{"damage":10.0,"enemies":"Hexaghost","floor":16.0,"turns":8.0},{"damage":36.0,"enemies":"Shell Parasite","floor":18.0,"turns":6.0},{"damage":11.0,"enemies":"Spheric Guardian","floor":19.0,"turns":3.0},{"damage":7.0,"enemies":"Snecko","floor":25.0,"turns":4.0},{"damage":16.0,"enemies":"Chosen and Byrds","floor":27.0,"turns":6.0},{"damage":14.0,"enemies":"Slavers","floor":28.0,"turns":6.0},{"damage":28,"enemies":"Shelled Parasite and Fungi","floor":31,"turns":2}],"seed_played":"-7970207706791320653","potions_obtained":[{"floor":1.0,"key":"AttackPotion"},{"floor":6.0,"key":"Block Potion"},{"floor":10.0,"key":"GhostInAJar"},{"floor":16.0,"key":"Regen Potion"},{"floor":25.0,"key":"FearPotion"},{"floor":27.0,"key":"Energy Potion"}],"is_trial":false,"path_per_floor":["M","$","?","M","$","E","M","M","T","E","R","?","M","T","R","B",null,"M","M","$","?","$","R","?","M","T","M","E","?","$","M"],"character_chosen":"THE_SILENT","items_purchased":["Noxious Fumes","Happy Flower","Dexterity Potion"],"campfire_rested":0,"item_purchase_floors":[2,20,30],"current_hp_per_floor":[59,59,59,59,59,59,55,47,47,39,39,66,66,66,66,56,64,40,41,41,41,41,41,20,25,25,21,19,19,19,0],"gold":48,"neow_bonus":"THREE_ENEMY_KILL","is_prod":false,"is_daily":false,"chose_seed":false,"campfire_upgraded":3,"win_rate":0,"timestamp":1552071366,"path_taken":["M","$","?","M","$","E","M","?","T","E","R","?","?","?","R","BOSS","M","M","$","?","$","R","?","M","T","M","E","?","?","M"],"build_version":"2019-01-23","purchased_purges":1,"victory":false,"max_hp_per_floor":[66,66,66,66,66,66,66,66,66,66,66,66,66,66,66,66,66,66,66,66,66,66,66,66,66,66,66,66,46,46,46],"card_choices":[{"not_picked":["Masterful Stab","Blade Dance","Outmaneuver"],"picked":"SKIP","floor":1.0},{"not_picked":["Acrobatics","Backstab"],"picked":"Dash","floor":4.0},{"not_picked":["Tactician","Dagger Throw"],"picked":"Bouncing Flask","floor":6.0},{"not_picked":["Underhanded Strike","Backflip","Flying Knee"],"picked":"SKIP","floor":7.0},{"not_picked":["Poisoned Stab","Finisher"],"picked":"Bane","floor":8.0},{"not_picked":["Underhanded Strike","Backflip"],"picked":"Venomology","floor":10.0},{"not_picked":["Acrobatics","Prepared","Flying Knee"],"picked":"SKIP","floor":13.0},{"not_picked":["Reflex","Deflect"],"picked":"Catalyst","floor":17.0},{"not_picked":["Predator+1","Dodge and Roll"],"picked":"PiercingWail","floor":17.0},{"not_picked":["Underhanded Strike+1","Calculated Gamble"],"picked":"Noxious Fumes","floor":17.0},{"not_picked":["Backflip","Sucker Punch+1"],"picked":"Deadly Poison","floor":18.0},{"not_picked":["Sucker Punch+1","Eviscerate+1"],"picked":"Catalyst","floor":19.0},{"not_picked":["Expertise","Underhanded Strike+1","Acrobatics"],"picked":"SKIP","floor":25.0},{"not_picked":["PiercingWail","Bane+1"],"picked":"Malaise","floor":27.0},{"not_picked":["Flying Knee+1","Accuracy"],"picked":"Adrenaline","floor":28.0}],"player_experience":943871,"relics_obtained":[{"floor":6.0,"key":"Bag of Marbles"},{"floor":9.0,"key":"Smiling Mask"},{"floor":10.0,"key":"Matryoshka"},{"floor":14.0,"key":"Molten Egg 2"},{"floor":14.0,"key":"Meat on the Bone"},{"floor":24.0,"key":"Enchiridion"},{"floor":26.0,"key":"Bag of Preparation"},{"floor":26.0,"key":"Darkstone Periapt"},{"floor":28.0,"key":"Regal Pillow"}],"event_choices":[{"damage_healed":0.0,"max_hp_gain":0.0,"max_hp_loss":0.0,"gold_gain":0.0,"cards_transformed":["Strike_G"],"event_name":"Transmorgrifier","player_choice":"Transformed","floor":3.0,"gold_loss":0.0,"damage_taken":0.0,"cards_obtained":["Backstab"]},{"damage_healed":27.0,"max_hp_gain":0.0,"max_hp_loss":0.0,"gold_gain":0.0,"event_name":"Wheel of Change","player_choice":"Full Heal","floor":12.0,"gold_loss":0.0,"damage_taken":0.0},{"damage_healed":0.0,"max_hp_gain":0.0,"max_hp_loss":0.0,"gold_gain":0.0,"event_name":"Ghosts","player_choice":"Ignored","floor":21.0,"gold_loss":0.0,"damage_taken":0.0},{"damage_healed":0.0,"max_hp_gain":0.0,"max_hp_loss":0.0,"gold_gain":0.0,"event_name":"Cursed Tome","player_choice":"Obtained Book","floor":24.0,"gold_loss":0.0,"damage_taken":21.0},{"damage_healed":0.0,"max_hp_gain":0.0,"max_hp_loss":20.0,"gold_gain":0.0,"event_name":"Vampires","player_choice":"Became a vampire","floor":29.0,"gold_loss":0.0,"damage_taken":0.0,"cards_obtained":["Bite","Bite","Bite","Bite","Bite"]}],"is_beta":false,"boss_relics":[{"not_picked":["Ring of the Serpent","Runic Pyramid"],"picked":"Orrery"}],"items_purged_floors":[20],"is_endless":false,"potions_floor_spawned":[1,6,10,16,25,27],"killed_by":"Shelled Parasite and Fungi","ascension_level":19}