{"gold_per_floor":[116,191,12,31,46,46,72,83,83,108,108,124,89,89,89,189,189,204,204,188,113,63,63,89,104,129,149,174,174,49,78,78,176,176,191,203,214,214,17,17,47,57,83,99,99,110,110,110,110,110],"floor_reached":50,"playtime":2848,"items_purged":["Strike_G","Strike_G","Strike_G"],"score":674,"play_id":"898569a9-2c36-40e2-889b-5cacf9730b4f","local_time":"20190215165809","is_ascension_mode":true,"campfire_choices":[{"data":"Noxious Fumes","floor":6,"key":"SMITH"},{"data":"Blade Dance","floor":11,"key":"SMITH"},{"data":"Blade Dance","floor":15,"key":"SMITH"},{"data":"After Image","floor":23,"key":"SMITH"},{"data":"Cloak And Dagger","floor":29,"key":"SMITH"},{"data":"Infinite Blades","floor":32,"key":"SMITH"},{"data":"After Image","floor":40,"key":"SMITH"},{"data":"Blade Dance","floor":45,"key":"SMITH"},{"floor":47,"key":"REST"},{"floor":49,"key":"REST"}],"neow_cost":"TEN_PERCENT_HP_LOSS","seed_source_timestamp":79377599751471,"circlet_count":0,"master_deck":["Defend_G","Defend_G","Defend_G","Defend_G","Defend_G","Strike_G","Survivor","Neutralize","After Image+1","Blade Dance+1","Noxious Fumes+1","PiercingWail","Terror","Footwork","Finisher","Dash","Blade Dance+1","After Image+1","Backflip","Blade Dance","Blade Dance+1","Predator+1","Cloak And Dagger+1","Infinite Blades+1","Wraith Form v2","Cloak And Dagger","Noxious Fumes+1"],"relics":["Ring of the Snake","Oddly Smooth Stone","Mummified Hand","Incense Burner","Mango","Vajra","Philosopher\u0027s Stone","Orichalcum","Smiling Mask","Prayer Wheel","Gambling Chip","Busted Crown","Bag of Preparation","Bronze Scales","Blood Vial"],"potions_floor_usage":[7,10,10,27,41],"damage_taken":[{"damage":1,"enemies":"Cultist","floor":1,"turns":5},{"damage":4,"enemies":"Jaw Worm","floor":4,"turns":4},{"damage":4,"enemies":"Small Slimes","floor":5,"turns":4},{"damage":7,"enemies":"3 Sentries","floor":7,"turns":7},{"damage":19,"enemies":"Exordium Thugs","floor":8,"turns":5},{"damage":0,"enemies":"Lagavulin","floor":10,"turns":7},{"damage":5,"enemies":"Looter","floor":12,"turns":4},{"damage":10,"enemies":"The Guardian","floor":16,"turns":8},{"damage":3,"enemies":"Shell Parasite","floor":18,"turns":4},{"damage":0,"enemies":"2 Thieves","floor":20,"turns":4},{"damage":26,"enemies":"Slavers","floor":24,"turns":5},{"damage":5,"enemies":"Snake Plant","floor":25,"turns":4},{"damage":0,"enemies":"Centurion and Healer","floor":27,"turns":5},{"damage":5,"enemies":"Gremlin Leader","floor":28,"turns":7},{"damage":0,"enemies":"Book of Stabbing","floor":31,"turns":5},{"damage":19,"enemies":"Collector","floor":33,"turns":8},{"damage":3,"enemies":"Orb Walker","floor":35,"turns":3},{"damage":0,"enemies":"3 Darklings","floor":36,"turns":4},{"damage":0,"enemies":"Jaw Worm Horde","floor":37,"turns":5},{"damage":35,"enemies":"Nemesis","floor":41,"turns":5},{"damage":11,"enemies":"Writhing Mass","floor":42,"turns":5},{"damage":0,"enemies":"4 Shapes","floor":44,"turns":3},{"damage":9,"enemies":"Transient","floor":46,"turns":5},{"damage":72,"enemies":"Time Eater","floor":50,"turns":8}],"seed_played":"-467184384071006140","potions_obtained":[{"floor":4,"key":"EssenceOfSteel"},{"floor":7,"key":"Energy Potion"},{"floor":8,"key":"Explosive Potion"},{"floor":12,"key":"GamblersBrew"},{"floor":25,"key":"Regen Potion"},{"floor":27,"key":"SpeedPotion"},{"floor":33,"key":"SkillPotion"},{"floor":36,"key":"AttackPotion"},{"floor":42,"key":"GamblersBrew"}],"is_trial":false,"path_per_floor":["M","?","$","M","M","R","E","M","T","E","R","M","?","?","R","B",null,"M","?","M","$","?","R","E","M","T","M","E","R","$","E","R","B",null,"M","M","M","?","$","R","E","M","T","M","R","M","R","?","R","B"],"character_chosen":"THE_SILENT","items_purchased":["Noxious Fumes","Oddly Smooth Stone","Well Laid Plans","Bag of Preparation"],"campfire_rested":2,"item_purchase_floors":[3,3,30,39],"current_hp_per_floor":[62,56,56,52,48,48,41,22,22,36,36,31,50,47,47,37,77,74,74,74,74,74,74,48,43,43,57,52,52,52,52,52,33,77,74,74,74,74,74,74,39,28,28,30,30,23,46,46,69,0],"gold":110,"neow_bonus":"THREE_RARE_CARDS","is_prod":false,"is_daily":false,"chose_seed":false,"campfire_upgraded":8,"win_rate":0,"timestamp":1550271489,"path_taken":["M","?","$","M","?","R","E","M","T","E","R","M","?","?","R","BOSS","M","?","M","$","?","R","E","M","T","M","E","R","$","E","R","BOSS","M","M","?","?","$","R","E","M","T","M","R","M","R","?","R","BOSS"],"build_version":"2019-01-23","purchased_purges":3,"victory":false,"max_hp_per_floor":[63,63,63,63,63,63,63,63,63,77,77,77,77,77,77,77,77,77,77,77,77,77,77,77,77,77,77,77,77,77,77,77,77,77,77,77,77,77,77,77,77,77,77,77,77,77,77,77,77,77],"card_choices":[{"not_picked":["Wraith Form v2","Malaise"],"picked":"After Image","floor":0},{"not_picked":["Flying Knee","Choke"],"picked":"Blade Dance","floor":1},{"not_picked":["Choke","Eviscerate"],"picked":"PiercingWail","floor":4},{"not_picked":["Dagger Throw","Backflip"],"picked":"Terror","floor":5},{"not_picked":["Quick Slash","Well Laid Plans"],"picked":"Footwork","floor":7},{"not_picked":["Acrobatics","Outmaneuver"],"picked":"Finisher","floor":8},{"not_picked":["Dodge and Roll","Slice"],"picked":"Dash","floor":10},{"not_picked":["Catalyst","Outmaneuver"],"picked":"Blade Dance","floor":12},{"not_picked":["Storm of Steel","Doppelganger"],"picked":"After Image","floor":16},{"not_picked":["Setup","Dagger Spray","Distraction"],"picked":"SKIP","floor":18},{"not_picked":["PiercingWail","Heel Hook"],"picked":"Blade Dance","floor":20},{"not_picked":["After Image","Bouncing Flask"],"picked":"Blade Dance","floor":24},{"not_picked":["Flying Knee","Bouncing Flask"],"picked":"Predator+1","floor":25},{"not_picked":["Dagger Throw","Deadly Poison","Concentrate"],"picked":"SKIP","floor":27},{"not_picked":["Bane","Night Terror"],"picked":"Cloak And Dagger","floor":28},{"not_picked":["PiercingWail","Heel Hook"],"picked":"Infinite Blades","floor":31},{"not_picked":["Die Die Die","Malaise"],"picked":"Wraith Form v2","floor":33},{"not_picked":[],"picked":"Cloak And Dagger","floor":35},{"not_picked":["Well Laid Plans+1"],"picked":"SKIP","floor":35},{"not_picked":["Dagger Spray"],"picked":"SKIP","floor":36},{"not_picked":["Deadly Poison"],"picked":"SKIP","floor":36},{"not_picked":["Footwork+1"],"picked":"SKIP","floor":37},{"not_picked":["Poisoned Stab"],"picked":"SKIP","floor":37},{"not_picked":[],"picked":"Noxious Fumes+1","floor":41},{"not_picked":["Dagger Throw"],"picked":"SKIP","floor":42},{"not_picked":["Reflex"],"picked":"SKIP","floor":42},{"not_picked":["Deflect"],"picked":"SKIP","floor":44},{"not_picked":["Masterful Stab+1"],"picked":"SKIP","floor":44},{"not_picked":["Slice"],"picked":"SKIP","floor":46},{"not_picked":["Masterful Stab"],"picked":"SKIP","floor":46}],"player_experience":173052,"relics_obtained":[{"floor":7,"key":"Mummified Hand"},{"floor":9,"key":"Incense Burner"},{"floor":10,"key":"Mango"},{"floor":24,"key":"Orichalcum"},{"floor":26,"key":"Smiling Mask"},{"floor":28,"key":"Prayer Wheel"},{"floor":31,"key":"Gambling Chip"},{"floor":41,"key":"Bronze Scales"},{"floor":43,"key":"Blood Vial"}],"event_choices":[{"damage_healed":0,"gold_gain":75,"player_choice":"Touch","damage_taken":6,"max_hp_gain":0,"max_hp_loss":0,"event_name":"FaceTrader","floor":2,"gold_loss":0},{"damage_healed":19,"gold_gain":0,"player_choice":"Healed","damage_taken":0,"max_hp_gain":0,"max_hp_loss":0,"event_name":"The Cleric","floor":13,"gold_loss":35},{"damage_healed":0,"gold_gain":0,"player_choice":"Success","damage_taken":3,"relics_obtained":["Vajra"],"max_hp_gain":0,"max_hp_loss":0,"event_name":"Scrap Ooze","floor":14,"gold_loss":0},{"damage_healed":0,"gold_gain":0,"player_choice":"Read","damage_taken":0,"max_hp_gain":0,"max_hp_loss":0,"event_name":"The Library","floor":19,"gold_loss":0,"cards_obtained":["Backflip"]},{"damage_healed":0,"gold_gain":0,"player_choice":"Bet on Murderer","damage_taken":0,"max_hp_gain":0,"max_hp_loss":0,"event_name":"The Joust","floor":22,"gold_loss":50},{"cards_removed":["Well Laid Plans"],"damage_healed":0,"gold_gain":0,"player_choice":"Removed Power","damage_taken":0,"max_hp_gain":0,"max_hp_loss":0,"event_name":"Falling","floor":38,"gold_loss":0},{"cards_removed":["Strike_G"],"damage_healed":0,"gold_gain":0,"player_choice":"Purged","damage_taken":0,"max_hp_gain":0,"max_hp_loss":0,"event_name":"Purifier","floor":48,"gold_loss":0}],"is_beta":false,"boss_relics":[{"not_picked":["Orrery","Runic Pyramid"],"picked":"Philosopher\u0027s Stone"},{"not_picked":["Fusion Hammer","Pandora\u0027s Box"],"picked":"Busted Crown"}],"items_purged_floors":[21,30,39],"is_endless":false,"potions_floor_spawned":[4,7,8,12,25,27,33,35,36,42],"killed_by":"Time Eater","ascension_level":2}