{"gold_per_floor":[113,129,129,54,68,68,96,108,135,146,146,146,146,165,165,267,267,287,287,287,212,228,253,253,282,307,319,319,124,135,151,151,246,246,257,257,257,302,302,333,333,64,64,75,92,123,123,152,152,152],"floor_reached":51,"playtime":2583,"items_purged":["Defend_B","Strike_B+1","Strike_B+1"],"score":1093,"play_id":"a705fc47-a412-4948-88db-1b24e69bc26d","local_time":"20181222141908","is_ascension_mode":true,"campfire_choices":[{"data":"Zap","floor":6.0,"key":"SMITH"},{"data":"Rip and Tear","floor":11.0,"key":"SMITH"},{"data":"White Noise","floor":15.0,"key":"SMITH"},{"floor":32.0,"key":"REST"},{"floor":41,"key":"REST"},{"floor":49,"key":"REST"}],"neow_cost":"NONE","seed_source_timestamp":0,"circlet_count":0,"master_deck":["Defend_B+1","Defend_B+1","Defend_B+1","Zap+1","Dualcast","Blind","Rebound","Cold Snap","Ball Lightning","Rip and Tear+1","White Noise+1","All For One","Defragment+1","Tempest+1","Glacier","Reboot","Thunder Strike","Finesse","Self Repair","Machine Learning","Echo Form"],"special_seed":0,"relics":["Cracked Core","Whetstone","Orichalcum","Bag of Marbles","Singing Bowl","Sozu","Nloth\u0027s Gift","Torii","Bag of Preparation","Nilry\u0027s Codex","Fusion Hammer","Peace Pipe","Blood Vial","Vajra","Meat on the Bone","Mummified Hand","Art of War"],"potions_floor_usage":[],"damage_taken":[{"damage":0.0,"enemies":"2 Louse","floor":1.0,"turns":2.0},{"damage":4.0,"enemies":"Cultist","floor":2.0,"turns":3.0},{"damage":7.0,"enemies":"Jaw Worm","floor":5.0,"turns":2.0},{"damage":13.0,"enemies":"Lagavulin","floor":7.0,"turns":3.0},{"damage":11.0,"enemies":"Looter","floor":8.0,"turns":2.0},{"damage":0.0,"enemies":"Large Slime","floor":10.0,"turns":4.0},{"damage":0.0,"enemies":"2 Fungi Beasts","floor":14.0,"turns":2.0},{"damage":26.0,"enemies":"The Guardian","floor":16.0,"turns":11.0},{"damage":8.0,"enemies":"Shell Parasite","floor":18.0,"turns":2.0},{"damage":2.0,"enemies":"3 Byrds","floor":22.0,"turns":4.0},{"damage":21.0,"enemies":"Gremlin Leader","floor":23.0,"turns":6.0},{"damage":35.0,"enemies":"Slavers","floor":25.0,"turns":4.0},{"damage":6.0,"enemies":"3 Cultists","floor":27.0,"turns":4.0},{"damage":0.0,"enemies":"Cultist and Chosen","floor":30.0,"turns":4.0},{"damage":2.0,"enemies":"Shelled Parasite and Fungi","floor":31.0,"turns":4.0},{"damage":21.0,"enemies":"Collector","floor":33.0,"turns":13.0},{"damage":1.0,"enemies":"Orb Walker","floor":35.0,"turns":2.0},{"damage":36.0,"enemies":"2 Orb Walkers","floor":38.0,"turns":5.0},{"damage":53,"enemies":"Giant Head","floor":40,"turns":8},{"damage":24,"enemies":"3 Darklings","floor":44,"turns":3},{"damage":0,"enemies":"4 Shapes","floor":45,"turns":3},{"damage":22,"enemies":"Nemesis","floor":46,"turns":7},{"damage":31,"enemies":"Reptomancer","floor":48,"turns":6},{"damage":43,"enemies":"Donu and Deca","floor":50,"turns":7}],"seed_played":"7499538656297794418","potions_obtained":[{"floor":1.0,"key":"EssenceOfSteel"},{"floor":3.0,"key":"Fire Potion"},{"floor":3.0,"key":"Strength Potion"},{"floor":16.0,"key":"Fire Potion"}],"is_trial":false,"path_per_floor":["M","M","?","$","M","R","E","M","T","M","R","?","T","M","R","B",null,"M","?","?","?","M","E","?","E","T","M","?","$","M","M","R","B",null,"M","?","?","?","?","E","R","$","T","M","M","E","?","E","R","B",null],"character_chosen":"DEFECT","items_purchased":["Gash","Glacier","Vajra"],"campfire_rested":3,"item_purchase_floors":[29,29,42],"current_hp_per_floor":[75,71,71,71,64,64,51,40,40,40,40,40,40,42,42,16,77,69,69,69,69,69,58,58,25,25,21,5,5,5,5,33,12,95,96,93,93,59,59,8,38,38,38,30,44,43,43,33,64,42],"gold":152,"neow_bonus":"RANDOM_COLORLESS","is_prod":false,"is_daily":false,"chose_seed":false,"campfire_upgraded":3,"win_rate":0,"timestamp":1545495548,"path_taken":["M","M","?","$","M","R","E","?","T","M","R","?","?","M","R","BOSS","M","?","?","?","M","E","?","E","T","?","?","$","M","M","R","BOSS","M","?","?","?","?","E","R","$","T","M","M","E","?","E","R","BOSS"],"build_version":"2018-12-20","purchased_purges":3,"victory":true,"max_hp_per_floor":[75,75,75,75,75,75,75,75,75,75,75,75,75,77,77,77,77,77,77,77,77,79,89,89,91,91,93,93,93,93,95,95,95,95,97,99,99,101,101,103,103,103,103,105,105,105,105,105,105,105],"card_choices":[{"not_picked":["Coolheaded","Auto Shields"],"picked":"Rebound","floor":1.0},{"not_picked":["Stack","Lockon"],"picked":"Cold Snap","floor":2.0},{"not_picked":["Streamline","Aggregate"],"picked":"Ball Lightning","floor":5.0},{"not_picked":["Coolheaded","Reinforced Body"],"picked":"Rip and Tear","floor":7.0},{"not_picked":["Barrage","Go for the Eyes"],"picked":"White Noise","floor":8.0},{"not_picked":["Chill","Go for the Eyes","Steam"],"picked":"SKIP","floor":10.0},{"not_picked":["Leap","Coolheaded","Turbo"],"picked":"Singing Bowl","floor":14.0},{"not_picked":["Rainbow","Amplify"],"picked":"All For One","floor":16.0},{"not_picked":["Coolheaded","Hello World"],"picked":"Defragment+1","floor":18.0},{"not_picked":["Chaos+1","Leap","Stack"],"picked":"Singing Bowl","floor":22.0},{"not_picked":["Leap","Chill"],"picked":"Tempest+1","floor":23.0},{"not_picked":["Stack+1","Compile Driver+1","Sweeping Beam"],"picked":"Singing Bowl","floor":25.0},{"not_picked":["Streamline","Stack+1","Hologram"],"picked":"Singing Bowl","floor":27.0},{"not_picked":["Coolheaded","Go for the Eyes"],"picked":"Reboot","floor":30.0},{"not_picked":["Turbo","Blizzard","Hello World+1"],"picked":"Singing Bowl","floor":31.0},{"not_picked":["Reboot","Amplify"],"picked":"Thunder Strike","floor":33.0},{"not_picked":["Go for the Eyes+1","Leap","Turbo"],"picked":"Singing Bowl","floor":35.0},{"not_picked":["The Bomb","Dark Shackles"],"picked":"Finesse","floor":36.0},{"not_picked":["Transmutation","Enlightenment","Chrysalis"],"picked":"Singing Bowl","floor":36.0},{"not_picked":["Conserve Battery","Rebound","All For One"],"picked":"Singing Bowl","floor":38.0},{"not_picked":["Biased Cognition","Genetic Algorithm","Electrodynamics"],"picked":"Singing Bowl","floor":40},{"not_picked":["Aggregate","Compile Driver","Hello World+1"],"picked":"Singing Bowl","floor":44},{"not_picked":["Stack+1","Sweeping Beam"],"picked":"Self Repair","floor":45},{"not_picked":["Turbo","Multi-Cast"],"picked":"Machine Learning","floor":46},{"not_picked":["Barrage+1","Coolheaded+1"],"picked":"Echo Form","floor":48}],"player_experience":891620,"relics_obtained":[{"floor":7.0,"key":"Whetstone"},{"floor":9.0,"key":"Orichalcum"},{"floor":13.0,"key":"Singing Bowl"},{"floor":23.0,"key":"Pear"},{"floor":25.0,"key":"Torii"},{"floor":26.0,"key":"Bag of Preparation"},{"floor":28.0,"key":"Nilry\u0027s Codex"},{"floor":38.0,"key":"Peace Pipe"},{"floor":40,"key":"Blood Vial"},{"floor":43,"key":"Meat on the Bone"},{"floor":46,"key":"Mummified Hand"},{"floor":48,"key":"Art of War"}],"event_choices":[{"damage_healed":0.0,"max_hp_gain":0.0,"max_hp_loss":0.0,"gold_gain":0.0,"event_name":"Lab","player_choice":"Got Potions","floor":3.0,"gold_loss":0.0,"damage_taken":0.0},{"damage_healed":0.0,"max_hp_gain":0.0,"max_hp_loss":0.0,"gold_gain":0.0,"event_name":"Dead Adventurer","player_choice":"Searched \u00271\u0027 times","floor":12.0,"gold_loss":0.0,"damage_taken":0.0,"relics_obtained":["Bag of Marbles"]},{"damage_healed":0.0,"max_hp_gain":0.0,"max_hp_loss":0.0,"gold_gain":0.0,"event_name":"Ghosts","player_choice":"Ignored","floor":19.0,"gold_loss":0.0,"damage_taken":0.0},{"damage_healed":0.0,"max_hp_gain":0.0,"max_hp_loss":0.0,"gold_gain":0.0,"event_name":"Back to Basics","player_choice":"Simplicity","floor":20.0,"gold_loss":0.0,"damage_taken":0.0,"cards_upgraded":["Strike_B","Strike_B","Defend_B","Defend_B","Defend_B"]},{"cards_removed":["Strike_B"],"damage_healed":0.0,"max_hp_gain":0.0,"max_hp_loss":0.0,"gold_gain":0.0,"event_name":"Beggar","player_choice":"Gave Gold","floor":21.0,"gold_loss":75.0,"damage_taken":0.0},{"damage_healed":0.0,"max_hp_gain":0.0,"max_hp_loss":0.0,"gold_gain":0.0,"event_name":"N\u0027loth","player_choice":"Traded Relic","floor":24.0,"relics_lost":["Pear"],"gold_loss":0.0,"damage_taken":0.0,"relics_obtained":["Nloth\u0027s Gift"]},{"damage_healed":0.0,"max_hp_gain":0.0,"max_hp_loss":0.0,"gold_gain":0.0,"event_name":"Cursed Tome","player_choice":"Obtained Book","floor":28.0,"gold_loss":0.0,"damage_taken":16.0},{"damage_healed":0.0,"max_hp_gain":0.0,"max_hp_loss":0.0,"gold_gain":0.0,"event_name":"SensoryStone","player_choice":"Memory 2","floor":36.0,"gold_loss":0.0,"damage_taken":5.0},{"cards_removed":["Gash"],"damage_healed":0.0,"max_hp_gain":0.0,"max_hp_loss":0.0,"gold_gain":0.0,"event_name":"Falling","player_choice":"Removed Attack","floor":37.0,"gold_loss":0.0,"damage_taken":0.0},{"damage_healed":0.0,"max_hp_gain":0.0,"max_hp_loss":0.0,"gold_gain":0.0,"event_name":"Mysterious Sphere","player_choice":"Fight","floor":38.0,"gold_loss":0.0,"damage_taken":0.0},{"damage_healed":0,"gold_gain":0,"player_choice":"Ignored","damage_taken":0,"max_hp_gain":0,"max_hp_loss":0,"event_name":"Tomb of Lord Red Mask","floor":39,"gold_loss":0},{"cards_removed":["Strike_B"],"damage_healed":0,"gold_gain":0,"player_choice":"Card Removal","damage_taken":0,"max_hp_gain":0,"max_hp_loss":0,"event_name":"Wheel of Change","floor":47,"gold_loss":0}],"is_beta":true,"boss_relics":[{"not_picked":["Inserter","Snecko Eye"],"picked":"Sozu"},{"not_picked":["Calling Bell","Runic Pyramid"],"picked":"Fusion Hammer"}],"items_purged_floors":[4,29,42],"is_endless":false,"potions_floor_spawned":[1,16,25,33,38,44,46,48],"ascension_level":4}