{"gold_per_floor":[116,116,66,26,44,44,79,4,4,32,48,62,62,74,74,170,170,182,201,213,213,229,229,258,258,258,272,282,282,294,219,219,315,315,333,351,364,225,94,128,147,147,172,187,187,240,240,272,272,272],"floor_reached":50,"playtime":4132,"items_purged":["Pain","Strike_B"],"score":586,"play_id":"470f9d5f-96be-4f3f-a071-abfc5d00f167","local_time":"20180903205151","is_ascension_mode":true,"campfire_choices":[{"data":"Zap","floor":6,"key":"SMITH"},{"floor":13,"key":"REST"},{"data":"Loop","floor":15,"key":"SMITH"},{"floor":23,"key":"REST"},{"floor":25,"key":"REST"},{"floor":29,"key":"REST"},{"floor":32,"key":"REST"},{"floor":42,"key":"REST"},{"floor":45,"key":"REST"},{"floor":47,"key":"REST"},{"floor":49,"key":"REST"}],"neow_cost":"CURSE","seed_source_timestamp":34249468189963,"circlet_count":0,"master_deck":["Strike_B","Defend_B","Defend_B","Defend_B","Defend_B","Zap+1","Dualcast","All For One","Ball Lightning","Loop+1","Go for the Eyes+1","Gash","Gash","Go for the Eyes+1","Sweeping Beam","Echo Form+1","Creative AI+1","Streamline","Sweeping Beam","Lockon","Scrape","Gash","Rebound+1","Storm+1","Melter","Buffer+1","Redo+1","Gash","Capacitor+1","Defragment+1","Go for the Eyes+1","Skim+1","Recycle+1","Fusion+1"],"relics":["Cracked Core","Dead Branch","Frozen Egg 2","Anchor","Nuclear Battery","Orichalcum","Pantograph","Sozu","Juzu Bracelet","Whetstone","Ancient Tea Set","Ice Cream","Girya"],"potions_floor_usage":[10,16,16,16,22,24,30,33],"damage_taken":[{"damage":15,"enemies":"Jaw Worm","floor":1,"turns":5},{"damage":3,"enemies":"Cultist","floor":5,"turns":3},{"damage":26,"enemies":"Gremlin Nob","floor":7,"turns":4},{"damage":21,"enemies":"Lagavulin","floor":10,"turns":5},{"damage":0,"enemies":"Small Slimes","floor":11,"turns":2},{"damage":4,"enemies":"Blue Slaver","floor":12,"turns":3},{"damage":0,"enemies":"3 Louse","floor":14,"turns":3},{"damage":11,"enemies":"Slime Boss","floor":16,"turns":6},{"damage":12,"enemies":"Shell Parasite","floor":18,"turns":4},{"damage":0,"enemies":"Chosen","floor":19,"turns":3},{"damage":21,"enemies":"Snake Plant","floor":20,"turns":5},{"damage":4,"enemies":"Chosen and Byrds","floor":22,"turns":4},{"damage":49,"enemies":"Slavers","floor":24,"turns":5},{"damage":10,"enemies":"Snecko","floor":27,"turns":4},{"damage":18,"enemies":"Sentry and Sphere","floor":28,"turns":5},{"damage":8,"enemies":"3 Cultists","floor":30,"turns":4},{"damage":80,"enemies":"Collector","floor":33,"turns":8},{"damage":14,"enemies":"3 Shapes","floor":35,"turns":6},{"damage":29,"enemies":"3 Darklings","floor":36,"turns":4},{"damage":10,"enemies":"Maw","floor":37,"turns":6},{"damage":6,"enemies":"Nemesis","floor":40,"turns":5},{"damage":0,"enemies":"Spire Growth","floor":41,"turns":4},{"damage":24,"enemies":"Transient","floor":44,"turns":5},{"damage":23,"enemies":"Mysterious Sphere","floor":46,"turns":6},{"damage":32,"enemies":"2 Orb Walkers","floor":48,"turns":4},{"damage":54,"enemies":"Awakened One","floor":50,"turns":3}],"seed_played":"4353339590760964118","potions_obtained":[{"floor":1,"key":"SteroidPotion"},{"floor":5,"key":"SmokeBomb"},{"floor":7,"key":"Poison Potion"},{"floor":14,"key":"EntropicBrew"},{"floor":16,"key":"EssenceOfSteel"},{"floor":18,"key":"Energy Potion"},{"floor":24,"key":"FearPotion"},{"floor":27,"key":"SkillPotion"}],"is_trial":false,"path_per_floor":["M","?","?","$","M","R","E","$","T","E","M","M","R","M","R","B",null,"M","M","M","?","M","R","E","R","T","M","M","R","M","?","R","B",null,"M","M","M","$","?","E","M","R","T","M","R","?","R","E","R"],"character_chosen":"DEFECT","items_purchased":["Loop","Defragment+1"],"campfire_rested":9,"item_purchase_floors":[4,38],"current_hp_per_floor":[60,75,75,75,72,72,46,46,46,25,25,21,43,43,43,32,75,63,63,42,42,38,60,11,33,33,23,5,27,19,19,41,7,75,61,32,22,22,22,16,16,38,38,14,36,13,35,3,25,0],"gold":272,"neow_bonus":"THREE_RARE_CARDS","is_prod":false,"is_daily":false,"chose_seed":false,"campfire_upgraded":2,"win_rate":0,"timestamp":1536033111,"path_taken":["M","?","?","?","M","R","E","$","T","E","M","M","R","M","R","BOSS","M","M","M","?","M","R","E","R","T","M","M","R","M","?","R","BOSS","M","M","M","$","?","E","M","R","T","M","R","?","R","E","R","BOSS"],"build_version":"2018-08-30","purchased_purges":2,"victory":false,"max_hp_per_floor":[75,75,75,75,75,75,75,75,75,75,75,75,75,75,75,75,75,75,75,75,75,75,75,75,75,75,75,75,75,75,75,75,75,75,75,75,75,75,75,75,75,75,75,75,75,75,75,75,75,75],"card_choices":[{"not_picked":["Rainbow","Creative AI"],"picked":"All For One","floor":0},{"not_picked":["Redo","Capacitor"],"picked":"Ball Lightning","floor":1},{"not_picked":["Force Field","Stack"],"picked":"Go for the Eyes","floor":5},{"not_picked":["Beam Cell","Aggregate"],"picked":"Gash","floor":7},{"not_picked":["Steam","Rebound"],"picked":"Gash","floor":10},{"not_picked":["Sweeping Beam","Defragment+1"],"picked":"Go for the Eyes","floor":11},{"not_picked":["Steam","Turbo"],"picked":"Sweeping Beam","floor":12},{"not_picked":["Skim","Steam"],"picked":"Echo Form+1","floor":14},{"not_picked":["Seek","Thunder Strike"],"picked":"Creative AI+1","floor":16},{"not_picked":["Coolheaded","Turbo"],"picked":"Streamline","floor":18},{"not_picked":["Steam","Coolheaded"],"picked":"Sweeping Beam","floor":19},{"not_picked":["Chill","Steam Power"],"picked":"Lockon","floor":20},{"not_picked":["Meteor Strike","Lockon"],"picked":"Scrape","floor":22},{"not_picked":["Rip and Tear+1","Reprogram"],"picked":"Gash","floor":24},{"not_picked":["Barrage","Reprogram+1"],"picked":"Rebound+1","floor":27},{"not_picked":["Thunder Strike","Leap"],"picked":"Storm+1","floor":28},{"not_picked":["Loop+1","Steam"],"picked":"Melter","floor":30},{"not_picked":["Thunder Strike","Multi-Cast"],"picked":"Buffer+1","floor":33},{"not_picked":["Force Field+1","Stack"],"picked":"Redo+1","floor":35},{"not_picked":["Conserve Battery+1","Loop+1"],"picked":"Gash","floor":36},{"not_picked":["Streamline","Chaos"],"picked":"Capacitor+1","floor":37},{"not_picked":["Melter","Coolheaded"],"picked":"Go for the Eyes+1","floor":40},{"not_picked":["Sweeping Beam+1","Cold Snap+1"],"picked":"Skim+1","floor":41},{"not_picked":["Barrage+1","Reinforced Body+1","Sweeping Beam"],"picked":"SKIP","floor":44},{"not_picked":["Echo Form+1","White Noise+1"],"picked":"Recycle+1","floor":46},{"not_picked":["BootSequence+1","Steam Power+1"],"picked":"Fusion+1","floor":48}],"player_experience":117601,"relics_obtained":[{"floor":7,"key":"Dead Branch"},{"floor":9,"key":"Frozen Egg 2"},{"floor":10,"key":"Anchor"},{"floor":24,"key":"Orichalcum"},{"floor":26,"key":"Pantograph"},{"floor":40,"key":"Whetstone"},{"floor":43,"key":"Ancient Tea Set"},{"floor":46,"key":"Ice Cream"},{"floor":48,"key":"Girya"}],"event_choices":[{"event_name":"Wheel of Change","player_choice":"Full Heal","floor":2,"damage_taken":0},{"event_name":"The Cleric","player_choice":"Card Removal","floor":3,"damage_taken":0},{"event_name":"Ghosts","player_choice":"Ignored","floor":21,"damage_taken":0},{"event_name":"Beggar","player_choice":"Gave Gold","floor":31,"damage_taken":0},{"event_name":"WeMeetAgain","player_choice":"Gold","floor":39,"damage_taken":0},{"event_name":"Mysterious Sphere","player_choice":"Fight","floor":46,"damage_taken":0}],"is_beta":false,"boss_relics":[{"not_picked":["Coffee Dripper","White Beast Statue"],"picked":"Nuclear Battery"},{"not_picked":["Runic Pyramid","Philosopher\u0027s Stone"],"picked":"Sozu"}],"items_purged_floors":[8,38],"is_endless":false,"potions_floor_spawned":[1,5,7,14,16,18,19,24,27,37,41,48],"killed_by":"Awakened One","ascension_level":1}