{"gold_per_floor":[117,292,367,367,137,137,155,182,205,239,239,256,285,297,297,393,393,406,506,530,542],"floor_reached":21,"playtime":757,"items_purged":["Doubt"],"score":224,"play_id":"88369195-74d0-419a-8a0c-292ba2ba644f","local_time":"20190225223621","is_ascension_mode":true,"campfire_choices":[{"data":"Ball Lightning","floor":6,"key":"SMITH"},{"data":"Fission","floor":11,"key":"SMITH"},{"floor":15,"key":"REST"}],"neow_cost":"NONE","seed_source_timestamp":18659763536767,"circlet_count":0,"master_deck":["Strike_B","Strike_B","Strike_B","Strike_B","Defend_B","Defend_B","Defend_B","Defend_B","Zap","Dualcast","Ball Lightning+1","Sweeping Beam+1","Glacier","Chill","Rebound+1","Fission+1","Coolheaded","Hologram","Reboot","Rebound+1","Creative AI","Skim+1"],"relics":["Inserter","Molten Egg 2","Lantern","Bag of Marbles","Ancient Tea Set","Darkstone Periapt","Philosopher\u0027s Stone","Dead Branch","Question Card","MawBank"],"potions_floor_usage":[13,19,19],"damage_taken":[{"damage":4,"enemies":"Small Slimes","floor":1,"turns":3},{"damage":7,"enemies":"Jaw Worm","floor":7,"turns":3},{"damage":25,"enemies":"Gremlin Nob","floor":8,"turns":4},{"damage":1,"enemies":"3 Sentries","floor":10,"turns":6},{"damage":0,"enemies":"Cultist","floor":12,"turns":1},{"damage":12,"enemies":"Lagavulin","floor":13,"turns":6},{"damage":0,"enemies":"Large Slime","floor":14,"turns":3},{"damage":5,"enemies":"Slime Boss","floor":16,"turns":7},{"damage":32,"enemies":"3 Byrds","floor":18,"turns":3},{"damage":0,"enemies":"Colosseum Slavers","floor":19,"turns":3},{"damage":40,"enemies":"Colosseum Nobs","floor":19,"turns":4},{"damage":12,"enemies":"Spheric Guardian","floor":21,"turns":3}],"seed_played":"-3243042780004015663","potions_obtained":[{"floor":7,"key":"Swift Potion"},{"floor":8,"key":"Swift Potion"},{"floor":10,"key":"SkillPotion"},{"floor":16,"key":"EssenceOfSteel"}],"is_trial":false,"path_per_floor":["M","?","?","T","$","R","M","E","T","E","R","M","E","M","R","B",null,"M","?","T","M"],"character_chosen":"DEFECT","items_purchased":["Sweeping Beam+1","Glacier","Chill"],"campfire_rested":1,"item_purchase_floors":[5,5,5],"current_hp_per_floor":[71,71,60,60,60,60,53,28,28,27,27,27,15,15,37,32,75,43,3,3,0],"gold":542,"neow_bonus":"BOSS_RELIC","is_prod":false,"is_daily":false,"chose_seed":false,"campfire_upgraded":2,"win_rate":0,"timestamp":1551155781,"path_taken":["M","?","?","?","$","R","?","E","T","E","R","M","E","M","R","BOSS","M","?","?","M"],"build_version":"2019-01-23","purchased_purges":1,"victory":false,"max_hp_per_floor":[75,75,75,75,75,75,75,75,75,75,75,75,75,75,75,75,75,75,75,75,75],"card_choices":[{"not_picked":["Turbo","Tempest"],"picked":"Ball Lightning","floor":1},{"not_picked":["Leap","Hologram"],"picked":"Rebound+1","floor":7},{"not_picked":["Static Discharge","Gash+1"],"picked":"Fission","floor":8},{"not_picked":["Chill","FTL+1"],"picked":"Coolheaded","floor":10},{"not_picked":["Darkness","Stack"],"picked":"Hologram","floor":12},{"not_picked":["Redo","Leap"],"picked":"Reboot","floor":13},{"not_picked":["Hello World","Lockon+1"],"picked":"Rebound+1","floor":14},{"not_picked":["Meteor Strike+1","Multi-Cast"],"picked":"Creative AI","floor":16},{"not_picked":["Lockon+1","Leap","Compile Driver+1"],"picked":"SKIP","floor":18},{"not_picked":["Leap+1","Glacier"],"picked":"Skim+1","floor":19}],"player_experience":243687,"relics_obtained":[{"floor":4,"key":"Molten Egg 2"},{"floor":8,"key":"Lantern"},{"floor":9,"key":"Bag of Marbles"},{"floor":10,"key":"Ancient Tea Set"},{"floor":13,"key":"Darkstone Periapt"},{"floor":19,"key":"Dead Branch"},{"floor":19,"key":"Question Card"},{"floor":20,"key":"MawBank"}],"event_choices":[{"damage_healed":0,"gold_gain":175,"player_choice":"AGREE","damage_taken":0,"max_hp_gain":0,"max_hp_loss":0,"event_name":"Liars Game","floor":2,"gold_loss":0,"cards_obtained":["Doubt"]},{"damage_healed":0,"gold_gain":75,"player_choice":"Gather Gold","damage_taken":11,"max_hp_gain":0,"max_hp_loss":0,"event_name":"World of Goop","floor":3,"gold_loss":0},{"damage_healed":0,"gold_gain":0,"player_choice":"Fight","damage_taken":0,"max_hp_gain":0,"max_hp_loss":0,"event_name":"Colosseum","floor":19,"gold_loss":0},{"damage_healed":0,"gold_gain":0,"player_choice":"Fought Nobs","damage_taken":0,"max_hp_gain":0,"max_hp_loss":0,"event_name":"Colosseum","floor":19,"gold_loss":0}],"is_beta":false,"boss_relics":[{"not_picked":["Tiny House","Nuclear Battery"],"picked":"Philosopher\u0027s Stone"}],"items_purged_floors":[5],"is_endless":false,"potions_floor_spawned":[7,8,10,16,19],"killed_by":"Spheric Guardian","ascension_level":3}