{"gold_per_floor":[113,188,0,20,20,46,78,90,157,169],"floor_reached":10,"playtime":256,"items_purged":[],"score":79,"play_id":"6580368b-baa2-4be8-a730-2c606211af10","local_time":"20190303114354","is_ascension_mode":true,"campfire_choices":[{"data":"Storm","floor":8,"key":"SMITH"}],"neow_cost":"NONE","seed_source_timestamp":141065683798268,"circlet_count":0,"master_deck":["Strike_B","Strike_B","Strike_B","Strike_B","Defend_B","Defend_B","Defend_B","Defend_B","Zap","Dualcast","Conserve Battery","Core Surge","Beam Cell","Storm+1","Loop","Coolheaded"],"relics":["Cracked Core","Oddly Smooth Stone","MawBank","Boot"],"potions_floor_usage":[1],"damage_taken":[{"damage":5,"enemies":"Small Slimes","floor":1,"turns":3},{"damage":6,"enemies":"Cultist","floor":4,"turns":3},{"damage":34,"enemies":"Lagavulin","floor":6,"turns":7},{"damage":6,"enemies":"Jaw Worm","floor":7,"turns":2},{"damage":20,"enemies":"Exordium Wildlife","floor":10,"turns":3}],"seed_played":"-2670614946608866628","potions_obtained":[{"floor":0,"key":"FairyPotion"},{"floor":0,"key":"EssenceOfSteel"},{"floor":0,"key":"Swift Potion"},{"floor":6,"key":"Weak Potion"},{"floor":7,"key":"SkillPotion"}],"is_trial":false,"path_per_floor":["M","?","$","M","?","E","M","R","T","M"],"character_chosen":"DEFECT","items_purchased":["Core Surge","Beam Cell"],"campfire_rested":0,"item_purchase_floors":[3,3],"current_hp_per_floor":[70,59,59,53,53,19,13,13,13,0],"gold":169,"neow_bonus":"THREE_SMALL_POTIONS","is_prod":false,"is_daily":false,"chose_seed":false,"campfire_upgraded":1,"win_rate":0,"timestamp":1551635034,"path_taken":["M","?","$","M","?","E","?","R","T","M"],"build_version":"2019-01-23","purchased_purges":0,"victory":false,"max_hp_per_floor":[75,75,75,75,75,75,75,75,75,75],"card_choices":[{"not_picked":["Steam","Chill"],"picked":"Conserve Battery","floor":1},{"not_picked":["Redo","Meteor Strike"],"picked":"Storm","floor":4},{"not_picked":["Melter","Stack"],"picked":"Loop","floor":6},{"not_picked":["Rebound","Redo"],"picked":"Coolheaded","floor":7}],"player_experience":278164,"relics_obtained":[{"floor":6,"key":"MawBank"},{"floor":9,"key":"Boot"}],"event_choices":[{"damage_healed":0,"gold_gain":75,"player_choice":"Gather Gold","damage_taken":11,"max_hp_gain":0,"max_hp_loss":0,"event_name":"World of Goop","floor":2,"gold_loss":0},{"damage_healed":0,"gold_gain":0,"player_choice":"Gave Potion","damage_taken":0,"relics_obtained":["Oddly Smooth Stone"],"max_hp_gain":0,"max_hp_loss":0,"event_name":"WeMeetAgain","floor":5,"gold_loss":0}],"is_beta":false,"boss_relics":[],"items_purged_floors":[],"is_endless":false,"potions_floor_spawned":[6,7],"killed_by":"Exordium Wildlife","ascension_level":4}