{"path_per_floor":["M","$","?","$","M","T","R","M","T","?","?","E","M","$","R","B",null,"M","?","M","M","M","R","?","?","T","T","?","M","M","$","R"],"character_chosen":"THE_SILENT","items_purchased":["Dash","Deadly Poison","Apotheosis"],"gold_per_floor":[117,42,42,2,15,15,15,30,57,82,32,64,84,61,61,158,158,172,172,190,205,222,222,222,222,249,249,249,263,279,3,3],"floor_reached":33,"campfire_rested":2,"playtime":1816,"current_hp_per_floor":[70,70,70,70,64,64,64,64,64,64,64,64,59,59,59,35,70,55,55,55,16,16,37,37,37,37,37,24,20,10,10,32],"items_purged":["Defend_G","Defend_G"],"gold":3,"score":270,"play_id":"61ccf98a-c7a5-4d3f-9a45-1d59d6c7500d","local_time":"20180304165640","is_prod":false,"is_daily":false,"is_ascension_mode":false,"campfire_upgraded":2,"timestamp":1520193400,"path_taken":["M","$","?","$","M","?","R","M","T","?","?","E","?","?","R","BOSS","M","?","M","M","M","R","?","?","T","?","?","M","M","$","R","BOSS"],"build_version":"2018-03-01-PROD1","purchased_purges":2,"victory":false,"master_deck":["Defend_G","Defend_G+1","Defend_G","Strike_G","Strike_G","Strike_G","Survivor","Neutralize+1","Dagger Throw","Dash+1","Reflex+1","Acrobatics","Deadly Poison","Adrenaline","Dagger Spray+1","Apotheosis"],"max_hp_per_floor":[70,70,70,70,70,70,70,70,70,70,70,70,70,70,70,70,70,70,70,70,70,70,70,70,70,70,70,75,75,75,75,75],"relics":["Ring of the Snake","Thread and Needle","War Paint","Odd Mushroom","Ancient Tea Set","Lizard Tail","Oddly Smooth Stone","Peace Pipe"],"card_choices":[{"not_picked":["Deflect","Dash"],"picked":"Dagger Throw"},{"not_picked":["Quick Slash","Dagger Spray"],"picked":"Reflex"},{"not_picked":["Bouncing Flask","Bane"],"picked":"Acrobatics"},{"not_picked":["Doppelganger","After Image"],"picked":"Adrenaline"},{"not_picked":["Riddle With Holes","Deadly Poison"],"picked":"Dagger Spray"}],"player_experience":407870,"potions_floor_usage":[10,10,13,13,21,22,22,30],"damage_taken":[{"damage":0,"enemies":"2 Louse","floor":1,"turns":2},{"damage":6,"enemies":"Cultist","floor":5,"turns":3},{"damage":0,"enemies":"Small Slimes","floor":8,"turns":3},{"damage":0,"enemies":"The Mushroom Lair","floor":10,"turns":4},{"damage":0,"enemies":"3 Sentries","floor":12,"turns":9},{"damage":5,"enemies":"Exordium Thugs","floor":13,"turns":2},{"damage":24,"enemies":"The Guardian","floor":16,"turns":15},{"damage":15,"enemies":"Shell Parasite","floor":18,"turns":8},{"damage":0,"enemies":"Chosen","floor":20,"turns":6},{"damage":39,"enemies":"Slaver and Parasite","floor":21,"turns":9},{"damage":0,"enemies":"Cultist and Chosen","floor":22,"turns":6},{"damage":4,"enemies":"Centurion and Healer","floor":29,"turns":6},{"damage":10,"enemies":"3 Cultists","floor":30,"turns":6},{"damage":75,"enemies":"Champ","floor":33,"turns":15}],"event_choices":[{"event_name":"The Lab","player_choice":"Got Potions","floor":3,"damage_taken":0},{"event_name":"Mushrooms","player_choice":"Fought Mushrooms","floor":10,"damage_taken":0},{"event_name":"The Cleric","player_choice":"Card Removal","floor":11,"damage_taken":0},{"event_name":"Vampires","player_choice":"Ignored","floor":19,"damage_taken":0},{"event_name":"Back to Basics","player_choice":"Elegance","floor":24,"damage_taken":0},{"event_name":"Cursed Tome","player_choice":"Ignored","floor":25,"damage_taken":0},{"event_name":"Forgotten Altar","player_choice":"Shed Blood","floor":28,"damage_taken":0}],"boss_relics":[{"not_picked":["Runic Dome","Eternal Feather"],"picked":"Lizard Tail"}],"potions_floor_spawned":[5,8,10,12,18,21,29],"seed_played":"-7408313822411110261","killed_by":"Champ","ascension_level":0,"is_trial":false}