{"gold_per_floor":[118,118,42,55,17,17,17,17,68,95,107,123,123,69,69,195,195,210,148,168,39,60,60,60,60,60,83,83,63,88,88,88,213,213,231,231,5,338,356,356,374,374,374,374,387,416,416,43,43,43],"floor_reached":51,"playtime":3376,"items_purged":["Injury","Strike_G","Strike_G+1"],"score":868,"play_id":"d0723304-e791-4ab8-81c1-a1002fb65116","local_time":"20190312030058","is_ascension_mode":true,"campfire_choices":[{"data":"Noxious Fumes","floor":6,"key":"SMITH"},{"data":"Catalyst","floor":8,"key":"SMITH"},{"floor":15,"key":"REST"},{"data":"Noxious Fumes","floor":23,"key":"SMITH"},{"data":"Envenom","floor":25,"key":"SMITH"},{"data":"Backflip","floor":28,"key":"SMITH"},{"floor":32,"key":"REST"},{"data":"Footwork","floor":40,"key":"SMITH"},{"data":"Noxious Fumes","floor":42,"key":"SMITH"},{"floor":47,"key":"REST"},{"floor":49,"key":"REST"}],"neow_cost":"NONE","seed_source_timestamp":939130738312960,"circlet_count":0,"master_deck":["Defend_G+1","Defend_G","Defend_G","Defend_G","Defend_G","Survivor","Catalyst+1","Phantasmal Killer","Noxious Fumes+1","Backstab","Corpse Explosion","Noxious Fumes+1","Backflip+1","Envenom+1","Slice+1","Flechettes+1","Flechettes+1","Well Laid Plans+1","Backflip","Escape Plan","Blur+1","Backflip","Catalyst+1","Burst","Backflip","Footwork+1","PiercingWail","Backflip","Noxious Fumes+1","Footwork+1","Escape Plan","Dodge and Roll+1","Backflip","Sadistic Nature","Footwork","Infinite Blades","Footwork","Noxious Fumes","Wraith Form v2"],"relics":["Ring of the Snake","Anchor","Snake Skull","Astrolabe","Sundial","The Courier","Orrery","Mercury Hourglass","Smiling Mask"],"potions_floor_usage":[16,46,50,50],"damage_taken":[{"damage":4,"enemies":"Small Slimes","floor":1,"turns":4},{"damage":0,"enemies":"2 Louse","floor":4,"turns":4},{"damage":29,"enemies":"3 Sentries","floor":10,"turns":7},{"damage":0,"enemies":"Cultist","floor":11,"turns":3},{"damage":0,"enemies":"2 Fungi Beasts","floor":12,"turns":2},{"damage":32,"enemies":"The Guardian","floor":16,"turns":7},{"damage":12,"enemies":"2 Thieves","floor":18,"turns":2},{"damage":0,"enemies":"3 Byrds","floor":20,"turns":2},{"damage":16,"enemies":"Shelled Parasite and Fungi","floor":22,"turns":5},{"damage":2,"enemies":"Snecko","floor":27,"turns":3},{"damage":19,"enemies":"Cultist and Chosen","floor":30,"turns":4},{"damage":10,"enemies":"Automaton","floor":33,"turns":5},{"damage":4,"enemies":"Orb Walker","floor":35,"turns":6},{"damage":0,"enemies":"3 Shapes","floor":39,"turns":4},{"damage":0,"enemies":"Maw","floor":41,"turns":4},{"damage":26,"enemies":"Sphere and 2 Shapes","floor":45,"turns":5},{"damage":16,"enemies":"Nemesis","floor":46,"turns":5},{"damage":34,"enemies":"Donu and Deca","floor":50,"turns":9}],"seed_played":"8054479370307950476","potions_obtained":[{"floor":4,"key":"PowerPotion"},{"floor":11,"key":"Block Potion"},{"floor":16,"key":"Swift Potion"},{"floor":18,"key":"SpeedPotion"},{"floor":35,"key":"PowerPotion"}],"is_trial":false,"path_per_floor":["M","?","$","M","$","R","?","R","T","E","M","M","?","$","R","B",null,"M","?","M","$","M","R","?","R","T","M","R","$","M","?","R","B",null,"M","?","$","?","M","R","M","R","T","?","M","E","R","$","R","B",null],"character_chosen":"THE_SILENT","items_purchased":["Phantasmal Killer","Noxious Fumes","Backflip","Backflip","Backflip","Noxious Fumes","Footwork","Escape Plan","Footwork","Infinite Blades","Footwork","Noxious Fumes","Wraith Form v2"],"campfire_rested":4,"item_purchase_floors":[3,5,14,21,29,37,37,37,48,48,48,48,48],"current_hp_per_floor":[66,52,52,52,52,52,52,52,52,23,23,23,23,23,44,12,70,58,58,58,58,42,42,42,42,42,40,40,40,21,21,42,32,70,66,66,66,66,66,66,66,66,66,66,40,24,45,45,66,32],"gold":43,"neow_bonus":"UPGRADE_CARD","is_prod":false,"is_daily":false,"chose_seed":false,"campfire_upgraded":7,"win_rate":0,"timestamp":1552374058,"path_taken":["M","?","$","M","$","R","?","R","T","E","M","M","?","?","R","BOSS","M","?","?","$","M","R","?","R","T","M","R","$","M","?","R","BOSS","M","?","$","?","M","R","M","R","T","?","M","E","R","?","R","BOSS"],"build_version":"2019-01-23","purchased_purges":3,"victory":true,"max_hp_per_floor":[70,70,70,70,70,70,70,70,70,70,70,70,70,70,70,70,70,70,70,70,70,70,70,70,70,70,70,70,70,70,70,70,70,70,70,70,70,70,70,70,70,70,70,70,70,70,70,70,70,70],"card_choices":[{"not_picked":["Bane","Dodge and Roll"],"picked":"Catalyst","floor":1},{"not_picked":["Underhanded Strike","Outmaneuver","Dagger Spray"],"picked":"SKIP","floor":4},{"not_picked":["Caltrops","Bane"],"picked":"Backstab","floor":10},{"not_picked":["Deadly Poison","PiercingWail"],"picked":"Corpse Explosion","floor":11},{"not_picked":["Deflect","Dagger Throw"],"picked":"Noxious Fumes","floor":12},{"not_picked":["Night Terror","Malaise"],"picked":"Envenom","floor":16},{"not_picked":["All Out Attack","Setup","Prepared"],"picked":"SKIP","floor":18},{"not_picked":["Dagger Throw","Dodge and Roll"],"picked":"Well Laid Plans+1","floor":20},{"not_picked":["Bane","Poisoned Stab"],"picked":"Escape Plan","floor":22},{"not_picked":["Leg Sweep+1","Dodge and Roll"],"picked":"Blur+1","floor":27},{"not_picked":["Terror+1","Outmaneuver","Prepared"],"picked":"SKIP","floor":30},{"not_picked":["Corpse Explosion","Night Terror"],"picked":"Burst","floor":33},{"not_picked":["Prepared","Dagger Throw"],"picked":"Backflip","floor":34},{"not_picked":["Dodge and Roll+1","PiercingWail"],"picked":"Footwork+1","floor":34},{"not_picked":["Flying Knee","Poisoned Stab"],"picked":"PiercingWail","floor":34},{"not_picked":["Poisoned Stab","Choke"],"picked":"Backflip","floor":34},{"not_picked":["Prepared+1","A Thousand Cuts","Flying Knee"],"picked":"SKIP","floor":35},{"not_picked":["Flechettes","Quick Slash"],"picked":"Dodge and Roll+1","floor":39},{"not_picked":["Sucker Punch","Underhanded Strike"],"picked":"Backflip","floor":41},{"not_picked":["Master of Strategy","Secret Weapon"],"picked":"Sadistic Nature","floor":44},{"not_picked":["Poisoned Stab+1","Heel Hook+1","Underhanded Strike"],"picked":"SKIP","floor":45},{"not_picked":["Flying Knee","Bane","Expertise+1"],"picked":"SKIP","floor":46}],"player_experience":1220765,"relics_obtained":[{"floor":9,"key":"Anchor"},{"floor":10,"key":"Snake Skull"},{"floor":26,"key":"The Courier"},{"floor":43,"key":"Mercury Hourglass"},{"floor":46,"key":"Smiling Mask"}],"event_choices":[{"damage_healed":0,"gold_gain":0,"player_choice":"Entered Light","damage_taken":14,"max_hp_gain":0,"max_hp_loss":0,"event_name":"Shining Light","floor":2,"gold_loss":0,"cards_upgraded":["Strike_G","Defend_G"]},{"damage_healed":0,"gold_gain":0,"player_choice":"Leave","damage_taken":0,"max_hp_gain":0,"max_hp_loss":0,"event_name":"The Cleric","floor":7,"gold_loss":0},{"damage_healed":0,"gold_gain":0,"player_choice":"Take Wound","damage_taken":0,"relics_obtained":["Golden Idol"],"max_hp_gain":0,"max_hp_loss":0,"event_name":"Golden Idol","floor":13,"gold_loss":0,"cards_obtained":["Injury"]},{"damage_healed":0,"gold_gain":0,"player_choice":"Paid Gold","damage_taken":0,"relics_obtained":["Sundial"],"max_hp_gain":0,"max_hp_loss":0,"event_name":"WeMeetAgain","floor":19,"gold_loss":62},{"damage_healed":0,"gold_gain":0,"player_choice":"Copied","damage_taken":0,"max_hp_gain":0,"max_hp_loss":0,"event_name":"Duplicator","floor":31,"gold_loss":0,"cards_obtained":["Catalyst"]},{"cards_removed":["Neutralize"],"damage_healed":0,"gold_gain":0,"player_choice":"Removed Attack","damage_taken":0,"max_hp_gain":0,"max_hp_loss":0,"event_name":"Falling","floor":36,"gold_loss":0},{"damage_healed":0,"gold_gain":333,"player_choice":"Gave Idol","damage_taken":0,"max_hp_gain":0,"max_hp_loss":0,"event_name":"The Moai Head","floor":38,"relics_lost":["Golden Idol"],"gold_loss":0},{"damage_healed":0,"gold_gain":0,"player_choice":"Memory 1","damage_taken":0,"max_hp_gain":0,"max_hp_loss":0,"event_name":"SensoryStone","floor":44,"gold_loss":0}],"is_beta":false,"boss_relics":[{"not_picked":["Runic Dome","Calling Bell"],"picked":"Astrolabe"},{"not_picked":["Black Star","Snecko Eye"],"picked":"Orrery"}],"items_purged_floors":[21,37,48],"is_endless":false,"potions_floor_spawned":[4,11,16,18,33,35],"ascension_level":3}