{"path_per_floor":["M","M","?","$","?","R","E","M","T","M","M","$","$","M","R","B",null,"M","$","M","M","M","R","M","?","T","M","?","M","R","?","R"],"character_chosen":"IRONCLAD","items_purchased":["Dual Wield","Ghostly Armor"],"gold_per_floor":[118,129,129,16,16,16,46,65,65,76,96,96,96,113,113,211,211,230,90,102,121,132,132,151,101,149,160,160,174,174,174,174],"floor_reached":33,"campfire_rested":2,"playtime":1080,"current_hp_per_floor":[72,72,72,72,72,72,72,68,68,68,69,69,69,64,64,16,82,72,72,60,46,23,47,37,37,37,45,45,39,64,64,64],"items_purged":["Strike_R","Strike_R"],"gold":174,"score":251,"play_id":"0cf811ca-cab0-4470-91d8-3a9593dead3c","local_time":"20180307115848","is_prod":false,"is_daily":false,"is_ascension_mode":false,"campfire_upgraded":3,"timestamp":1520434728,"path_taken":["M","M","?","$","?","R","E","M","T","M","M","?","$","M","R","BOSS","M","$","M","M","M","R","M","?","T","M","?","?","R","?","R","BOSS"],"build_version":"2018-03-01-PROD1","purchased_purges":2,"victory":false,"master_deck":["Strike_R","Strike_R","Strike_R","Defend_R","Defend_R","Defend_R","Bash","Fiend Fire+1","Headbutt+1","Dual Wield","Thunderclap","Cleave","Sentinel","Feel No Pain+1","Offering","Flame Barrier+1","Ghostly Armor","Rage","Whirlwind","Spot Weakness","Rampage"],"max_hp_per_floor":[72,72,72,72,72,72,82,82,82,82,82,82,82,82,82,82,82,82,82,82,82,82,82,82,82,82,84,84,84,84,84,84],"relics":["Burning Blood","Pear","Orichalcum","Runic Pyramid","Singing Bowl"],"card_choices":[{"not_picked":["Reaper","Double Tap"],"picked":"Fiend Fire"},{"not_picked":["True Grit","Armaments"],"picked":"Headbutt"},{"not_picked":["Bludgeon","Sever Soul"],"picked":"Thunderclap"},{"not_picked":["Power Through","Twin Strike"],"picked":"Cleave"},{"not_picked":["Inflame","Dropkick"],"picked":"Sentinel"},{"not_picked":["Entrench","Perfected Strike"],"picked":"Feel No Pain"},{"not_picked":["Bludgeon","Immolate"],"picked":"Offering"},{"not_picked":["Combust","Flex"],"picked":"Flame Barrier"},{"not_picked":["Clothesline","Inflame"],"picked":"Rage"},{"not_picked":["Searing Blow","Burning Pact"],"picked":"Whirlwind"},{"not_picked":["Flex","Clash"],"picked":"Spot Weakness"},{"not_picked":["Headbutt","Inflame"],"picked":"Rampage"}],"player_experience":524238,"potions_floor_usage":[2,16,16,22,24,27,33],"damage_taken":[{"damage":6,"enemies":"Cultist","floor":1,"turns":3},{"damage":2,"enemies":"2 Louse","floor":2,"turns":3},{"damage":16,"enemies":"Gremlin Nob","floor":7,"turns":3},{"damage":10,"enemies":"Small Slimes","floor":8,"turns":2},{"damage":6,"enemies":"Blue Slaver","floor":10,"turns":2},{"damage":5,"enemies":"Looter","floor":11,"turns":2},{"damage":11,"enemies":"Exordium Thugs","floor":14,"turns":4},{"damage":54,"enemies":"The Guardian","floor":16,"turns":10},{"damage":16,"enemies":"Chosen","floor":18,"turns":5},{"damage":18,"enemies":"2 Thieves","floor":20,"turns":3},{"damage":20,"enemies":"Snake Plant","floor":21,"turns":3},{"damage":29,"enemies":"3 Cultists","floor":22,"turns":6},{"damage":16,"enemies":"Centurion and Healer","floor":24,"turns":6},{"damage":0,"enemies":"Snecko","floor":27,"turns":2},{"damage":12,"enemies":"Snake Plant","floor":29,"turns":4},{"damage":72,"enemies":"Automaton","floor":33,"turns":10}],"event_choices":[{"event_name":"Accursed Blacksmith","player_choice":"Forge","floor":3,"damage_taken":0},{"event_name":"Bonfire Elementals","player_choice":"BASIC","floor":5,"damage_taken":0},{"event_name":"The Joust","player_choice":"Bet on Murderer","floor":25,"damage_taken":0},{"event_name":"Vampires","player_choice":"Ignored","floor":28,"damage_taken":0},{"event_name":"Drug Dealer","player_choice":"Ignored","floor":31,"damage_taken":0}],"boss_relics":[{"not_picked":["Lizard Tail","Pandora\u0027s Box"],"picked":"Runic Pyramid"}],"potions_floor_spawned":[1,8,14,21,22,24,29],"seed_played":"6488938768546872423","killed_by":"Automaton","ascension_level":0,"is_trial":false}