{"path_per_floor":["M","?","M","M","$","?","?","R","T","$","?","M","M","M","R","B",null,"M","?"],"character_chosen":"THE_SILENT","items_purchased":["PiercingWail","Well Laid Plans"],"gold_per_floor":[118,118,132,151,52,52,52,52,79,42,42,57,71,41,41,141,141,152,152],"floor_reached":20,"campfire_rested":0,"playtime":1077,"current_hp_per_floor":[62,55,52,52,52,52,52,52,52,52,52,48,47,47,47,8,52,30,30],"items_purged":["Strike_G"],"gold":152,"score":269,"play_id":"1735c457-78cb-4583-9983-9a88da831293","local_time":"20180305171709","is_prod":false,"is_daily":false,"is_ascension_mode":true,"campfire_upgraded":2,"timestamp":1520281029,"path_taken":["M","?","M","?","$","?","?","R","T","$","?","?","M","M","R","BOSS","M","?","M"],"build_version":"2018-03-01-PROD1","purchased_purges":1,"victory":false,"master_deck":["Defend_G","Defend_G","Defend_G","Defend_G","Survivor","Neutralize+1","Blur+1","PiercingWail","Well Laid Plans","Wraith Form+1","Backflip","Bite","Bite","Bite","Bite","Bite"],"max_hp_per_floor":[67,67,67,67,67,67,67,67,67,67,67,67,67,67,67,67,67,67,46],"relics":["Ring of the Snake","Vajra","Black Star"],"card_choices":[{"not_picked":["Crippling Poison","Poisoned Stab"],"picked":"Blur"},{"not_picked":["PiercingWail","Reflex"],"picked":"Cloak And Dagger"},{"not_picked":["Flying Knee","Leg Sweep"],"picked":"Wraith Form"},{"not_picked":["Quick Slash","Acrobatics"],"picked":"Backflip"}],"player_experience":437163,"potions_floor_usage":[12,13,16,18],"damage_taken":[{"damage":1,"enemies":"Cultist","floor":1,"turns":4},{"damage":3,"enemies":"Jaw Worm","floor":3,"turns":7},{"damage":0,"enemies":"2 Louse","floor":4,"turns":4},{"damage":4,"enemies":"Exordium Thugs","floor":12,"turns":6},{"damage":1,"enemies":"2 Fungi Beasts","floor":13,"turns":3},{"damage":0,"enemies":"Looter","floor":14,"turns":4},{"damage":54,"enemies":"Hexaghost","floor":16,"turns":16},{"damage":22,"enemies":"Chosen","floor":18,"turns":8},{"damage":46,"enemies":"Spheric Guardian","floor":20,"turns":7}],"event_choices":[{"event_name":"Golden Wing","player_choice":"Card Removal","floor":2,"damage_taken":0},{"event_name":"Upgrade Shrine","player_choice":"Upgraded","floor":6,"damage_taken":0},{"event_name":"Living Wall","player_choice":"Forget","floor":7,"damage_taken":0},{"event_name":"Dead Adventurer","player_choice":"Searched \u00271\u0027 times","floor":11,"damage_taken":0},{"event_name":"Vampires","player_choice":"Became a vampire","floor":19,"damage_taken":0}],"boss_relics":[{"not_picked":["Philosopher\u0027s Stone","White Beast Statue"],"picked":"Black Star"}],"potions_floor_spawned":[1,4,12,16,18],"seed_played":"-8696699842439259133","killed_by":"Spheric Guardian","ascension_level":10,"is_trial":false}