{"gold_per_floor":[128,160,172,199,171,183,205,235,271,298,338,350,362,386,398,510,522,517,529,561,593,619,631,48,48,98,113,131,131,56,73,73,175,175,191,291,309,61,61,61,61,73,73,73,34,52,62,79,79,79],"floor_reached":51,"playtime":3307,"items_purged":["Strike_R"],"score":905,"play_id":"00e55654-2bb5-4820-8e00-1988a4fdb835","local_time":"20190307030438","is_ascension_mode":false,"campfire_choices":[{"data":"Hemokinesis","floor":6,"key":"SMITH"},{"data":"Feel No Pain","floor":12,"key":"SMITH"},{"data":"Feel No Pain","floor":15,"key":"SMITH"},{"data":"Clothesline","floor":23,"key":"SMITH"},{"data":"Rage","floor":32,"key":"SMITH"},{"data":"Corruption","floor":40,"key":"SMITH"},{"data":"Dark Embrace","floor":44,"key":"SMITH"},{"data":"Metallicize","floor":49,"key":"SMITH"}],"neow_cost":"NONE","seed_source_timestamp":0,"circlet_count":0,"master_deck":["Defend_R","Defend_R","Bash","Rampage","Hemokinesis+1","Feel No Pain+1","Clothesline+1","Feel No Pain+1","Exhume","Headbutt","Demon Form","Battle Trance","Necronomicurse","Armaments","Warcry","Havoc+1","Shrug It Off","Rage+1","Dark Embrace+1","Exhume+1","Offering+1","Corruption+1","Uppercut+1","Disarm+1","Metallicize+1","Shrug It Off","Ghostly Armor+1"],"special_seed":0,"relics":["Burning Blood","MawBank","Centennial Puzzle","Ancient Tea Set","Oddly Smooth Stone","Coffee Dripper","Necronomicon","Lee\u0027s Waffle","Charon\u0027s Ashes","Art of War","Astrolabe","Ginger","Shuriken","Self Forming Clay","Mercury Hourglass"],"potions_floor_usage":[5,8,11,20,21,37,50,50,50],"damage_taken":[{"damage":6,"enemies":"Jaw Worm","floor":1,"turns":5},{"damage":9,"enemies":"Small Slimes","floor":2,"turns":3},{"damage":4,"enemies":"Cultist","floor":4,"turns":3},{"damage":12,"enemies":"Looter","floor":7,"turns":2},{"damage":21,"enemies":"Exordium Wildlife","floor":8,"turns":5},{"damage":1,"enemies":"3 Louse","floor":10,"turns":5},{"damage":20,"enemies":"Lagavulin","floor":11,"turns":6},{"damage":8,"enemies":"Gremlin Gang","floor":14,"turns":4},{"damage":20,"enemies":"Slime Boss","floor":16,"turns":9},{"damage":29,"enemies":"2 Thieves","floor":18,"turns":4},{"damage":2,"enemies":"Shell Parasite","floor":20,"turns":2},{"damage":29,"enemies":"Sentry and Sphere","floor":21,"turns":8},{"damage":10,"enemies":"Snecko","floor":22,"turns":5},{"damage":5,"enemies":"3 Cultists","floor":27,"turns":4},{"damage":17,"enemies":"Sentry and Sphere","floor":28,"turns":5},{"damage":9,"enemies":"Snake Plant","floor":31,"turns":5},{"damage":4,"enemies":"Champ","floor":33,"turns":7},{"damage":15,"enemies":"3 Darklings","floor":35,"turns":3},{"damage":0,"enemies":"Mind Bloom Boss Battle","floor":36,"turns":3},{"damage":6,"enemies":"Orb Walker","floor":37,"turns":4},{"damage":10,"enemies":"Maw","floor":42,"turns":8},{"damage":6,"enemies":"3 Darklings","floor":46,"turns":6},{"damage":8,"enemies":"Sphere and 2 Shapes","floor":47,"turns":7},{"damage":6,"enemies":"Writhing Mass","floor":48,"turns":6},{"damage":29,"enemies":"Awakened One","floor":50,"turns":10}],"seed_played":"5113851707029707003","potions_obtained":[{"floor":1,"key":"AttackPotion"},{"floor":2,"key":"Block Potion"},{"floor":5,"key":"Fruit Juice"},{"floor":5,"key":"Regen Potion"},{"floor":16,"key":"Regen Potion"},{"floor":18,"key":"Swift Potion"},{"floor":21,"key":"AttackPotion"},{"floor":22,"key":"Poison Potion"},{"floor":35,"key":"AttackPotion"},{"floor":37,"key":"LiquidBronze"},{"floor":48,"key":"Weak Potion"}],"is_trial":false,"path_per_floor":["M","M","?","M","?","R","M","M","T","M","E","R","?","M","R","B",null,"M","?","M","M","M","R","$","?","T","M","M","?","?","M","R","B",null,"M","?","M","$","?","R","T","M","T","R","$","M","M","M","R","B",null],"character_chosen":"IRONCLAD","items_purchased":["Lee\u0027s Waffle","Charon\u0027s Ashes","Shrug It Off","Shuriken","Metallicize"],"campfire_rested":0,"item_purchase_floors":[24,24,24,38,45],"current_hp_per_floor":[80,77,77,79,84,84,78,75,75,80,66,66,59,57,57,43,85,62,46,50,42,38,38,92,92,92,92,81,81,81,78,78,80,92,83,89,89,89,89,89,89,85,85,85,85,85,83,83,83,60],"gold":79,"neow_bonus":"RANDOM_COMMON_RELIC","is_prod":false,"is_daily":false,"chose_seed":false,"campfire_upgraded":8,"win_rate":0,"timestamp":1551945878,"path_taken":["M","M","?","M","?","R","M","M","T","?","E","R","?","M","R","BOSS","M","?","M","M","M","R","$","?","T","M","?","?","?","M","R","BOSS","M","?","M","$","?","R","?","M","T","R","?","?","M","M","R","BOSS"],"build_version":"2019-01-23","purchased_purges":1,"victory":true,"max_hp_per_floor":[80,80,80,80,85,85,85,85,85,85,85,85,85,85,85,85,85,85,85,85,85,85,85,92,92,92,92,92,92,92,92,92,92,92,92,92,92,92,92,92,92,92,92,92,92,92,92,92,92,92],"card_choices":[{"not_picked":["Rage","Clash"],"picked":"Rampage","floor":1},{"not_picked":["Heavy Blade","Rage"],"picked":"Hemokinesis","floor":2},{"not_picked":["Burning Pact","Havoc"],"picked":"Feel No Pain","floor":4},{"not_picked":["Cleave","Wild Strike"],"picked":"Clothesline","floor":7},{"not_picked":["Havoc","Clothesline"],"picked":"Feel No Pain","floor":8},{"not_picked":["Sword Boomerang","Perfected Strike","Seeing Red"],"picked":"SKIP","floor":10},{"not_picked":["Entrench","Clothesline"],"picked":"Exhume","floor":11},{"not_picked":["Perfected Strike","Dual Wield"],"picked":"Headbutt","floor":14},{"not_picked":["Brutality","Double Tap"],"picked":"Demon Form","floor":16},{"not_picked":["Armaments","Inflame"],"picked":"Battle Trance","floor":18},{"not_picked":["Pommel Strike","True Grit"],"picked":"Armaments","floor":20},{"not_picked":["Armaments+1","Perfected Strike"],"picked":"Warcry","floor":21},{"not_picked":["Rupture","Anger"],"picked":"Havoc+1","floor":22},{"not_picked":["Cleave+1","Sever Soul+1","Bloodletting"],"picked":"SKIP","floor":27},{"not_picked":["Headbutt","Fire Breathing","Sever Soul"],"picked":"SKIP","floor":28},{"not_picked":["Combust","Clash","Rage"],"picked":"SKIP","floor":31},{"not_picked":["Fiend Fire","Limit Break"],"picked":"Dark Embrace","floor":33},{"not_picked":["Cleave","Heavy Blade","Flex+1"],"picked":"SKIP","floor":35},{"not_picked":["Blood for Blood","Burning Pact+1"],"picked":"Corruption","floor":36},{"not_picked":["Havoc+1","Thunderclap"],"picked":"Uppercut+1","floor":37},{"not_picked":["Shrug It Off+1","Pommel Strike"],"picked":"Disarm+1","floor":42},{"not_picked":["Flex+1","Pommel Strike"],"picked":"Shrug It Off","floor":46},{"not_picked":["Clash","Dropkick+1"],"picked":"Ghostly Armor+1","floor":47},{"not_picked":["Headbutt","Immolate","Perfected Strike"],"picked":"SKIP","floor":48}],"player_experience":545775,"relics_obtained":[{"floor":9,"key":"Centennial Puzzle"},{"floor":11,"key":"Ancient Tea Set"},{"floor":19,"key":"Necronomicon"},{"floor":26,"key":"Art of War"},{"floor":36,"key":"Ginger"},{"floor":41,"key":"Self Forming Clay"},{"floor":43,"key":"Mercury Hourglass"}],"event_choices":[{"cards_removed":["Strike_R"],"damage_healed":0,"gold_gain":0,"player_choice":"Forget","damage_taken":0,"max_hp_gain":0,"max_hp_loss":0,"event_name":"Living Wall","floor":3,"gold_loss":0},{"damage_healed":0,"gold_gain":0,"player_choice":"Bought 3 Potions","damage_taken":0,"max_hp_gain":0,"max_hp_loss":0,"event_name":"The Woman in Blue","floor":5,"gold_loss":0},{"damage_healed":0,"gold_gain":0,"player_choice":"Success","damage_taken":7,"relics_obtained":["Oddly Smooth Stone"],"max_hp_gain":0,"max_hp_loss":0,"event_name":"Scrap Ooze","floor":13,"gold_loss":0},{"damage_healed":0,"gold_gain":0,"player_choice":"Obtained Book","damage_taken":16,"max_hp_gain":0,"max_hp_loss":0,"event_name":"Cursed Tome","floor":19,"gold_loss":0},{"damage_healed":0,"gold_gain":0,"player_choice":"Ignored","damage_taken":0,"max_hp_gain":0,"max_hp_loss":0,"event_name":"NoteForYourself","floor":25,"gold_loss":0},{"damage_healed":0,"gold_gain":0,"cards_transformed":["Defend_R","Strike_R"],"player_choice":"Became Test Subject","damage_taken":0,"max_hp_gain":0,"max_hp_loss":0,"event_name":"Drug Dealer","floor":29,"gold_loss":0,"cards_obtained":["Rage","Dropkick"]},{"cards_removed":["Strike_R"],"damage_healed":0,"gold_gain":0,"player_choice":"Gave Gold","damage_taken":0,"max_hp_gain":0,"max_hp_loss":0,"event_name":"Beggar","floor":30,"gold_loss":75},{"damage_healed":0,"gold_gain":0,"player_choice":"Fight","damage_taken":0,"max_hp_gain":0,"max_hp_loss":0,"event_name":"MindBloom","floor":36,"gold_loss":0},{"cards_removed":["Whirlwind"],"damage_healed":0,"gold_gain":0,"player_choice":"Removed Attack","damage_taken":0,"max_hp_gain":0,"max_hp_loss":0,"event_name":"Falling","floor":39,"gold_loss":0}],"is_beta":false,"boss_relics":[{"not_picked":["Empty Cage","Runic Pyramid"],"picked":"Coffee Dripper"},{"not_picked":["Busted Crown","Black Blood"],"picked":"Astrolabe"}],"items_purged_floors":[24],"is_endless":false,"potions_floor_spawned":[1,2,7,16,18,21,22,31,35,37,48],"ascension_level":0}