{"gold_per_floor":[114,114,114,114,39,52,52,77,77,117,153,153,153,168,168,297,297,318,233,358,358,377,415,415,433,486,89,120,155,186,41,41,172,172,191,191,191,161,181,181,215,215,215,25,25,46,46,60,60,60,60,60,11,51,51],"floor_reached":55,"playtime":2528,"items_purged":["Regret","Strike_B"],"score":1090,"play_id":"76d72051-d4d1-4a92-8a7b-b3cd6e926107","local_time":"20190113222235","is_ascension_mode":true,"campfire_choices":[{"data":"Beam Cell","floor":7.0,"key":"SMITH"},{"data":"Sunder","floor":13.0,"key":"SMITH"},{"data":"Conserve Battery","floor":15.0,"key":"SMITH"},{"floor":24.0,"key":"REST"},{"floor":32.0,"key":"REST"},{"data":"1","floor":40.0,"key":"LIFT"},{"floor":42.0,"key":"RECALL"},{"data":"2","floor":45.0,"key":"LIFT"},{"data":"3","floor":49.0,"key":"LIFT"},{"data":"Mayhem","floor":52,"key":"SMITH"}],"neow_cost":"NONE","seed_source_timestamp":0,"circlet_count":0,"master_deck":["Strike_B","Strike_B","Strike_B","Defend_B+1","Defend_B","Defend_B","Zap","Dualcast+1","Buffer","Conserve Battery+1","Beam Cell+1","Rebound","Sunder+1","Ball Lightning+1","Sweeping Beam","BootSequence+1","Rip and Tear+1","Secret Weapon","Melter+1","Mayhem+1","Decay","Go for the Eyes+1","Streamline"],"special_seed":0,"relics":["Cracked Core","Pen Nib","Golden Idol","Bag of Preparation","Thread and Needle","Odd Mushroom","Dodecahedron","Black Star","Centennial Puzzle","Incense Burner","Darkstone Periapt","Oddly Smooth Stone","Bag of Marbles","Tiny Chest","Girya","Letter Opener","WingedGreaves","Vajra","Regal Pillow","War Paint","MawBank","PreservedInsect","Busted Crown","Emotion Chip","Bird Faced Urn","Mango","Strawberry","DataDisk"],"potions_floor_usage":[50,50,50,54],"damage_taken":[{"damage":7.0,"enemies":"Small Slimes","floor":1.0,"turns":3.0},{"damage":0.0,"enemies":"Jaw Worm","floor":6.0,"turns":3.0},{"damage":0.0,"enemies":"2 Louse","floor":8.0,"turns":2.0},{"damage":19.0,"enemies":"Lagavulin","floor":10.0,"turns":6.0},{"damage":7.0,"enemies":"The Mushroom Lair","floor":11.0,"turns":4.0},{"damage":0.0,"enemies":"Looter","floor":14.0,"turns":1.0},{"damage":10.0,"enemies":"The Guardian","floor":16.0,"turns":9.0},{"damage":7.0,"enemies":"Spheric Guardian","floor":18.0,"turns":3.0},{"damage":0.0,"enemies":"Colosseum Slavers","floor":20.0,"turns":2.0},{"damage":8.0,"enemies":"Colosseum Nobs","floor":20.0,"turns":3.0},{"damage":8.0,"enemies":"Chosen","floor":22.0,"turns":3.0},{"damage":40.0,"enemies":"Book of Stabbing","floor":23.0,"turns":5.0},{"damage":0.0,"enemies":"Snecko","floor":25.0,"turns":4.0},{"damage":0.0,"enemies":"Slavers","floor":28.0,"turns":4.0},{"damage":7.0,"enemies":"Gremlin Leader","floor":29.0,"turns":5.0},{"damage":17.0,"enemies":"Book of Stabbing","floor":30.0,"turns":3.0},{"damage":33.0,"enemies":"Champ","floor":33.0,"turns":11.0},{"damage":0.0,"enemies":"Orb Walker","floor":35.0,"turns":2.0},{"damage":0.0,"enemies":"3 Shapes","floor":39.0,"turns":4.0},{"damage":0.0,"enemies":"Reptomancer","floor":41.0,"turns":4.0},{"damage":0.0,"enemies":"Maw","floor":46.0,"turns":5.0},{"damage":24.0,"enemies":"Spire Growth","floor":48.0,"turns":3.0},{"damage":46,"enemies":"Donu and Deca","floor":50,"turns":10},{"damage":40,"enemies":"Shield and Spear","floor":54,"turns":3},{"damage":85,"enemies":"The Heart","floor":55,"turns":3}],"seed_played":"4556535766583840494","potions_obtained":[{"floor":8.0,"key":"Fire Potion"},{"floor":14.0,"key":"AttackPotion"},{"floor":16.0,"key":"FairyPotion"},{"floor":20.0,"key":"GamblersBrew"},{"floor":22.0,"key":"LiquidBronze"},{"floor":23.0,"key":"Strength Potion"},{"floor":29.0,"key":"PowerPotion"},{"floor":38.0,"key":"AttackPotion"},{"floor":38.0,"key":"Weak Potion"},{"floor":41.0,"key":"FocusPotion"}],"is_trial":false,"path_per_floor":["M","?","?","?","$","M","R","M","T","E","?","T","R","M","R","B",null,"M","?","?","?","M","E","R","M","T","$","E","E","E","$","R","B",null,"M","?","?","?","M","R","E","R","T","$","R","M","?","M","R","B",null,"R","$","E","B"],"character_chosen":"DEFECT","items_purchased":["Girya","PreservedInsect","Mayhem","SkillPotion"],"campfire_rested":2,"item_purchase_floors":[27,31,44,53],"current_hp_per_floor":[68,68,68,56,56,56,56,56,56,37,30,30,30,30,30,20,57,50,50,42,42,34,6,26,26,26,26,26,19,2,2,37,4,53,53,53,53,53,53,53,53,53,67,67,67,71,77,53,53,11,70,70,70,41,0],"gold":51,"neow_bonus":"TRANSFORM_CARD","is_prod":false,"is_daily":false,"chose_seed":false,"campfire_upgraded":4,"win_rate":0,"timestamp":1547425355,"path_taken":["M","?","?","?","$","M","R","M","T","E","?","?","R","?","R","BOSS","M","?","?","?","M","E","R","?","T","$","E","E","E","$","R","BOSS","M","?","?","?","?","R","E","R","T","$","R","M","?","M","R","BOSS","R","$","E","BOSS"],"build_version":"2019-01-10","purchased_purges":2,"victory":false,"max_hp_per_floor":[75,75,69,69,69,69,69,69,69,69,69,69,69,69,69,69,69,69,69,69,69,69,69,69,69,69,69,69,69,69,69,69,69,69,69,69,69,69,69,69,69,69,83,83,83,83,89,89,89,89,89,89,89,96,96],"card_choices":[{"not_picked":["Coolheaded","Sweeping Beam"],"picked":"Conserve Battery","floor":1.0},{"not_picked":["Rebound","Go for the Eyes"],"picked":"Beam Cell","floor":6.0},{"not_picked":["Stack","Glacier","Beam Cell"],"picked":"SKIP","floor":8.0},{"not_picked":["Stack","Seek"],"picked":"Rebound","floor":10.0},{"not_picked":["Redo","Storm"],"picked":"Sunder","floor":11.0},{"not_picked":["Compile Driver","Coolheaded","Leap"],"picked":"SKIP","floor":14.0},{"not_picked":["Redo","Steam Power"],"picked":"Ball Lightning+1","floor":18.0},{"not_picked":["Turbo","Steam"],"picked":"Sweeping Beam","floor":22.0},{"not_picked":["Ball Lightning","Doom and Gloom"],"picked":"BootSequence+1","floor":23.0},{"not_picked":["Steam Power","Coolheaded","Glacier"],"picked":"SKIP","floor":25.0},{"not_picked":["Ball Lightning","Capacitor"],"picked":"Rip and Tear+1","floor":28.0},{"not_picked":["Rebound","Redo","Hologram+1"],"picked":"SKIP","floor":29.0},{"not_picked":["Blizzard","Stack","Skim"],"picked":"SKIP","floor":30.0},{"not_picked":["Turbo"],"picked":"SKIP","floor":35.0},{"not_picked":[],"picked":"Secret Weapon","floor":36.0},{"not_picked":[],"picked":"Melter+1","floor":39.0},{"not_picked":["Skim"],"picked":"SKIP","floor":41.0},{"not_picked":["Hologram+1"],"picked":"SKIP","floor":46.0},{"not_picked":[],"picked":"Go for the Eyes+1","floor":48.0},{"not_picked":[],"picked":"Streamline","floor":54}],"player_experience":899476,"relics_obtained":[{"floor":10.0,"key":"Thread and Needle"},{"floor":11.0,"key":"Odd Mushroom"},{"floor":12.0,"key":"Dodecahedron"},{"floor":20.0,"key":"Incense Burner"},{"floor":20.0,"key":"Darkstone Periapt"},{"floor":23.0,"key":"Oddly Smooth Stone"},{"floor":23.0,"key":"Bag of Marbles"},{"floor":26.0,"key":"Tiny Chest"},{"floor":28.0,"key":"Letter Opener"},{"floor":28.0,"key":"WingedGreaves"},{"floor":29.0,"key":"Vajra"},{"floor":29.0,"key":"Regal Pillow"},{"floor":30.0,"key":"War Paint"},{"floor":30.0,"key":"MawBank"},{"floor":41.0,"key":"Emotion Chip"},{"floor":41.0,"key":"Bird Faced Urn"},{"floor":43.0,"key":"Mango"},{"floor":54,"key":"Strawberry"},{"floor":54,"key":"DataDisk"}],"event_choices":[{"damage_healed":0.0,"max_hp_gain":0.0,"max_hp_loss":0.0,"gold_gain":0.0,"event_name":"Big Fish","player_choice":"Box","floor":2.0,"gold_loss":0.0,"damage_taken":0.0,"relics_obtained":["Pen Nib"],"cards_obtained":["Regret"]},{"damage_healed":0.0,"max_hp_gain":0.0,"max_hp_loss":6.0,"gold_gain":0.0,"event_name":"Golden Idol","player_choice":"Lose Max HP","floor":3.0,"gold_loss":0.0,"damage_taken":0.0,"relics_obtained":["Golden Idol"]},{"damage_healed":0.0,"max_hp_gain":0.0,"max_hp_loss":0.0,"gold_gain":0.0,"event_name":"Scrap Ooze","player_choice":"Success","floor":4.0,"gold_loss":0.0,"damage_taken":12.0,"relics_obtained":["Bag of Preparation"]},{"damage_healed":0.0,"max_hp_gain":0.0,"max_hp_loss":0.0,"gold_gain":0.0,"event_name":"Mushrooms","player_choice":"Fought Mushrooms","floor":11.0,"gold_loss":0.0,"damage_taken":0.0},{"damage_healed":0.0,"max_hp_gain":0.0,"max_hp_loss":0.0,"gold_gain":0.0,"event_name":"Addict","player_choice":"Obtained Relic","floor":19.0,"gold_loss":85.0,"damage_taken":0.0,"relics_obtained":["Centennial Puzzle"]},{"damage_healed":0.0,"max_hp_gain":0.0,"max_hp_loss":0.0,"gold_gain":0.0,"event_name":"Colosseum","player_choice":"Fight","floor":20.0,"gold_loss":0.0,"damage_taken":0.0},{"damage_healed":0.0,"max_hp_gain":0.0,"max_hp_loss":0.0,"gold_gain":0.0,"event_name":"Colosseum","player_choice":"Fought Nobs","floor":20.0,"gold_loss":0.0,"damage_taken":0.0},{"damage_healed":0.0,"max_hp_gain":0.0,"max_hp_loss":0.0,"gold_gain":0.0,"event_name":"Ghosts","player_choice":"Ignored","floor":21.0,"gold_loss":0.0,"damage_taken":0.0},{"damage_healed":0.0,"max_hp_gain":0.0,"max_hp_loss":0.0,"gold_gain":0.0,"event_name":"SensoryStone","player_choice":"Memory 1","floor":36.0,"gold_loss":0.0,"damage_taken":0.0},{"damage_healed":0.0,"max_hp_gain":0.0,"max_hp_loss":0.0,"gold_gain":0.0,"event_name":"Tomb of Lord Red Mask","player_choice":"Ignored","floor":37.0,"gold_loss":0.0,"damage_taken":0.0},{"damage_healed":0.0,"max_hp_gain":0.0,"max_hp_loss":0.0,"gold_gain":0.0,"event_name":"The Woman in Blue","player_choice":"Bought 2 Potions","floor":38.0,"gold_loss":0.0,"damage_taken":0.0},{"damage_healed":0.0,"max_hp_gain":0.0,"max_hp_loss":0.0,"gold_gain":0.0,"event_name":"Wheel of Change","player_choice":"Cursed","floor":47.0,"gold_loss":0.0,"damage_taken":0.0,"cards_obtained":["Decay"]}],"is_beta":true,"boss_relics":[{"not_picked":["White Beast Statue","Empty Cage"],"picked":"Black Star"},{"not_picked":["Eternal Feather","Velvet Choker"],"picked":"Busted Crown"}],"items_purged_floors":[5,27],"is_endless":false,"potions_floor_spawned":[8,14,16,20,22,23,29,41,46],"killed_by":"The Heart","ascension_level":5}