{"gold_per_floor":[114,131,131,131,145,178,178,191,272,33,63,81,81,95,95,191,191,210,210],"floor_reached":19,"playtime":828,"items_purged":[],"score":197,"play_id":"20aebfb0-8f3a-4534-bdf9-ae1e5e8a8296","local_time":"20190225204219","is_ascension_mode":true,"campfire_choices":[{"data":"Streamline","floor":7,"key":"SMITH"},{"data":"White Noise","floor":13,"key":"SMITH"},{"data":"Heatsinks","floor":15,"key":"SMITH"}],"neow_cost":"NONE","seed_source_timestamp":11747418330459,"circlet_count":0,"master_deck":["Strike_B","Strike_B","Strike_B","Strike_B","Defend_B","Defend_B","Defend_B","Defend_B","Zap","Dualcast","Genetic Algorithm","Streamline+1","Conserve Battery","Go for the Eyes","White Noise+1","Capacitor","Ball Lightning","Heatsinks+1","Echo Form","Glacier+1"],"relics":["Cracked Core","Calipers","Dream Catcher","Dodecahedron","Toxic Egg 2","Smiling Mask","Nuclear Battery"],"potions_floor_usage":[6,16,16,16,16,16,19],"damage_taken":[{"damage":0,"enemies":"Small Slimes","floor":1,"turns":3},{"damage":1,"enemies":"Jaw Worm","floor":2,"turns":4},{"damage":0,"enemies":"Cultist","floor":5,"turns":3},{"damage":12,"enemies":"Lagavulin","floor":6,"turns":5},{"damage":0,"enemies":"2 Fungi Beasts","floor":8,"turns":3},{"damage":19,"enemies":"3 Sentries","floor":11,"turns":7},{"damage":7,"enemies":"3 Louse","floor":12,"turns":4},{"damage":0,"enemies":"Exordium Thugs","floor":14,"turns":4},{"damage":10,"enemies":"The Guardian","floor":16,"turns":9},{"damage":0,"enemies":"Chosen","floor":18,"turns":4},{"damage":58,"enemies":"Colosseum Slavers","floor":19,"turns":6},{"damage":35,"enemies":"Colosseum Nobs","floor":19,"turns":4}],"seed_played":"7504835027958785850","potions_obtained":[{"floor":0,"key":"GamblersBrew"},{"floor":0,"key":"PowerPotion"},{"floor":0,"key":"EntropicBrew"},{"floor":6,"key":"PowerPotion"},{"floor":11,"key":"GamblersBrew"},{"floor":14,"key":"EntropicBrew"},{"floor":16,"key":"Weak Potion"}],"is_trial":false,"path_per_floor":["M","M","?","?","M","E","R","M","T","$","E","M","R","M","R","B",null,"M","?"],"character_chosen":"DEFECT","items_purchased":["Toxic Egg 2"],"campfire_rested":0,"item_purchase_floors":[10],"current_hp_per_floor":[75,74,79,79,79,67,67,67,67,67,48,41,41,41,41,31,80,80,0],"gold":210,"neow_bonus":"THREE_SMALL_POTIONS","is_prod":false,"is_daily":false,"chose_seed":false,"campfire_upgraded":3,"win_rate":0,"timestamp":1551148939,"path_taken":["M","M","?","?","M","E","R","M","T","$","E","M","R","M","R","BOSS","M","?"],"build_version":"2019-01-23","purchased_purges":0,"victory":false,"max_hp_per_floor":[75,75,80,80,80,80,80,80,80,80,80,80,80,80,80,80,80,80,80],"card_choices":[{"not_picked":["Coolheaded","Force Field"],"picked":"Genetic Algorithm","floor":1},{"not_picked":["Recycle","Steam"],"picked":"Streamline","floor":2},{"not_picked":["Stack","Melter"],"picked":"Conserve Battery","floor":5},{"not_picked":["White Noise","Reprogram"],"picked":"Go for the Eyes","floor":6},{"not_picked":["Redo","Hologram"],"picked":"White Noise","floor":8},{"not_picked":["Biased Cognition","Lockon"],"picked":"Capacitor","floor":11},{"not_picked":["Conserve Battery+1","Rip and Tear"],"picked":"Ball Lightning","floor":12},{"not_picked":["Hello World","Compile Driver"],"picked":"Heatsinks","floor":14},{"not_picked":["Biased Cognition","Core Surge"],"picked":"Echo Form","floor":16},{"not_picked":["Beam Cell","Ball Lightning"],"picked":"Glacier+1","floor":18}],"player_experience":236949,"relics_obtained":[{"floor":6,"key":"Dream Catcher"},{"floor":9,"key":"Dodecahedron"},{"floor":11,"key":"Smiling Mask"}],"event_choices":[{"damage_healed":0,"gold_gain":0,"player_choice":"Donut","damage_taken":0,"max_hp_gain":5,"max_hp_loss":0,"event_name":"Big Fish","floor":3,"gold_loss":0},{"damage_healed":0,"gold_gain":0,"player_choice":"Gave Potion","damage_taken":0,"relics_obtained":["Calipers"],"max_hp_gain":0,"max_hp_loss":0,"event_name":"WeMeetAgain","floor":4,"gold_loss":0},{"damage_healed":0,"gold_gain":0,"player_choice":"Fight","damage_taken":0,"max_hp_gain":0,"max_hp_loss":0,"event_name":"Colosseum","floor":19,"gold_loss":0},{"damage_healed":0,"gold_gain":0,"player_choice":"Fought Nobs","damage_taken":0,"max_hp_gain":0,"max_hp_loss":0,"event_name":"Colosseum","floor":19,"gold_loss":0}],"is_beta":false,"boss_relics":[{"not_picked":["Tiny House","Astrolabe"],"picked":"Nuclear Battery"}],"items_purged_floors":[],"is_endless":false,"potions_floor_spawned":[1,6,11,14,16],"killed_by":"Colosseum Nobs","ascension_level":2}