{"gold_per_floor":[109,122,122,138,156,156,179,179,179,179,219,219,219,237,237,333,333,346,362,382,38,38],"floor_reached":22,"playtime":848,"items_purged":[],"score":367,"play_id":"6b08f844-77b3-47bb-b978-ef9318838397","local_time":"20190316001737","is_ascension_mode":true,"campfire_choices":[{"data":"Genetic Algorithm","floor":6.0,"key":"SMITH"},{"data":"Zap","floor":8.0,"key":"SMITH"},{"data":"Chill","floor":10.0,"key":"SMITH"},{"data":"Auto Shields","floor":13,"key":"SMITH"},{"floor":15,"key":"REST"}],"neow_cost":"NONE","seed_source_timestamp":176120716764505,"circlet_count":0,"master_deck":["AscendersBane","Strike_B","Strike_B","Strike_B","Strike_B","Defend_B","Defend_B","Defend_B","Defend_B","Zap+1","Dualcast","Cold Snap","Ball Lightning","Auto Shields+1","Genetic Algorithm+1","Chill+1","White Noise+1","Conserve Battery","Seek","Coolheaded","Capacitor","Streamline"],"special_seed":0,"relics":["FrozenCore","Golden Idol","Bottled Flame","Prayer Wheel"],"potions_floor_usage":[16,16,20],"damage_taken":[{"damage":2.0,"enemies":"Jaw Worm","floor":1.0,"turns":3.0},{"damage":7.0,"enemies":"Small Slimes","floor":2.0,"turns":3.0},{"damage":0.0,"enemies":"Cultist","floor":4.0,"turns":3.0},{"damage":11.0,"enemies":"Large Slime","floor":5.0,"turns":7.0},{"damage":2.0,"enemies":"Exordium Wildlife","floor":7.0,"turns":4.0},{"damage":14.0,"enemies":"3 Sentries","floor":11.0,"turns":8.0},{"damage":2,"enemies":"Blue Slaver","floor":14,"turns":4},{"damage":13,"enemies":"The Guardian","floor":16,"turns":13},{"damage":0,"enemies":"3 Byrds","floor":18,"turns":3},{"damage":3,"enemies":"Shell Parasite","floor":19,"turns":9},{"damage":57,"enemies":"Cultist and Chosen","floor":20,"turns":11},{"damage":4,"enemies":"Snake Plant","floor":22,"turns":2}],"seed_played":"-4508595086663157566","potions_obtained":[{"floor":1.0,"key":"SpeedPotion"},{"floor":4.0,"key":"SteroidPotion"},{"floor":5.0,"key":"Energy Potion"},{"floor":11,"key":"EntropicBrew"},{"floor":20,"key":"Explosive Potion"}],"is_trial":false,"path_per_floor":["M","M","?","M","M","R","M","R","T","R","E","?","R","M","R","B",null,"M","M","M","$","M"],"character_chosen":"DEFECT","items_purchased":["Prayer Wheel"],"campfire_rested":1,"item_purchase_floors":[21],"current_hp_per_floor":[69,62,62,62,51,51,49,49,49,49,35,35,35,33,54,41,64,64,61,4,4,0],"gold":38,"neow_bonus":"TEN_PERCENT_HP_BONUS","is_prod":false,"is_daily":false,"chose_seed":false,"campfire_upgraded":4,"win_rate":0,"timestamp":1552691857,"path_taken":["M","M","?","M","M","R","M","R","T","R","E","?","R","M","R","BOSS","M","M","M","$","M"],"build_version":"2019-01-23","purchased_purges":0,"victory":false,"max_hp_per_floor":[78,78,71,71,71,71,71,71,71,71,71,71,71,71,71,71,71,71,71,71,71,71],"card_choices":[{"not_picked":["Fusion","Double Energy"],"picked":"Cold Snap","floor":1.0},{"not_picked":["Leap","Hologram"],"picked":"Ball Lightning","floor":2.0},{"not_picked":["Heatsinks","Steam"],"picked":"Auto Shields","floor":4.0},{"not_picked":["Hologram","Self Repair"],"picked":"Genetic Algorithm","floor":5.0},{"not_picked":["Sweeping Beam","Leap"],"picked":"Chill","floor":7.0},{"not_picked":["Hologram","Compile Driver"],"picked":"White Noise","floor":11},{"not_picked":["Chaos","Cold Snap"],"picked":"Conserve Battery","floor":14},{"not_picked":["Fission","Multi-Cast"],"picked":"Seek","floor":16},{"not_picked":["Leap","Compile Driver"],"picked":"Coolheaded","floor":18},{"not_picked":["Barrage","Gash+1"],"picked":"Capacitor","floor":19},{"not_picked":["Skim","Compile Driver"],"picked":"Streamline","floor":20}],"player_experience":1024912,"relics_obtained":[{"floor":11,"key":"Bottled Flame"}],"event_choices":[{"damage_healed":0.0,"max_hp_gain":0.0,"max_hp_loss":7.0,"gold_gain":0.0,"event_name":"Golden Idol","player_choice":"Lose Max HP","floor":3.0,"gold_loss":0.0,"damage_taken":0.0,"relics_obtained":["Golden Idol"]},{"damage_healed":0,"gold_gain":0,"player_choice":"Upgraded","damage_taken":0,"max_hp_gain":0,"max_hp_loss":0,"event_name":"Upgrade Shrine","floor":12,"gold_loss":0,"cards_upgraded":["White Noise"]}],"is_beta":false,"boss_relics":[{"not_picked":["White Beast Statue","Empty Cage"],"picked":"FrozenCore"}],"items_purged_floors":[],"is_endless":false,"potions_floor_spawned":[1,4,5,11,20],"killed_by":"Snake Plant","ascension_level":19}