{"path_per_floor":["M","$","?","$","T","R","E","R","T","E","M","R","M","T","R","B",null,"M","$","?","?","M","?","T","R","T","R","M","M","M","M","R","B",null,"M","$","?","M","?","E","M","M","T","$","?","?","R","M","R"],"character_chosen":"THE_SILENT","items_purchased":["Infinite Blades","Blue Candle"],"gold_per_floor":[110,35,35,35,35,35,68,68,68,96,110,110,122,122,122,222,222,236,62,62,62,82,82,82,82,136,136,155,172,188,207,207,302,302,316,70,70,87,87,115,131,146,171,46,0,0,0,17,17],"floor_reached":50,"campfire_rested":2,"playtime":4487,"current_hp_per_floor":[70,70,63,63,63,63,63,63,63,63,63,63,63,63,63,26,70,70,70,70,70,66,66,66,66,66,66,68,63,64,60,60,22,70,69,69,69,70,70,43,37,39,39,39,39,30,51,40,61],"items_purged":["Strike_G","Strike_G","Strike_G"],"gold":17,"score":526,"play_id":"8f305140-3f96-48c1-806e-a6744c35f1b3","is_prod":false,"is_daily":false,"is_ascension_mode":true,"campfire_upgraded":7,"path_taken":["M","$","?","?","?","R","E","R","T","E","M","R","M","?","R","BOSS","M","$","?","?","?","?","?","R","T","R","M","M","?","M","R","BOSS","M","$","?","M","?","E","M","M","T","$","?","?","R","M","R","BOSS"],"build_version":"2018-02-15-PROD1","purchased_purges":3,"victory":false,"master_deck":["Defend_G+1","Defend_G+1","Defend_G+1","Defend_G+1","Strike_G+1","Survivor+1","Neutralize+1","Slice","PiercingWail+1","Dagger Spray+1","Flying Knee","Unload","Backflip+1","Infinite Blades+1","Noxious Fumes+1","Leg Sweep","Blur","Dash+1","Deflect","Escape Plan","Tools of the Trade","Heel Hook+1","Madness","Madness","Dagger Throw"],"max_hp_per_floor":[70,70,70,70,70,70,70,70,70,70,70,70,70,70,70,70,70,70,70,70,70,70,70,70,70,70,70,70,70,70,70,70,70,70,70,70,70,70,70,70,70,70,70,70,70,70,70,70,70],"relics":["Ring of the Snake","NeowsBlessing","Bag of Marbles","Bottled Lightning","Du-Vu Doll","Mercury Hourglass","Happy Flower","White Beast Statue","Unceasing Top","Blood Vial","Lizard Tail","Blue Candle","Tingsha","Art of War","Red Mask"],"card_choices":[{"not_picked":["Grand Finale","All Out Attack"],"picked":"Slice"},{"not_picked":["Endless Agony","Prepared"],"picked":"PiercingWail"},{"not_picked":["Distraction","Dodge and Roll"],"picked":"Dagger Spray"},{"not_picked":["Dagger Throw","Deadly Poison"],"picked":"Flying Knee"},{"not_picked":["Bullet Time","Night Terror"],"picked":"Unload"},{"not_picked":["Riddle With Holes","All Out Attack"],"picked":"Backflip"},{"not_picked":["Flying Knee","Escape Plan"],"picked":"Noxious Fumes"},{"not_picked":["Dodge and Roll","PiercingWail"],"picked":"Blur"},{"not_picked":["Dagger Spray","Dagger Throw"],"picked":"Dash"},{"not_picked":["Crippling Poison","Skewer"],"picked":"Deflect"},{"not_picked":["PiercingWail","Underhanded Strike"],"picked":"Escape Plan"},{"not_picked":["Night Terror","Grand Finale"],"picked":"Tools of the Trade"},{"not_picked":["Poisoned Stab","Sucker Punch"],"picked":"Heel Hook"},{"not_picked":["Outmaneuver","PiercingWail"],"picked":"Dagger Throw"}],"player_experience":175593,"potions_floor_usage":[16,16,28,29,30,31,33,33,38,40,40,41,41,48,50],"damage_taken":[{"damage":0,"enemies":"Jaw Worm","floor":1,"turns":1},{"damage":0,"enemies":"3 Sentries","floor":7,"turns":1},{"damage":0,"enemies":"Gremlin Nob","floor":10,"turns":1},{"damage":0,"enemies":"Small Slimes","floor":11,"turns":3},{"damage":0,"enemies":"Cultist","floor":13,"turns":3},{"damage":37,"enemies":"Slime Boss","floor":16,"turns":11},{"damage":0,"enemies":"3 Byrds","floor":18,"turns":3},{"damage":4,"enemies":"Spheric Guardian","floor":22,"turns":4},{"damage":0,"enemies":"Centurion and Healer","floor":28,"turns":6},{"damage":7,"enemies":"Chosen and Byrds","floor":29,"turns":5},{"damage":1,"enemies":"Snake Plant","floor":30,"turns":4},{"damage":6,"enemies":"Centurion and Healer","floor":31,"turns":6},{"damage":48,"enemies":"Automaton","floor":33,"turns":13},{"damage":1,"enemies":"3 Shapes","floor":35,"turns":6},{"damage":0,"enemies":"Orb Walker","floor":38,"turns":3},{"damage":27,"enemies":"Giant Head","floor":40,"turns":10},{"damage":8,"enemies":"3 Darklings","floor":41,"turns":4},{"damage":0,"enemies":"4 Shapes","floor":42,"turns":5},{"damage":13,"enemies":"Maw","floor":48,"turns":10},{"damage":105,"enemies":"Donu and Deca","floor":50,"turns":10}],"event_choices":[{"event_name":"Golden Wing","player_choice":"Card Removal","floor":3,"damage_taken":0},{"event_name":"Back to Basics","player_choice":"Simplicity","floor":20,"damage_taken":0},{"event_name":"Addict","player_choice":"Ignored","floor":21,"damage_taken":0},{"event_name":"The Library","player_choice":"Read","floor":23,"damage_taken":0},{"event_name":"Mysterious Sphere","player_choice":"Ignore","floor":39,"damage_taken":0},{"event_name":"Tomb of Lord Red Mask","player_choice":"Paid","floor":45,"damage_taken":0},{"event_name":"Winding Halls","player_choice":"Embrace Madness","floor":46,"damage_taken":0}],"boss_relics":[{"not_picked":["Philosopher\u0027s Stone","Question Card"],"picked":"White Beast Statue"},{"not_picked":["Velvet Choker","Orrery"],"picked":"Lizard Tail"}],"potions_floor_spawned":[1,10,11,13,18,22,28,29,30,31,33,35,38,40,41,42,48],"seed_played":"-1014922859690992674","killed_by":"Donu and Deca","ascension_level":2,"is_trial":false}