{"gold_per_floor":[119,71,71,85,102,102,115,115,190,223,223,16,50,84,84,84],"floor_reached":16,"playtime":804,"items_purged":[],"score":108,"play_id":"d49e9f7b-e910-497e-b874-238974e982d2","local_time":"20190315133212","is_ascension_mode":false,"campfire_choices":[{"data":"True Grit","floor":6,"key":"SMITH"},{"data":"Bash","floor":8,"key":"SMITH"},{"data":"Flame Barrier","floor":15,"key":"SMITH"}],"neow_cost":"NONE","seed_source_timestamp":56768708430600,"circlet_count":0,"master_deck":["Strike_R","Strike_R","Strike_R","Strike_R","Defend_R","Defend_R","Defend_R","Defend_R","Bash+1","Spot Weakness","Flame Barrier+1","Shrug It Off","True Grit+1","Power Through","Ghostly Armor","Impervious","Pommel Strike"],"relics":["Burning Blood","Blood Vial","Letter Opener","Art of War","Golden Idol","Strange Spoon","Odd Mushroom","Omamori"],"potions_floor_usage":[10,14,14],"damage_taken":[{"damage":0,"enemies":"2 Louse","floor":1,"turns":3},{"damage":6,"enemies":"Jaw Worm","floor":4,"turns":4},{"damage":0,"enemies":"Small Slimes","floor":5,"turns":3},{"damage":2,"enemies":"Blue Slaver","floor":7,"turns":5},{"damage":28,"enemies":"Gremlin Nob","floor":10,"turns":6},{"damage":13,"enemies":"The Mushroom Lair","floor":13,"turns":6},{"damage":15,"enemies":"3 Sentries","floor":14,"turns":10},{"damage":37,"enemies":"Slime Boss","floor":16,"turns":8}],"seed_played":"3590463154807380874","potions_obtained":[{"floor":1,"key":"Dexterity Potion"},{"floor":5,"key":"Block Potion"},{"floor":13,"key":"BloodPotion"}],"is_trial":false,"path_per_floor":["M","$","?","M","M","R","M","R","T","E","?","$","?","E","R","B"],"character_chosen":"IRONCLAD","items_purchased":["Shrug It Off","Strange Spoon"],"campfire_rested":0,"item_purchase_floors":[2,12],"current_hp_per_floor":[80,80,77,79,80,80,80,80,80,58,38,38,33,34,34,0],"gold":84,"neow_bonus":"TRANSFORM_CARD","is_prod":false,"is_daily":false,"chose_seed":false,"campfire_upgraded":3,"win_rate":0,"timestamp":1552671132,"path_taken":["M","$","?","M","M","R","M","R","T","E","?","$","?","E","R","BOSS"],"build_version":"2019-01-23","purchased_purges":0,"victory":false,"max_hp_per_floor":[80,80,80,80,80,80,80,80,80,80,80,80,80,80,80,80],"card_choices":[{"not_picked":["Shockwave","Flex"],"picked":"Flame Barrier","floor":1},{"not_picked":["Dual Wield","Pommel Strike"],"picked":"True Grit","floor":4},{"not_picked":["Intimidate","Burning Pact"],"picked":"Power Through","floor":5},{"not_picked":["Twin Strike","Burning Pact"],"picked":"Ghostly Armor","floor":7},{"not_picked":["Headbutt","Blood for Blood"],"picked":"Impervious","floor":10},{"not_picked":["Searing Blow","Bloodletting"],"picked":"Pommel Strike","floor":14}],"player_experience":1329532,"relics_obtained":[{"floor":9,"key":"Letter Opener"},{"floor":10,"key":"Art of War"},{"floor":13,"key":"Odd Mushroom"},{"floor":14,"key":"Omamori"}],"event_choices":[{"damage_healed":0,"gold_gain":0,"player_choice":"Success","damage_taken":3,"relics_obtained":["Blood Vial"],"max_hp_gain":0,"max_hp_loss":0,"event_name":"Scrap Ooze","floor":3,"gold_loss":0},{"damage_healed":0,"gold_gain":0,"player_choice":"Take Damage","damage_taken":20,"relics_obtained":["Golden Idol"],"max_hp_gain":0,"max_hp_loss":0,"event_name":"Golden Idol","floor":11,"gold_loss":0},{"damage_healed":0,"gold_gain":0,"player_choice":"Fought Mushrooms","damage_taken":0,"max_hp_gain":0,"max_hp_loss":0,"event_name":"Mushrooms","floor":13,"gold_loss":0}],"is_beta":false,"boss_relics":[],"items_purged_floors":[],"is_endless":false,"potions_floor_spawned":[1,5,13],"killed_by":"Slime Boss","ascension_level":0}