{"gold_per_floor":[112,58,3,20,71,71,98,98,125,152,152,12,40,40,40,117,117,131,56,48,65,76,76,76,76,76,76,20,20,20,20,20,99,99,118,31,42,42,42,42,61,61,61,61,61],"floor_reached":45,"playtime":1809,"items_purged":["Strike_G"],"score":850,"play_id":"8cdb9142-58d4-4a56-9097-8e67ae95c32d","local_time":"20190312140547","is_ascension_mode":true,"campfire_choices":[{"data":"Dash","floor":6.0,"key":"SMITH"},{"data":"Footwork","floor":8.0,"key":"SMITH"},{"data":"Neutralize","floor":11.0,"key":"SMITH"},{"floor":15.0,"key":"REST"},{"data":"Burst","floor":23.0,"key":"SMITH"},{"data":"Malaise","floor":29,"key":"SMITH"},{"data":"Caltrops","floor":32,"key":"SMITH"},{"data":"Noxious Fumes","floor":40,"key":"SMITH"},{"data":"A Thousand Cuts","floor":42,"key":"SMITH"}],"neow_cost":"NONE","seed_source_timestamp":504761805562773,"circlet_count":0,"master_deck":["AscendersBane","Defend_G+1","Defend_G+1","Defend_G+1","Defend_G+1","Strike_G+1","Strike_G+1","Strike_G+1","Survivor","Neutralize+1","Footwork+1","Dash+1","Dodge and Roll","Burst+1","Caltrops+1","Burst","Dagger Spray","Infinite Blades","Malaise+1","Footwork+1","Riddle With Holes+1","A Thousand Cuts+1","Deadly Poison","Noxious Fumes+1","Dodge and Roll+1"],"special_seed":0,"relics":["Ring of the Snake","Juzu Bracelet","Snake Skull","Oddly Smooth Stone","Boot","Ancient Tea Set","Pen Nib","Ninja Scroll","Bag of Preparation","Coffee Dripper","Molten Egg 2","Philosopher\u0027s Stone","Question Card"],"potions_floor_usage":[27,33,33,37,37],"damage_taken":[{"damage":0.0,"enemies":"2 Louse","floor":1.0,"turns":2.0},{"damage":6.0,"enemies":"Cultist","floor":4.0,"turns":6.0},{"damage":4.0,"enemies":"3 Sentries","floor":7.0,"turns":9.0},{"damage":10.0,"enemies":"Lagavulin","floor":10.0,"turns":11.0},{"damage":13.0,"enemies":"3 Sentries","floor":13.0,"turns":16.0},{"damage":4.0,"enemies":"The Guardian","floor":16.0,"turns":17.0},{"damage":5.0,"enemies":"Spheric Guardian","floor":18.0,"turns":7.0},{"damage":4.0,"enemies":"2 Thieves","floor":20.0,"turns":4.0},{"damage":8.0,"enemies":"Centurion and Healer","floor":21.0,"turns":12.0},{"damage":21.0,"enemies":"Sentry and Sphere","floor":22.0,"turns":10.0},{"damage":0,"enemies":"Chosen and Byrds","floor":27,"turns":5},{"damage":8,"enemies":"Champ","floor":33,"turns":18},{"damage":16,"enemies":"3 Shapes","floor":35,"turns":5},{"damage":22,"enemies":"3 Darklings","floor":37,"turns":6},{"damage":0,"enemies":"4 Shapes","floor":41,"turns":6},{"damage":26,"enemies":"Spire Growth","floor":45,"turns":3}],"seed_played":"-7344997428920910050","potions_obtained":[{"floor":1.0,"key":"Strength Potion"},{"floor":7.0,"key":"EssenceOfSteel"},{"floor":16.0,"key":"SmokeBomb"},{"floor":18.0,"key":"FearPotion"},{"floor":20.0,"key":"Fire Potion"},{"floor":33,"key":"PowerPotion"},{"floor":35,"key":"Block Potion"}],"is_trial":false,"path_per_floor":["M","?","$","M","T","R","E","R","T","E","R","$","E","?","R","B",null,"M","$","M","M","M","R","?","?","T","M","$","R","?","?","R","B",null,"M","$","M","?","$","R","M","R","T","?","M"],"character_chosen":"THE_SILENT","items_purchased":["Fire Potion","Burst","Strength Potion","PowerPotion","Noxious Fumes"],"campfire_rested":1,"item_purchase_floors":[3,12,12,28,36],"current_hp_per_floor":[59,59,59,53,53,53,49,49,49,39,39,39,26,26,45,41,60,55,55,51,43,22,22,22,22,22,22,22,22,22,22,22,14,53,37,37,15,15,15,15,15,15,15,15,0],"gold":61,"neow_bonus":"RANDOM_COMMON_RELIC","is_prod":false,"is_daily":false,"chose_seed":false,"campfire_upgraded":8,"win_rate":0,"timestamp":1552395947,"path_taken":["M","?","?","M","?","R","E","R","T","E","R","$","E","?","R","BOSS","M","$","M","M","M","R","?","?","T","M","?","R","?","?","R","BOSS","M","$","M","?","?","R","M","R","T","?","M"],"build_version":"2019-01-23","purchased_purges":1,"victory":false,"max_hp_per_floor":[66,66,66,66,66,66,66,66,66,66,66,66,66,66,66,66,66,66,66,66,66,66,66,66,66,66,66,66,66,66,66,66,66,66,66,66,66,66,66,66,66,66,66,66,66],"card_choices":[{"not_picked":["Dagger Spray","Outmaneuver"],"picked":"Footwork","floor":1.0},{"not_picked":["Infinite Blades","Quick Slash"],"picked":"Dash","floor":4.0},{"not_picked":["Quick Slash","Calculated Gamble","Setup"],"picked":"SKIP","floor":7.0},{"not_picked":["Outmaneuver","Cloak And Dagger"],"picked":"Dodge and Roll","floor":10.0},{"not_picked":["Sucker Punch","Finisher"],"picked":"Caltrops","floor":13.0},{"not_picked":["Storm of Steel","Venomology"],"picked":"Burst","floor":16.0},{"not_picked":["Poisoned Stab","Underhanded Strike+1","Quick Slash"],"picked":"SKIP","floor":18.0},{"not_picked":["Slice+1","Heel Hook"],"picked":"Dagger Spray","floor":20.0},{"not_picked":["Caltrops","Prepared","Sucker Punch"],"picked":"SKIP","floor":21.0},{"not_picked":["Concentrate","Outmaneuver","Bullet Time"],"picked":"SKIP","floor":22.0},{"not_picked":["Grand Finale+1","Night Terror"],"picked":"A Thousand Cuts","floor":33},{"not_picked":["Predator+1","Concentrate"],"picked":"Deadly Poison","floor":35},{"not_picked":["Accuracy","Bane+1","Outmaneuver"],"picked":"SKIP","floor":37},{"not_picked":["Escape Plan","Night Terror"],"picked":"Dodge and Roll+1","floor":41}],"player_experience":982350,"relics_obtained":[{"floor":5.0,"key":"Oddly Smooth Stone"},{"floor":7.0,"key":"Boot"},{"floor":9.0,"key":"Ancient Tea Set"},{"floor":10.0,"key":"Pen Nib"},{"floor":13.0,"key":"Ninja Scroll"},{"floor":26,"key":"Molten Egg 2"},{"floor":43,"key":"Question Card"}],"event_choices":[{"damage_healed":0.0,"max_hp_gain":0.0,"max_hp_loss":0.0,"gold_gain":0.0,"event_name":"WeMeetAgain","player_choice":"Paid Gold","floor":2.0,"gold_loss":54.0,"damage_taken":0.0,"relics_obtained":["Snake Skull"]},{"damage_healed":0.0,"max_hp_gain":0.0,"max_hp_loss":0.0,"gold_gain":0.0,"event_name":"Dead Adventurer","player_choice":"Searched \u00271\u0027 times","floor":14.0,"gold_loss":0.0,"damage_taken":0.0,"relics_obtained":["Bag of Preparation"]},{"damage_healed":0,"gold_gain":0,"player_choice":"2 cards matched","damage_taken":0,"max_hp_gain":0,"max_hp_loss":0,"event_name":"Match and Keep!","floor":24,"gold_loss":0,"cards_obtained":["Infinite Blades","Malaise"]},{"damage_healed":0,"gold_gain":0,"player_choice":"Copied","damage_taken":0,"max_hp_gain":0,"max_hp_loss":0,"event_name":"Duplicator","floor":25,"gold_loss":0,"cards_obtained":["Footwork"]},{"damage_healed":0,"gold_gain":0,"player_choice":"Simplicity","damage_taken":0,"max_hp_gain":0,"max_hp_loss":0,"event_name":"Back to Basics","floor":30,"gold_loss":0,"cards_upgraded":["Defend_G","Defend_G","Defend_G","Defend_G","Defend_G","Strike_G","Strike_G","Strike_G","Strike_G"]},{"damage_healed":0,"gold_gain":0,"cards_transformed":["Strike_G"],"player_choice":"Transformed","damage_taken":0,"max_hp_gain":0,"max_hp_loss":0,"event_name":"Transmorgrifier","floor":31,"gold_loss":0,"cards_obtained":["Riddle With Holes"]},{"cards_removed":["Defend_G"],"damage_healed":0,"gold_gain":0,"player_choice":"Purged","damage_taken":0,"max_hp_gain":0,"max_hp_loss":0,"event_name":"Purifier","floor":38,"gold_loss":0},{"damage_healed":0,"gold_gain":0,"player_choice":"Ignored","damage_taken":0,"max_hp_gain":0,"max_hp_loss":0,"event_name":"Mysterious Sphere","floor":44,"gold_loss":0}],"is_beta":false,"boss_relics":[{"not_picked":["Black Star","White Beast Statue"],"picked":"Coffee Dripper"},{"not_picked":["Runic Dome","Cursed Key"],"picked":"Philosopher\u0027s Stone"}],"items_purged_floors":[19],"is_endless":false,"potions_floor_spawned":[1,7,16,18,20,33,35],"killed_by":"Spire Growth","ascension_level":20}