{"gold_per_floor":[117,117,36,54,68,68,101,101,125,151,168,168,168,182,182,182],"floor_reached":16,"playtime":442,"items_purged":[],"score":121,"play_id":"c7e651ba-85da-4bf4-865b-b39d859f114c","local_time":"20190223152430","is_ascension_mode":true,"campfire_choices":[{"data":"White Noise","floor":6,"key":"SMITH"},{"data":"Zap","floor":8,"key":"SMITH"},{"data":"Hologram","floor":12,"key":"SMITH"},{"floor":15,"key":"REST"}],"neow_cost":"NONE","seed_source_timestamp":260725352968128,"circlet_count":0,"master_deck":["Strike_B","Strike_B","Strike_B","Strike_B","Defend_B","Defend_B","Defend_B","Defend_B","Zap+1","Dualcast","White Noise+1","Capacitor","Hologram+1","Coolheaded","Leap"],"relics":["Cracked Core","Oddly Smooth Stone","PreservedInsect","Art of War","DataDisk","GremlinMask"],"potions_floor_usage":[],"damage_taken":[{"damage":6,"enemies":"Jaw Worm","floor":1,"turns":3},{"damage":4,"enemies":"2 Louse","floor":4,"turns":2},{"damage":0,"enemies":"Cultist","floor":5,"turns":3},{"damage":22,"enemies":"Gremlin Nob","floor":7,"turns":4},{"damage":24,"enemies":"Lagavulin","floor":10,"turns":4},{"damage":3,"enemies":"Blue Slaver","floor":11,"turns":3},{"damage":0,"enemies":"2 Fungi Beasts","floor":14,"turns":3},{"damage":39,"enemies":"Slime Boss","floor":16,"turns":11}],"seed_played":"-5779503852126491347","potions_obtained":[{"floor":5,"key":"FearPotion"},{"floor":10,"key":"GamblersBrew"},{"floor":14,"key":"LiquidBronze"}],"is_trial":false,"path_per_floor":["M","?","$","M","M","R","E","R","T","E","M","R","?","M","R","B"],"character_chosen":"DEFECT","items_purchased":["Capacitor"],"campfire_rested":1,"item_purchase_floors":[3],"current_hp_per_floor":[69,69,69,65,65,65,43,43,43,19,16,16,16,16,38,0],"gold":182,"neow_bonus":"RANDOM_COMMON_RELIC","is_prod":false,"is_daily":false,"chose_seed":false,"campfire_upgraded":3,"win_rate":0,"timestamp":1550957070,"path_taken":["M","?","$","M","M","R","E","R","T","E","M","R","?","?","R","BOSS"],"build_version":"2019-01-23","purchased_purges":0,"victory":false,"max_hp_per_floor":[75,75,75,75,75,75,75,75,75,75,75,75,75,75,75,75],"card_choices":[{"not_picked":["Ball Lightning","Defragment"],"picked":"White Noise","floor":1},{"not_picked":["Compile Driver","Turbo","Hello World"],"picked":"SKIP","floor":4},{"not_picked":["Undo","Gash"],"picked":"Hologram","floor":5},{"not_picked":["Sunder","Go for the Eyes"],"picked":"Coolheaded","floor":7},{"not_picked":["Gash","Fusion","Turbo"],"picked":"SKIP","floor":10},{"not_picked":["Machine Learning","Compile Driver"],"picked":"Leap","floor":11},{"not_picked":["Fusion","Coolheaded","Melter"],"picked":"SKIP","floor":14}],"player_experience":214708,"relics_obtained":[{"floor":7,"key":"PreservedInsect"},{"floor":9,"key":"Art of War"},{"floor":10,"key":"DataDisk"}],"event_choices":[{"damage_healed":0,"gold_gain":0,"player_choice":"Ignored","damage_taken":0,"max_hp_gain":0,"max_hp_loss":0,"event_name":"Liars Game","floor":2,"gold_loss":0},{"damage_healed":0,"gold_gain":0,"player_choice":"Trade","damage_taken":0,"relics_obtained":["GremlinMask"],"max_hp_gain":0,"max_hp_loss":0,"event_name":"FaceTrader","floor":13,"gold_loss":0}],"is_beta":false,"boss_relics":[],"items_purged_floors":[],"is_endless":false,"potions_floor_spawned":[5,10,14],"killed_by":"Slime Boss","ascension_level":2}