{"gold_per_floor":[112,54,54,70,83,83,11,28,79,79,92,52,52],"floor_reached":13,"playtime":510,"items_purged":[],"score":146,"play_id":"0e88fae9-572e-47a8-a3f7-56b7e1849664","local_time":"20190311114404","is_ascension_mode":true,"campfire_choices":[{"data":"Noxious Fumes","floor":6,"key":"SMITH"},{"floor":10,"key":"REST"}],"neow_cost":"PERCENT_DAMAGE","seed_source_timestamp":411177445791171,"circlet_count":0,"master_deck":["AscendersBane","Defend_G","Defend_G","Defend_G","Defend_G","Defend_G","Strike_G","Strike_G","Strike_G","Strike_G","Survivor","Neutralize","Envenom","Noxious Fumes+1","Blade Dance","Finisher","Burst","Blur"],"relics":["Ring of the Snake","Orichalcum","Oddly Smooth Stone"],"potions_floor_usage":[11],"damage_taken":[{"damage":9,"enemies":"Small Slimes","floor":1,"turns":7},{"damage":0,"enemies":"Cultist","floor":4,"turns":4},{"damage":17,"enemies":"Jaw Worm","floor":5,"turns":5},{"damage":17,"enemies":"Large Slime","floor":8,"turns":7},{"damage":7,"enemies":"Gremlin Gang","floor":11,"turns":4},{"damage":2,"enemies":"Looter","floor":12,"turns":4},{"damage":11,"enemies":"Lots of Slimes","floor":13,"turns":2}],"seed_played":"-1458007921955040086","potions_obtained":[{"floor":8,"key":"GhostInAJar"},{"floor":11,"key":"FearPotion"}],"is_trial":false,"path_per_floor":["M","$","?","M","M","R","?","M","T","R","M","M","M"],"character_chosen":"THE_SILENT","items_purchased":["Blade Dance"],"campfire_rested":1,"item_purchase_floors":[2],"current_hp_per_floor":[35,35,35,35,18,18,18,1,1,20,13,11,0],"gold":52,"neow_bonus":"THREE_RARE_CARDS","is_prod":false,"is_daily":false,"chose_seed":false,"campfire_upgraded":1,"win_rate":0,"timestamp":1552301044,"path_taken":["M","$","?","?","M","R","?","M","T","R","M","M","M"],"build_version":"2019-01-23","purchased_purges":0,"victory":false,"max_hp_per_floor":[66,66,66,66,66,66,66,66,66,66,66,66,66],"card_choices":[{"not_picked":["Unload","Storm of Steel"],"picked":"Envenom","floor":0},{"not_picked":["Dagger Throw","Flying Knee"],"picked":"Noxious Fumes","floor":1},{"not_picked":["Well Laid Plans","Blur"],"picked":"Finisher","floor":4},{"not_picked":["Acrobatics","Dodge and Roll","Dagger Spray"],"picked":"SKIP","floor":5},{"not_picked":["Prepared","Dodge and Roll","Endless Agony"],"picked":"SKIP","floor":8},{"not_picked":["Caltrops","Deadly Poison"],"picked":"Burst","floor":11},{"not_picked":["Deadly Poison","Riddle With Holes"],"picked":"Blur","floor":12}],"player_experience":955902,"relics_obtained":[{"floor":9,"key":"Oddly Smooth Stone"}],"event_choices":[{"cards_removed":["Strike_G"],"damage_healed":0,"gold_gain":0,"player_choice":"Offered Basic","damage_taken":0,"max_hp_gain":0,"max_hp_loss":0,"event_name":"Bonfire Elementals","floor":3,"gold_loss":0},{"damage_healed":0,"gold_gain":0,"player_choice":"Paid Gold","damage_taken":0,"relics_obtained":["Orichalcum"],"max_hp_gain":0,"max_hp_loss":0,"event_name":"WeMeetAgain","floor":7,"gold_loss":72}],"is_beta":false,"boss_relics":[],"items_purged_floors":[],"is_endless":false,"potions_floor_spawned":[8,11],"killed_by":"Lots of Slimes","ascension_level":19}