{"gold_per_floor":[109,109,109,133,146,146,160,160,160,194,194,214,60,75,75,199,199,219,219,243,168,191,191],"floor_reached":23,"playtime":3141,"items_purged":["Defend_R"],"score":193,"play_id":"6c6cfa0b-0fe9-44d7-b344-27ad24b84cf2","local_time":"20180708180019","is_ascension_mode":false,"campfire_choices":[{"data":"Metallicize","floor":6,"key":"SMITH"},{"floor":11,"key":"REST"},{"floor":15,"key":"REST"}],"neow_cost":"NONE","seed_source_timestamp":76491085761168,"circlet_count":0,"master_deck":["Strike_R","Strike_R","Strike_R+1","Strike_R","Strike_R","Defend_R","Defend_R+1","Bash","Fiend Fire","Shrug It Off","Metallicize+1","Feel No Pain","Burning Pact","Battle Trance","Intimidate","Metallicize","Clash","Dark Embrace","Rage+1","Metallicize","Ghostly Armor+1","Seeing Red"],"relics":["Burning Blood","Golden Idol","Gremlin Horn","Bottled Tornado","Fusion Hammer"],"potions_floor_usage":[],"damage_taken":[{"damage":5,"enemies":"Small Slimes","floor":1,"turns":4},{"damage":9,"enemies":"2 Louse","floor":4,"turns":2},{"damage":0,"enemies":"Cultist","floor":5,"turns":3},{"damage":4,"enemies":"2 Fungi Beasts","floor":7,"turns":4},{"damage":24,"enemies":"Lagavulin","floor":10,"turns":18},{"damage":10,"enemies":"3 Louse","floor":12,"turns":5},{"damage":1,"enemies":"Red Slaver","floor":14,"turns":5},{"damage":57,"enemies":"Slime Boss","floor":16,"turns":31},{"damage":18,"enemies":"2 Thieves","floor":18,"turns":4},{"damage":0,"enemies":"Shell Parasite","floor":20,"turns":17},{"damage":0,"enemies":"Snake Plant","floor":22,"turns":7},{"damage":89,"enemies":"Book of Stabbing","floor":23,"turns":16}],"seed_played":"-2355148072217464449","potions_obtained":[{"floor":4,"key":"GamblersBrew"},{"floor":10,"key":"Dexterity Potion"},{"floor":12,"key":"SteroidPotion"},{"floor":18,"key":"SkillPotion"},{"floor":22,"key":"Dexterity Potion"}],"is_trial":false,"path_per_floor":["M","?","?","M","M","R","M","?","T","E","R","M","$","M","R","B",null,"M","?","M","?","M"],"character_chosen":"IRONCLAD","items_purchased":["Metallicize"],"campfire_rested":2,"item_purchase_floors":[13],"current_hp_per_floor":[80,85,64,61,67,67,69,52,52,34,59,55,55,60,85,34,85,73,73,79,79,85,0],"gold":191,"neow_bonus":"ONE_RANDOM_RARE_CARD","is_prod":false,"is_daily":false,"chose_seed":false,"campfire_upgraded":1,"win_rate":0,"timestamp":1531098019,"path_taken":["M","?","?","M","M","R","M","?","T","E","R","M","$","M","R","BOSS","M","?","M","?","?","E"],"build_version":"2018-07-05","purchased_purges":1,"victory":false,"max_hp_per_floor":[80,85,85,85,85,85,85,85,85,85,85,85,85,85,85,85,85,85,85,85,85,85,85],"card_choices":[{"not_picked":["Twin Strike","Ghostly Armor"],"picked":"Shrug It Off","floor":1},{"not_picked":["Iron Wave","Sword Boomerang"],"picked":"Metallicize","floor":4},{"not_picked":["Reckless Charge","Clothesline"],"picked":"Feel No Pain","floor":5},{"not_picked":["Searing Blow","Heavy Blade"],"picked":"Burning Pact","floor":7},{"not_picked":["Thunderclap","Brutality"],"picked":"Battle Trance","floor":10},{"not_picked":["Perfected Strike","Heavy Blade"],"picked":"Intimidate","floor":12},{"not_picked":["Fire Breathing","Pommel Strike"],"picked":"Clash","floor":14},{"not_picked":["Offering","Reaper"],"picked":"Dark Embrace","floor":16},{"not_picked":["Iron Wave+1","Inflame"],"picked":"Rage+1","floor":18},{"not_picked":["Pommel Strike","Thunderclap"],"picked":"Ghostly Armor+1","floor":20},{"not_picked":["Pommel Strike","Twin Strike"],"picked":"Seeing Red","floor":22}],"player_experience":13983,"relics_obtained":[{"floor":9,"key":"Gremlin Horn"},{"floor":10,"key":"Bottled Tornado"}],"event_choices":[{"event_name":"Big Fish","player_choice":"Donut","floor":2,"damage_taken":0},{"event_name":"Golden Idol","player_choice":"Take Damage","floor":3,"damage_taken":0},{"event_name":"Shining Light","player_choice":"Entered Light","floor":8,"damage_taken":0},{"event_name":"The Library","player_choice":"Read","floor":19,"damage_taken":0},{"event_name":"Beggar","player_choice":"Gave Gold","floor":21,"damage_taken":0}],"boss_relics":[{"not_picked":["Lizard Tail","Runic Dome"],"picked":"Fusion Hammer"}],"items_purged_floors":[13],"is_endless":false,"potions_floor_spawned":[4,10,12,18,22],"killed_by":"Book of Stabbing","ascension_level":0}