{"path_per_floor":["M","?","?","$","M","E","M","R","T","?","?","M","M","M","R","B",null,"M","$","M","?","M"],"character_chosen":"THE_SILENT","items_purchased":["Panache"],"gold_per_floor":[18,18,18,18,34,65,84,84,111,111,138,157,174,185,185,280,280,290,25,37,37,53],"floor_reached":23,"campfire_rested":1,"playtime":1142,"current_hp_per_floor":[60,47,47,47,47,35,33,33,33,33,30,24,22,22,42,15,54,54,54,41,25,6],"items_purged":["Strike_G"],"gold":53,"score":309,"play_id":"11f986b9-9d61-4d70-b560-174b62faae01","local_time":"20180311152046","is_prod":false,"is_daily":false,"is_ascension_mode":true,"campfire_upgraded":1,"timestamp":1520792446,"path_taken":["M","?","?","?","M","E","M","R","T","?","?","?","M","M","R","BOSS","M","$","M","?","M","E"],"build_version":"2018-03-09","purchased_purges":1,"victory":false,"master_deck":["Defend_G+1","Defend_G","Defend_G","Strike_G","Strike_G+1","Strike_G","Survivor","Neutralize","Dagger Spray","PiercingWail","Envenom+1","Dagger Spray","Blur","Storm of Steel","Panache","Leg Sweep","Backstab"],"max_hp_per_floor":[67,67,67,67,67,67,67,67,67,67,67,67,67,67,67,67,67,67,67,67,67,67],"relics":["Ring of the Snake","Shuriken","Bag of Preparation","Odd Mushroom","Runic Pyramid","Nilry\u0027s Codex"],"card_choices":[{"not_picked":["Crippling Poison","Skewer"],"picked":"Dagger Spray"},{"not_picked":["Terror","Deflect"],"picked":"PiercingWail"},{"not_picked":["Backstab","Bouncing Flask"],"picked":"Envenom"},{"not_picked":["Acrobatics","PiercingWail"],"picked":"Dagger Spray"},{"not_picked":["Sucker Punch","Noxious Fumes"],"picked":"Blur"},{"not_picked":["Night Terror","Wraith Form"],"picked":"Storm of Steel"},{"not_picked":["Dodge and Roll","Underhanded Strike"],"picked":"Leg Sweep"},{"not_picked":["Poisoned Stab","Footwork"],"picked":"Backstab"}],"player_experience":571070,"potions_floor_usage":[6,11,16,20,22],"damage_taken":[{"damage":3,"enemies":"Jaw Worm","floor":1,"turns":5},{"damage":0,"enemies":"2 Louse","floor":5,"turns":3},{"damage":12,"enemies":"3 Sentries","floor":6,"turns":7},{"damage":2,"enemies":"Cultist","floor":7,"turns":4},{"damage":3,"enemies":"The Mushroom Lair","floor":11,"turns":3},{"damage":6,"enemies":"Looter","floor":12,"turns":3},{"damage":2,"enemies":"Blue Slaver","floor":13,"turns":4},{"damage":0,"enemies":"Gremlin Gang","floor":14,"turns":1},{"damage":27,"enemies":"Slime Boss","floor":16,"turns":8},{"damage":0,"enemies":"3 Byrds","floor":18,"turns":5},{"damage":13,"enemies":"2 Thieves","floor":20,"turns":3},{"damage":28,"enemies":"Snake Plant","floor":22,"turns":5},{"damage":6,"enemies":"Book of Stabbing","floor":23,"turns":1}],"event_choices":[{"event_name":"Shining Light","player_choice":"Entered Light","floor":2,"damage_taken":0},{"event_name":"Bonfire Elementals","player_choice":"BASIC","floor":3,"damage_taken":0},{"event_name":"Purifier","player_choice":"One Purge","floor":10,"damage_taken":0},{"event_name":"Mushrooms","player_choice":"Fought Mushrooms","floor":11,"damage_taken":0},{"event_name":"Cursed Tome","player_choice":"Obtained Book","floor":21,"damage_taken":0}],"boss_relics":[{"not_picked":["Eternal Feather","Philosopher\u0027s Stone"],"picked":"Runic Pyramid"}],"potions_floor_spawned":[1,7,14,16,18,20],"seed_played":"8927903029664388411","killed_by":"Book of Stabbing","ascension_level":12,"is_trial":false}