{"path_per_floor":["M","?","?","$","?","E","R","$","T","M","R","M","M","M","R","B",null,"M","$","?","M","$","R","M"],"character_chosen":"THE_SILENT","items_purchased":["Ornamental Fan","Ninja Scroll","Terror"],"gold_per_floor":[368,368,318,5,5,38,38,38,64,77,77,93,114,128,128,259,259,284,27,127,141,1,1,24],"floor_reached":25,"campfire_rested":3,"playtime":1460,"current_hp_per_floor":[57,57,57,57,57,18,37,37,37,37,56,56,55,26,45,39,59,45,45,45,36,36,36,20],"items_purged":["Defend_G","Strike_G"],"gold":24,"score":281,"play_id":"18a153d6-2ae9-4866-89d5-bd6ac67f0f24","is_prod":false,"is_daily":false,"is_ascension_mode":true,"campfire_upgraded":1,"path_taken":["M","?","?","$","?","E","R","$","T","M","R","M","?","M","R","BOSS","M","$","?","M","?","R","M","M"],"build_version":"2018-02-22-PROD2","purchased_purges":3,"victory":false,"master_deck":["Defend_G","Defend_G","Defend_G","Defend_G","Strike_G","Strike_G","Strike_G","Strike_G","Survivor","Neutralize+1","Caltrops","Envenom","Cloak And Dagger+1","Malaise","Leg Sweep","Unload","Bane+1","Terror"],"max_hp_per_floor":[70,65,65,65,65,65,65,65,65,65,65,65,65,65,65,65,65,65,65,65,65,65,65,65],"relics":["Ring of the Snake","Golden Idol","Ornamental Fan","Gremlin Horn","Orichalcum","Sozu","Ninja Scroll"],"card_choices":[{"not_picked":["Reflex","Night Terror"],"picked":"Caltrops"},{"not_picked":["Sucker Punch","Skewer"],"picked":"Envenom"},{"not_picked":["Eviscerate","Flechettes"],"picked":"Cloak And Dagger"},{"not_picked":["Setup","Poisoned Stab"],"picked":"Malaise"},{"not_picked":["Deadly Poison","Flying Knee"],"picked":"Leg Sweep"},{"not_picked":["Wraith Form","Storm of Steel"],"picked":"Unload"},{"not_picked":["Bouncing Flask","Reflex"],"picked":"Bane"}],"player_experience":310567,"potions_floor_usage":[18,18,25],"damage_taken":[{"damage":6,"enemies":"Jaw Worm","floor":1,"turns":6},{"damage":39,"enemies":"Gremlin Nob","floor":6,"turns":6},{"damage":0,"enemies":"2 Louse","floor":10,"turns":4},{"damage":0,"enemies":"Small Slimes","floor":12,"turns":4},{"damage":1,"enemies":"Looter","floor":13,"turns":4},{"damage":29,"enemies":"Large Slime","floor":14,"turns":7},{"damage":6,"enemies":"Hexaghost","floor":16,"turns":12},{"damage":26,"enemies":"Spheric Guardian","floor":18,"turns":7},{"damage":9,"enemies":"Chosen","floor":21,"turns":6},{"damage":16,"enemies":"Slaver and Parasite","floor":24,"turns":6},{"damage":37,"enemies":"3 Cultists","floor":25,"turns":5}],"event_choices":[{"event_name":"Golden Idol","player_choice":"Lose Max HP","floor":2,"damage_taken":0},{"event_name":"The Cleric","player_choice":"Card Removal","floor":3,"damage_taken":0},{"event_name":"Living Wall","player_choice":"Grow","floor":5,"damage_taken":0},{"event_name":"Golden Shrine","player_choice":"Pray","floor":20,"damage_taken":0}],"boss_relics":[{"not_picked":["Astrolabe","Pandora\u0027s Box"],"picked":"Sozu"}],"potions_floor_spawned":[1,10,14,16,18],"seed_played":"-52666066625924625","killed_by":"3 Cultists","ascension_level":8,"is_trial":false}