{"gold_per_floor":[115,127,138,18,31,31,42,42,42,42,42,60,60,72,72,176,176,192,291,291,99,110,138,151,151,151,151,76,86,86,86,86,183,183,201,201,220,220,102,102,22,22,46,46,64,80,99,116,116,116,116,116,6,36,36],"floor_reached":56,"playtime":3779,"items_purged":["Strike_G","Defend_G"],"score":1234,"play_id":"0b8bc5c8-b1c5-4cca-b2ca-f4572f8dbed2","local_time":"20190308210922","is_ascension_mode":false,"campfire_choices":[{"data":"Bouncing Flask","floor":6.0,"key":"SMITH"},{"data":"Catalyst","floor":8.0,"key":"SMITH"},{"data":"Footwork","floor":11.0,"key":"SMITH"},{"data":"Catalyst","floor":15.0,"key":"SMITH"},{"floor":27,"key":"REST"},{"floor":32,"key":"REST"},{"floor":40,"key":"RECALL"},{"data":"Wraith Form v2","floor":42,"key":"SMITH"},{"data":"Noxious Fumes","floor":44,"key":"SMITH"},{"floor":49,"key":"REST"},{"data":"Neutralize","floor":52,"key":"SMITH"}],"neow_cost":"NONE","seed_source_timestamp":0,"circlet_count":0,"master_deck":["Defend_G","Defend_G","Defend_G","Defend_G","Survivor","Neutralize+1","Footwork","Catalyst+1","Footwork+1","Backflip","Bouncing Flask+1","PiercingWail","PiercingWail","Catalyst+1","After Image","Crippling Poison+1","Backflip","Backflip","Wraith Form v2+1","Adrenaline","Heel Hook+1","Well Laid Plans+1","Tactician+1","Madness","Madness","Noxious Fumes+1","Catalyst","Noxious Fumes+1","Corpse Explosion","Bullet Time"],"special_seed":0,"relics":["Ring of the Snake","FossilizedHelix","Snecko Eye","Snake Skull","Gremlin Horn","The Courier","Question Card","Astrolabe","Anchor","Ice Cream"],"potions_floor_usage":[23,23,33,33,37,55,55,55],"damage_taken":[{"damage":1.0,"enemies":"Cultist","floor":1.0,"turns":4.0},{"damage":0.0,"enemies":"2 Louse","floor":2.0,"turns":4.0},{"damage":0.0,"enemies":"Jaw Worm","floor":3.0,"turns":6.0},{"damage":7.0,"enemies":"2 Fungi Beasts","floor":5.0,"turns":6.0},{"damage":6.0,"enemies":"3 Louse","floor":7.0,"turns":5.0},{"damage":0.0,"enemies":"Red Slaver","floor":12.0,"turns":5.0},{"damage":0.0,"enemies":"Exordium Wildlife","floor":14.0,"turns":4.0},{"damage":0.0,"enemies":"The Guardian","floor":16.0,"turns":6.0},{"damage":10.0,"enemies":"3 Byrds","floor":18.0,"turns":6.0},{"damage":21.0,"enemies":"Colosseum Slavers","floor":20.0,"turns":6.0},{"damage":0,"enemies":"Shell Parasite","floor":22,"turns":3},{"damage":26,"enemies":"Gremlin Leader","floor":23,"turns":7},{"damage":5,"enemies":"Snake Plant","floor":24,"turns":3},{"damage":0,"enemies":"Snecko","floor":29,"turns":3},{"damage":0,"enemies":"Automaton","floor":33,"turns":8},{"damage":0,"enemies":"3 Shapes","floor":35,"turns":4},{"damage":13,"enemies":"3 Darklings","floor":37,"turns":17},{"damage":9,"enemies":"Jaw Worm Horde","floor":45,"turns":3},{"damage":0,"enemies":"4 Shapes","floor":46,"turns":5},{"damage":0,"enemies":"Sphere and 2 Shapes","floor":47,"turns":4},{"damage":1,"enemies":"3 Darklings","floor":48,"turns":4},{"damage":7,"enemies":"Donu and Deca","floor":50,"turns":7},{"damage":0,"enemies":"Shield and Spear","floor":54,"turns":5},{"damage":53,"enemies":"The Heart","floor":55,"turns":9}],"seed_played":"-2754997447071871491","potions_obtained":[{"floor":0.0,"key":"SteroidPotion"},{"floor":0.0,"key":"Dexterity Potion"},{"floor":0.0,"key":"Regen Potion"},{"floor":3.0,"key":"LiquidBronze"},{"floor":16.0,"key":"EssenceOfSteel"},{"floor":24,"key":"Dexterity Potion"},{"floor":33,"key":"Poison Potion"},{"floor":46,"key":"Dexterity Potion"},{"floor":48,"key":"Explosive Potion"},{"floor":54,"key":"Weak Potion"}],"is_trial":false,"path_per_floor":["M","M","M","$","M","R","M","R","T","$","R","M","$","M","R","B",null,"M","?","?","$","M","E","M","T","T","R","?","M","?","T","R","B",null,"M","?","M","?","$","R","$","R","T","R","M","M","M","M","R","B",null,"R","$","E","B",null],"character_chosen":"THE_SILENT","items_purchased":["Footwork","Backflip","Snake Skull","Backflip","Noxious Fumes","Corpse Explosion"],"campfire_rested":3,"item_purchase_floors":[4,4,21,21,39,53],"current_hp_per_floor":[69,69,69,69,62,62,56,56,56,56,56,56,56,56,56,56,70,60,60,39,39,39,28,23,23,23,44,44,44,31,31,53,53,75,75,66,53,53,53,53,53,53,53,53,44,44,44,43,65,58,75,75,75,75,22],"gold":36,"neow_bonus":"THREE_SMALL_POTIONS","is_prod":false,"is_daily":false,"chose_seed":false,"campfire_upgraded":7,"win_rate":0,"timestamp":1552097362,"path_taken":["M","?","M","$","M","R","M","R","T","$","R","?","$","?","R","BOSS","M","?","?","$","M","E","M","?","T","R","?","M","?","?","R","BOSS","M","?","M","?","?","R","$","R","T","R","M","M","M","?","R","BOSS","R","$","E","BOSS"],"build_version":"2019-01-23","purchased_purges":2,"victory":true,"max_hp_per_floor":[70,70,70,70,70,70,70,70,70,70,70,70,70,70,70,70,70,70,70,70,70,70,70,70,70,70,70,70,70,75,75,75,75,75,75,75,75,75,75,75,75,75,75,75,75,75,75,75,75,75,75,75,75,75,75],"card_choices":[{"not_picked":["Slice","Dagger Spray","Poisoned Stab"],"picked":"SKIP","floor":1.0},{"not_picked":["Deadly Poison","PiercingWail"],"picked":"Footwork","floor":2.0},{"not_picked":["Deadly Poison","Dagger Spray"],"picked":"Catalyst","floor":3.0},{"not_picked":["Slice","Quick Slash"],"picked":"Bouncing Flask","floor":5.0},{"not_picked":["Deflect","Skewer"],"picked":"PiercingWail","floor":7.0},{"not_picked":["Setup","Acrobatics"],"picked":"PiercingWail","floor":12.0},{"not_picked":["Adrenaline","Distraction"],"picked":"Catalyst","floor":14.0},{"not_picked":["Night Terror","Bullet Time"],"picked":"After Image","floor":16.0},{"not_picked":["Bane","Flechettes+1"],"picked":"Crippling Poison+1","floor":18.0},{"not_picked":["Expertise+1","Concentrate+1"],"picked":"Backflip","floor":22},{"not_picked":["Acrobatics","Skewer","Eviscerate+1"],"picked":"SKIP","floor":23},{"not_picked":["Quick Slash","Slice","Concentrate"],"picked":"SKIP","floor":24},{"not_picked":["Calculated Gamble","Flying Knee"],"picked":"Wraith Form v2","floor":29},{"not_picked":["Unload","Phantasmal Killer","Bullet Time"],"picked":"Adrenaline","floor":33},{"not_picked":["Sucker Punch+1","Expertise+1","Concentrate","Accuracy+1"],"picked":"SKIP","floor":35},{"not_picked":["Deflect","Prepared","Cloak And Dagger+1","Heel Hook+1"],"picked":"SKIP","floor":37},{"not_picked":["Calculated Gamble","Backstab+1","Slice+1","Distraction+1"],"picked":"SKIP","floor":45},{"not_picked":["Acrobatics","Eviscerate+1","Well Laid Plans","Quick Slash"],"picked":"SKIP","floor":46},{"not_picked":["Eviscerate+1","Concentrate","Underhanded Strike+1"],"picked":"Catalyst","floor":47},{"not_picked":["Bane+1","Underhanded Strike+1","Flying Knee"],"picked":"Noxious Fumes+1","floor":48},{"not_picked":["Distraction+1","Underhanded Strike+1","Prepared"],"picked":"Bullet Time","floor":54}],"player_experience":1154775,"relics_obtained":[{"floor":9.0,"key":"FossilizedHelix"},{"floor":23,"key":"Gremlin Horn"},{"floor":26,"key":"The Courier"},{"floor":31,"key":"Question Card"},{"floor":43,"key":"Anchor"},{"floor":54,"key":"Ice Cream"}],"event_choices":[{"damage_healed":0.0,"max_hp_gain":0.0,"max_hp_loss":0.0,"gold_gain":99.0,"event_name":"Nest","player_choice":"Stole From Cult","floor":19.0,"gold_loss":0.0,"damage_taken":0.0},{"damage_healed":0.0,"max_hp_gain":0.0,"max_hp_loss":0.0,"gold_gain":0.0,"event_name":"Colosseum","player_choice":"Fight","floor":20.0,"gold_loss":0.0,"damage_taken":0.0},{"damage_healed":0.0,"max_hp_gain":0.0,"max_hp_loss":0.0,"gold_gain":0.0,"event_name":"Colosseum","player_choice":"Fled From Nobs","floor":20.0,"gold_loss":0.0,"damage_taken":0.0},{"cards_removed":["Strike_G"],"damage_healed":0,"gold_gain":0,"player_choice":"Gave Gold","damage_taken":0,"max_hp_gain":0,"max_hp_loss":0,"event_name":"Beggar","floor":28,"gold_loss":75},{"damage_healed":0,"gold_gain":0,"player_choice":"Shed Blood","damage_taken":18,"max_hp_gain":5,"max_hp_loss":0,"event_name":"Forgotten Altar","floor":30,"gold_loss":0},{"damage_healed":0,"gold_gain":0,"player_choice":"Embrace Madness","damage_taken":9,"max_hp_gain":0,"max_hp_loss":0,"event_name":"Winding Halls","floor":36,"gold_loss":0,"cards_obtained":["Madness","Madness"]},{"damage_healed":0,"gold_gain":0,"player_choice":"Ignored","damage_taken":0,"max_hp_gain":0,"max_hp_loss":0,"event_name":"Tomb of Lord Red Mask","floor":38,"gold_loss":0}],"is_beta":false,"boss_relics":[{"not_picked":["Lizard Tail","White Beast Statue"],"picked":"Snecko Eye"},{"not_picked":["Black Star","WristBlade"],"picked":"Astrolabe"}],"items_purged_floors":[39,41],"is_endless":false,"potions_floor_spawned":[1,3,5,14,16,18,20,24,33,46,48,54],"ascension_level":0}