{"gold_per_floor":[110,110,122,46,46,80,112,134,171,183,195,243,255,310,322,462,474,507,519,531,568,598,610,647,659,671,683,719,458,458,458,458,582,582,605,629,648,91,91,91,38,38,38,61,61,100,100,24,24,24],"floor_reached":51,"playtime":3414,"items_purged":["Pain","Anger"],"score":716,"play_id":"6f6fc135-69b9-44bd-8417-5bf8ef48b8ca","local_time":"20190312163328","is_ascension_mode":false,"campfire_choices":[{"data":"Armaments","floor":10.0,"key":"SMITH"},{"data":"Immolate","floor":13.0,"key":"SMITH"},{"data":"Spot Weakness","floor":15.0,"key":"SMITH"},{"data":"Warcry","floor":23,"key":"SMITH"},{"data":"Ghostly","floor":25,"key":"SMITH"},{"data":"Ghostly","floor":27,"key":"SMITH"},{"data":"Ghostly","floor":32,"key":"SMITH"},{"floor":40,"key":"REST"},{"floor":45,"key":"REST"},{"floor":49,"key":"REST"}],"neow_cost":"TEN_PERCENT_HP_LOSS","seed_source_timestamp":10112978896524,"circlet_count":0,"master_deck":["Strike_R+1","Strike_R+1","Strike_R+1","Defend_R+1","Defend_R+1","Defend_R+1","Bash","Shockwave","Armaments+1","Shrug It Off","Immolate+1","Clothesline","Spot Weakness+1","Intimidate","Double Tap","Ghostly","Ghostly","Ghostly+1","Ghostly+1","Ghostly+1","Warcry+1","Sword Boomerang","Demon Form","Disarm","True Grit+1","Pommel Strike+1","Shrug It Off+1","Power Through+1","Disarm+1"],"special_seed":0,"relics":["Burning Blood","Incense Burner","MawBank","Juzu Bracelet","Golden Idol","Vajra","Du-Vu Doll","Cursed Key","WarpedTongs","Medical Kit","Fusion Hammer","Blood Vial","Toxic Egg 2","Nunchaku"],"potions_floor_usage":[35,50,50,50],"damage_taken":[{"damage":0.0,"enemies":"2 Louse","floor":1.0,"turns":3.0},{"damage":4.0,"enemies":"Cultist","floor":3.0,"turns":5.0},{"damage":35.0,"enemies":"3 Sentries","floor":6.0,"turns":11.0},{"damage":3.0,"enemies":"Jaw Worm","floor":7.0,"turns":3.0},{"damage":5.0,"enemies":"Large Slime","floor":8.0,"turns":4.0},{"damage":14.0,"enemies":"Gremlin Nob","floor":12.0,"turns":3.0},{"damage":8.0,"enemies":"3 Sentries","floor":14.0,"turns":3.0},{"damage":25.0,"enemies":"The Guardian","floor":16.0,"turns":14.0},{"damage":21.0,"enemies":"2 Thieves","floor":18.0,"turns":4.0},{"damage":9,"enemies":"3 Byrds","floor":21,"turns":4},{"damage":6,"enemies":"Snake Plant","floor":22,"turns":5},{"damage":5,"enemies":"Snecko","floor":24,"turns":5},{"damage":4,"enemies":"3 Cultists","floor":28,"turns":7},{"damage":24,"enemies":"Champ","floor":33,"turns":14},{"damage":1,"enemies":"Orb Walker","floor":35,"turns":3},{"damage":2,"enemies":"3 Shapes","floor":36,"turns":8},{"damage":3,"enemies":"Jaw Worm Horde","floor":37,"turns":5},{"damage":3,"enemies":"Writhing Mass","floor":44,"turns":5},{"damage":1,"enemies":"Giant Head","floor":46,"turns":10},{"damage":1,"enemies":"Time Eater","floor":50,"turns":14}],"seed_played":"-5421643606142692825","potions_obtained":[{"floor":7.0,"key":"Dexterity Potion"},{"floor":8.0,"key":"Strength Potion"},{"floor":16.0,"key":"Fire Potion"},{"floor":18.0,"key":"Swift Potion"},{"floor":28,"key":"Strength Potion"},{"floor":36,"key":"Fire Potion"},{"floor":46,"key":"EssenceOfSteel"}],"is_trial":false,"path_per_floor":["M","?","M","$","?","E","M","M","T","R","?","E","R","E","R","B",null,"M","?","?","M","M","R","M","R","T","R","M","$","?","?","R","B",null,"M","M","M","$","?","R","$","?","T","M","R","E","?","$","R","B",null],"character_chosen":"IRONCLAD","items_purchased":["Armaments","Shrug It Off","Medical Kit","Dexterity Potion","Blood Vial","Toxic Egg 2","Shrug It Off+1","EssenceOfSteel"],"campfire_rested":3,"item_purchase_floors":[4,4,29,38,38,38,41,48],"current_hp_per_floor":[72,72,72,72,65,36,39,40,40,40,40,32,32,30,30,11,67,52,52,33,30,30,30,31,31,31,31,33,33,33,33,33,15,33,33,33,33,33,31,31,31,31,31,31,31,31,31,31,31,31],"gold":24,"neow_bonus":"ONE_RARE_RELIC","is_prod":false,"is_daily":false,"chose_seed":false,"campfire_upgraded":7,"win_rate":0,"timestamp":1552422808,"path_taken":["M","?","M","?","?","E","M","M","T","R","?","E","R","E","R","BOSS","M","?","?","M","M","R","M","R","T","R","M","$","?","?","R","BOSS","M","M","M","$","?","R","?","?","T","M","R","E","?","$","R","BOSS"],"build_version":"2019-01-23","purchased_purges":2,"victory":true,"max_hp_per_floor":[72,72,72,72,72,72,72,72,72,72,67,67,67,67,67,67,67,67,67,33,33,33,33,33,33,33,33,33,33,33,33,33,33,33,33,33,33,33,31,31,31,31,31,31,31,31,31,31,31,31],"card_choices":[{"not_picked":["Thunderclap","Body Slam"],"picked":"Shockwave","floor":1.0},{"not_picked":["Body Slam","Wild Strike"],"picked":"Anger","floor":3.0},{"not_picked":["Rage","Body Slam"],"picked":"Immolate","floor":6.0},{"not_picked":["Infernal Blade","Sword Boomerang"],"picked":"Clothesline","floor":7.0},{"not_picked":["Headbutt","Armaments"],"picked":"Spot Weakness","floor":8.0},{"not_picked":["Iron Wave","Brutality"],"picked":"Intimidate","floor":12.0},{"not_picked":["Armaments","Blood for Blood","Heavy Blade"],"picked":"SKIP","floor":14.0},{"not_picked":["Barricade","Juggernaut"],"picked":"Double Tap","floor":16.0},{"not_picked":["Armaments","Thunderclap","Flex+1"],"picked":"SKIP","floor":18.0},{"not_picked":["Shrug It Off","Evolve"],"picked":"Warcry","floor":21},{"not_picked":["Entrench","Dropkick","Iron Wave"],"picked":"SKIP","floor":22},{"not_picked":["Burning Pact","Thunderclap","Sentinel"],"picked":"SKIP","floor":24},{"not_picked":["Blood for Blood","Armaments+1"],"picked":"Sword Boomerang","floor":28},{"not_picked":["Dark Embrace","Exhume"],"picked":"Demon Form","floor":33},{"not_picked":["Clash+1","Shrug It Off+1"],"picked":"Disarm","floor":35},{"not_picked":["Burning Pact+1","Inflame"],"picked":"True Grit+1","floor":36},{"not_picked":["Fiend Fire","Warcry"],"picked":"Pommel Strike+1","floor":37},{"not_picked":["Searing Blow","Pommel Strike"],"picked":"Power Through+1","floor":44},{"not_picked":["Thunderclap+1","Pummel+1","Headbutt+1"],"picked":"SKIP","floor":46}],"player_experience":579016,"relics_obtained":[{"floor":6.0,"key":"MawBank"},{"floor":9.0,"key":"Juzu Bracelet"},{"floor":12.0,"key":"Vajra"},{"floor":14.0,"key":"Du-Vu Doll"},{"floor":46,"key":"Nunchaku"}],"event_choices":[{"damage_healed":0.0,"max_hp_gain":0.0,"max_hp_loss":0.0,"gold_gain":0.0,"event_name":"NoteForYourself","player_choice":"Ignored","floor":2.0,"gold_loss":0.0,"damage_taken":0.0},{"cards_removed":["Strike_R"],"damage_healed":0.0,"max_hp_gain":0.0,"max_hp_loss":0.0,"gold_gain":0.0,"event_name":"Golden Wing","player_choice":"Card Removal","floor":5.0,"gold_loss":0.0,"damage_taken":7.0},{"damage_healed":0.0,"max_hp_gain":0.0,"max_hp_loss":5.0,"gold_gain":0.0,"event_name":"Golden Idol","player_choice":"Lose Max HP","floor":11.0,"gold_loss":0.0,"damage_taken":0.0,"relics_obtained":["Golden Idol"]},{"damage_healed":0,"gold_gain":0,"player_choice":"Rummage","damage_taken":0,"relics_obtained":["WarpedTongs"],"max_hp_gain":0,"max_hp_loss":0,"event_name":"Accursed Blacksmith","floor":19,"gold_loss":0,"cards_obtained":["Pain"]},{"damage_healed":0,"gold_gain":0,"player_choice":"Became a Ghost","damage_taken":0,"max_hp_gain":0,"max_hp_loss":34,"event_name":"Ghosts","floor":20,"gold_loss":0,"cards_obtained":["Ghostly","Ghostly","Ghostly","Ghostly","Ghostly"]},{"damage_healed":0,"gold_gain":0,"player_choice":"Simplicity","damage_taken":0,"max_hp_gain":0,"max_hp_loss":0,"event_name":"Back to Basics","floor":30,"gold_loss":0,"cards_upgraded":["Strike_R","Strike_R","Strike_R","Strike_R","Defend_R","Defend_R","Defend_R","Defend_R"]},{"cards_removed":["Strike_R"],"damage_healed":0,"gold_gain":0,"player_choice":"Purged","damage_taken":0,"max_hp_gain":0,"max_hp_loss":0,"event_name":"Purifier","floor":31,"gold_loss":0},{"damage_healed":0,"gold_gain":0,"player_choice":"Max HP","damage_taken":0,"max_hp_gain":0,"max_hp_loss":2,"event_name":"Winding Halls","floor":39,"gold_loss":0},{"cards_removed":["Defend_R"],"damage_healed":0,"gold_gain":0,"player_choice":"Removed Skill","damage_taken":0,"max_hp_gain":0,"max_hp_loss":0,"event_name":"Falling","floor":42,"gold_loss":0},{"damage_healed":0,"gold_gain":0,"player_choice":"Copied","damage_taken":0,"max_hp_gain":0,"max_hp_loss":0,"event_name":"Duplicator","floor":47,"gold_loss":0,"cards_obtained":["Disarm"]}],"is_beta":false,"boss_relics":[{"not_picked":["Calling Bell","Black Blood"],"picked":"Cursed Key"},{"not_picked":["Runic Cube","Astrolabe"],"picked":"Fusion Hammer"}],"items_purged_floors":[29,38],"is_endless":false,"potions_floor_spawned":[7,8,16,18,28,36,44,46],"ascension_level":0}