{"gold_per_floor":[113,130,148,162,178,240,240,266,266,266,266,112,112,212,212,316,316,334,334,354,372,390,390,390],"floor_reached":24,"playtime":1411,"items_purged":[],"score":248,"play_id":"2f7d64b0-2c8c-49e2-a3a5-41ba6695d1a2","local_time":"20190213191337","is_ascension_mode":true,"campfire_choices":[{"floor":7,"key":"REST"},{"data":"Armaments","floor":10,"key":"SMITH"},{"floor":15,"key":"REST"},{"data":"Inflame","floor":23,"key":"SMITH"}],"neow_cost":"CURSE","seed_source_timestamp":977140117226461,"circlet_count":0,"master_deck":["Strike_R","Strike_R","Strike_R","Strike_R","Defend_R","Defend_R","Defend_R","Bash","Body Slam","Inflame+1","Seeing Red","Armaments+1","Ghostly Armor","Perfected Strike","Perfected Strike","Twin Strike","Feed","True Grit","Twin Strike","Clothesline+1","Wild Strike"],"relics":["Burning Blood","Tiny Chest","Anchor","Happy Flower","Red Skull","Bag of Preparation","Eternal Feather","Matryoshka"],"potions_floor_usage":[16,16,21,24],"damage_taken":[{"damage":1,"enemies":"Cultist","floor":1,"turns":4},{"damage":7,"enemies":"Small Slimes","floor":2,"turns":3},{"damage":14,"enemies":"2 Louse","floor":3,"turns":3},{"damage":23,"enemies":"Exordium Thugs","floor":4,"turns":7},{"damage":7,"enemies":"3 Louse","floor":5,"turns":3},{"damage":51,"enemies":"Lagavulin","floor":6,"turns":7},{"damage":21,"enemies":"Slime Boss","floor":16,"turns":8},{"damage":7,"enemies":"Chosen","floor":18,"turns":4},{"damage":17,"enemies":"Shell Parasite","floor":20,"turns":6},{"damage":41,"enemies":"Snecko","floor":21,"turns":5},{"damage":6,"enemies":"Sentry and Sphere","floor":22,"turns":3},{"damage":62,"enemies":"Slavers","floor":24,"turns":7}],"seed_played":"9113452764693288232","potions_obtained":[{"floor":1,"key":"Explosive Potion"},{"floor":3,"key":"AttackPotion"},{"floor":5,"key":"Weak Potion"},{"floor":6,"key":"BloodPotion"},{"floor":21,"key":"Regen Potion"}],"is_trial":false,"path_per_floor":["M","M","M","M","M","E","R","T","T","R","?","$","?","?","R","B",null,"M","T","M","M","M","R","E"],"character_chosen":"IRONCLAD","items_purchased":["Red Skull"],"campfire_rested":2,"item_purchase_floors":[12],"current_hp_per_floor":[80,79,71,54,53,8,32,32,32,32,25,25,25,25,49,34,69,68,68,57,30,33,45,0],"gold":390,"neow_bonus":"TRANSFORM_TWO_CARDS","is_prod":false,"is_daily":false,"chose_seed":false,"campfire_upgraded":2,"win_rate":0,"timestamp":1550114017,"path_taken":["M","M","M","M","M","E","R","?","T","R","?","$","?","?","R","BOSS","M","?","M","?","M","R","E"],"build_version":"2019-01-23","purchased_purges":0,"victory":false,"max_hp_per_floor":[80,80,80,80,80,80,80,80,80,80,80,80,80,80,80,80,80,80,80,80,80,83,83,83],"card_choices":[{"not_picked":["Perfected Strike","Clothesline"],"picked":"Seeing Red","floor":1},{"not_picked":["Thunderclap","Shockwave"],"picked":"Armaments","floor":2},{"not_picked":["Clothesline","Carnage"],"picked":"Ghostly Armor","floor":3},{"not_picked":["Second Wind","Havoc"],"picked":"Perfected Strike","floor":4},{"not_picked":["Combust","True Grit"],"picked":"Perfected Strike","floor":5},{"not_picked":["Seeing Red","Demon Form"],"picked":"Twin Strike","floor":6},{"not_picked":["Berserk","Bludgeon"],"picked":"Feed","floor":16},{"not_picked":["Disarm","Havoc"],"picked":"True Grit","floor":18},{"not_picked":["Carnage","Headbutt"],"picked":"Twin Strike","floor":20},{"not_picked":["Cleave","Heavy Blade"],"picked":"Clothesline+1","floor":21},{"not_picked":["Cleave","Anger"],"picked":"Wild Strike","floor":22}],"player_experience":259650,"relics_obtained":[{"floor":6,"key":"Tiny Chest"},{"floor":8,"key":"Anchor"},{"floor":9,"key":"Happy Flower"},{"floor":19,"key":"Matryoshka"}],"event_choices":[{"cards_removed":["Normality"],"damage_healed":0,"gold_gain":0,"player_choice":"Card Removal","damage_taken":7,"max_hp_gain":0,"max_hp_loss":0,"event_name":"Golden Wing","floor":11,"gold_loss":0},{"damage_healed":0,"gold_gain":0,"player_choice":"Searched \u00272\u0027 times","damage_taken":0,"relics_obtained":["Bag of Preparation"],"max_hp_gain":0,"max_hp_loss":0,"event_name":"Dead Adventurer","floor":13,"gold_loss":0},{"damage_healed":0,"gold_gain":100,"player_choice":"Gold","damage_taken":0,"max_hp_gain":0,"max_hp_loss":0,"event_name":"Wheel of Change","floor":14,"gold_loss":0}],"is_beta":false,"boss_relics":[{"not_picked":["Fusion Hammer","Black Star"],"picked":"Eternal Feather"}],"items_purged_floors":[],"is_endless":false,"potions_floor_spawned":[1,3,5,6,21],"killed_by":"Slavers","ascension_level":5}