{"gold_per_floor":[114,125,22,40,50,50,61,61,61,96,96,116,41,41,41,140,140,159,172,87,87,87],"floor_reached":22,"playtime":549,"items_purged":["Regret"],"score":242,"play_id":"aee81770-beb6-4822-a2d5-358eda2400f7","local_time":"20190311234802","is_ascension_mode":true,"campfire_choices":[{"data":"Electrodynamics","floor":6,"key":"SMITH"},{"data":"Zap","floor":8,"key":"SMITH"},{"floor":15,"key":"REST"}],"neow_cost":"TEN_PERCENT_HP_LOSS","seed_source_timestamp":351160833426599,"circlet_count":0,"master_deck":["Strike_B+1","Strike_B","Strike_B","Defend_B","Defend_B","Defend_B","Defend_B","Zap+1","Dualcast","Electrodynamics+1","Cold Snap","Steam+1","Heatsinks","Leap","Sweeping Beam","Machine Learning","Conserve Battery","Creative AI","Ball Lightning+1"],"relics":["Cracked Core","Torii","Peace Pipe","Mercury Hourglass","Cursed Key","Vajra"],"potions_floor_usage":[12],"damage_taken":[{"damage":6,"enemies":"Cultist","floor":1,"turns":3},{"damage":12,"enemies":"Small Slimes","floor":2,"turns":3},{"damage":1,"enemies":"Jaw Worm","floor":4,"turns":3},{"damage":0,"enemies":"2 Fungi Beasts","floor":5,"turns":2},{"damage":1,"enemies":"Exordium Wildlife","floor":7,"turns":2},{"damage":27,"enemies":"Lagavulin","floor":10,"turns":6},{"damage":1,"enemies":"Gremlin Gang","floor":12,"turns":2},{"damage":16,"enemies":"The Guardian","floor":16,"turns":11},{"damage":17,"enemies":"3 Byrds","floor":18,"turns":3},{"damage":7,"enemies":"Chosen","floor":19,"turns":4},{"damage":30,"enemies":"Centurion and Healer","floor":22,"turns":2}],"seed_played":"-6119421207621877595","potions_obtained":[{"floor":2,"key":"Ancient Potion"},{"floor":4,"key":"SpeedPotion"},{"floor":16,"key":"GamblersBrew"}],"is_trial":false,"path_per_floor":["M","M","$","M","M","R","M","R","T","E","?","M","$","?","R","B",null,"M","M","?","?","M"],"character_chosen":"DEFECT","items_purchased":["Steam","PowerPotion"],"campfire_rested":1,"item_purchase_floors":[3,3],"current_hp_per_floor":[62,50,50,49,49,49,48,48,48,21,21,20,20,6,26,10,54,37,30,30,30,0],"gold":87,"neow_bonus":"THREE_RARE_CARDS","is_prod":false,"is_daily":false,"chose_seed":false,"campfire_upgraded":2,"win_rate":0,"timestamp":1552366082,"path_taken":["M","M","?","M","M","R","M","R","T","E","?","M","?","?","R","BOSS","M","M","?","?","M"],"build_version":"2019-01-23","purchased_purges":1,"victory":false,"max_hp_per_floor":[68,68,68,68,68,68,68,68,68,68,68,68,68,68,68,68,68,68,68,68,68,68],"card_choices":[{"not_picked":["Biased Cognition","Buffer"],"picked":"Electrodynamics","floor":0},{"not_picked":["Gash","Reprogram"],"picked":"Cold Snap","floor":1},{"not_picked":["Steam Power","Stack","Turbo"],"picked":"SKIP","floor":2},{"not_picked":["Genetic Algorithm","Meteor Strike"],"picked":"Heatsinks","floor":4},{"not_picked":["Steam Power","Blizzard"],"picked":"Leap","floor":5},{"not_picked":["Gash","Heatsinks"],"picked":"Sweeping Beam","floor":7},{"not_picked":["Scrape","Hyperbeam"],"picked":"Machine Learning","floor":10},{"not_picked":["Leap","Skim"],"picked":"Conserve Battery","floor":12},{"not_picked":["Electrodynamics","Hyperbeam"],"picked":"Creative AI","floor":16},{"not_picked":["Gash","Streamline+1"],"picked":"Ball Lightning+1","floor":18},{"not_picked":["Stack","Heatsinks","Rebound"],"picked":"SKIP","floor":19}],"player_experience":342552,"relics_obtained":[{"floor":9,"key":"Torii"},{"floor":10,"key":"Peace Pipe"}],"event_choices":[{"damage_healed":0,"gold_gain":0,"player_choice":"Box","damage_taken":0,"relics_obtained":["Mercury Hourglass"],"max_hp_gain":0,"max_hp_loss":0,"event_name":"Big Fish","floor":11,"gold_loss":0,"cards_obtained":["Regret"]},{"damage_healed":0,"gold_gain":0,"player_choice":"Entered Light","damage_taken":14,"max_hp_gain":0,"max_hp_loss":0,"event_name":"Shining Light","floor":14,"gold_loss":0,"cards_upgraded":["Steam","Strike_B"]},{"damage_healed":0,"gold_gain":0,"player_choice":"Obtained Relic","damage_taken":0,"relics_obtained":["Vajra"],"max_hp_gain":0,"max_hp_loss":0,"event_name":"Addict","floor":20,"gold_loss":85},{"cards_removed":["Strike_B"],"damage_healed":0,"gold_gain":0,"player_choice":"Purged","damage_taken":0,"max_hp_gain":0,"max_hp_loss":0,"event_name":"Purifier","floor":21,"gold_loss":0}],"is_beta":false,"boss_relics":[{"not_picked":["Orrery","Astrolabe"],"picked":"Cursed Key"}],"items_purged_floors":[13],"is_endless":false,"potions_floor_spawned":[2,4,16,18],"killed_by":"Centurion and Healer","ascension_level":6}