{"path_per_floor":["M","?","M","?","$","R","M","M","T","M","?","M","M","M","R","B",null,"M","$","?"],"character_chosen":"THE_SILENT","items_purchased":["Sadistic Nature"],"gold_per_floor":[14,14,32,132,57,57,73,89,89,101,176,187,207,222,222,318,318,333,31,31,31],"floor_reached":21,"campfire_rested":1,"playtime":784,"current_hp_per_floor":[70,70,70,70,70,70,67,40,40,40,29,29,25,20,41,34,70,59,59,59,59],"items_purged":["Strike_G","Defend_G"],"gold":31,"score":173,"play_id":"ce5d103e-5d9c-45fe-acc2-b70409dd4b60","local_time":"20180426203621","is_prod":false,"is_daily":false,"chose_seed":false,"is_ascension_mode":false,"campfire_upgraded":1,"timestamp":1524785781,"path_taken":["M","?","M","?","?","R","M","M","T","M","?","M","?","M","R","BOSS","M","$","?","?"],"build_version":"2018-04-19","seed_source_timestamp":54682777699544,"purchased_purges":2,"victory":false,"master_deck":["Defend_G","Defend_G","Defend_G","Strike_G","Strike_G","Strike_G","Survivor","Neutralize","Well Laid Plans","Glass Knife","Dagger Spray","After Image+1","Deadly Poison","Cloak And Dagger","Blur","Dash","Corpse Explosion","Cloak And Dagger+1","Sadistic Nature","Writhe"],"max_hp_per_floor":[70,70,70,70,70,70,70,70,70,70,70,70,70,70,70,70,70,70,70,70,70],"relics":["Ring of the Snake","Shuriken"],"card_choices":[{"not_picked":["PiercingWail","Flying Knee"],"picked":"Dagger Spray","floor":1},{"not_picked":["Dodge and Roll","Bane"],"picked":"After Image","floor":3},{"not_picked":["Dagger Throw","Bouncing Flask"],"picked":"Deadly Poison","floor":7},{"not_picked":["Distraction","Prepared"],"picked":"Cloak And Dagger","floor":8},{"not_picked":["Dagger Spray","Riddle With Holes"],"picked":"Blur","floor":13},{"not_picked":["Bouncing Flask","Prepared"],"picked":"Dash","floor":14},{"not_picked":["Glass Knife","Envenom"],"picked":"Corpse Explosion","floor":16},{"not_picked":["Caltrops","Flying Knee"],"picked":"Cloak And Dagger","floor":18}],"player_experience":751584,"potions_floor_usage":[8,12,16],"damage_taken":[{"damage":0,"enemies":"Jaw Worm","floor":1,"turns":4},{"damage":0,"enemies":"Cultist","floor":3,"turns":3},{"damage":3,"enemies":"Small Slimes","floor":7,"turns":3},{"damage":27,"enemies":"Gremlin Gang","floor":8,"turns":4},{"damage":0,"enemies":"Red Slaver","floor":10,"turns":3},{"damage":0,"enemies":"Large Slime","floor":12,"turns":4},{"damage":4,"enemies":"Blue Slaver","floor":13,"turns":3},{"damage":5,"enemies":"2 Fungi Beasts","floor":14,"turns":3},{"damage":7,"enemies":"The Guardian","floor":16,"turns":13},{"damage":11,"enemies":"Chosen","floor":18,"turns":7}],"event_choices":[{"event_name":"The Lab","player_choice":"Got Potions","floor":2,"damage_taken":0},{"event_name":"Wheel of Change","player_choice":"Gold","floor":4,"damage_taken":0},{"event_name":"World of Goop","player_choice":"Gather Gold","floor":11,"damage_taken":0},{"event_name":"The Mausoleum","player_choice":"Yes","floor":20,"damage_taken":0}],"boss_relics":[{"not_picked":["Cursed Key","White Beast Statue","Astrolabe"]}],"potions_floor_spawned":[7,13,14,18],"seed_played":"8590017865279495553","ascension_level":0,"is_trial":false}