{"gold_per_floor":[109,123,123,48,48,48,66,78,78,92,92,111,140,140,140,140],"floor_reached":16,"playtime":648,"items_purged":["Regret"],"score":128,"play_id":"0e7c8fff-7333-4f34-99ae-e5313e1d2dc4","local_time":"20190303165336","is_ascension_mode":true,"campfire_choices":[{"data":"Sword Boomerang","floor":6,"key":"SMITH"},{"data":"True Grit","floor":11,"key":"SMITH"},{"data":"Dark Embrace","floor":15,"key":"SMITH"}],"neow_cost":"NONE","seed_source_timestamp":150535031519193,"circlet_count":0,"master_deck":["Strike_R","Strike_R","Strike_R","Strike_R","Defend_R","Defend_R","Defend_R","Defend_R","Bash","Sword Boomerang+1","Shrug It Off","Dark Embrace+1","Corruption","Sentinel","True Grit+1","Clothesline","Shrug It Off"],"relics":["Burning Blood","Dodecahedron","Bottled Flame","Darkstone Periapt"],"potions_floor_usage":[13],"damage_taken":[{"damage":4,"enemies":"Small Slimes","floor":1,"turns":3},{"damage":11,"enemies":"Cultist","floor":2,"turns":4},{"damage":4,"enemies":"2 Louse","floor":7,"turns":3},{"damage":23,"enemies":"Large Slime","floor":8,"turns":7},{"damage":13,"enemies":"Blue Slaver","floor":10,"turns":5},{"damage":8,"enemies":"3 Louse","floor":12,"turns":4},{"damage":30,"enemies":"3 Sentries","floor":13,"turns":8},{"damage":50,"enemies":"Slime Boss","floor":16,"turns":9}],"seed_played":"6049051437206336638","potions_obtained":[{"floor":8,"key":"Swift Potion"},{"floor":10,"key":"Regen Potion"},{"floor":12,"key":"FearPotion"}],"is_trial":false,"path_per_floor":["M","M","?","$","?","R","M","M","T","M","R","M","E","?","R","B"],"character_chosen":"IRONCLAD","items_purchased":[],"campfire_rested":0,"item_purchase_floors":[],"current_hp_per_floor":[88,83,83,83,83,83,85,68,68,61,61,59,50,50,50,0],"gold":140,"neow_bonus":"TEN_PERCENT_HP_BONUS","is_prod":false,"is_daily":false,"chose_seed":false,"campfire_upgraded":3,"win_rate":0,"timestamp":1551653616,"path_taken":["M","M","?","$","?","R","M","M","T","M","R","?","E","?","R","BOSS"],"build_version":"2019-01-23","purchased_purges":1,"victory":false,"max_hp_per_floor":[88,88,88,88,88,88,88,88,88,88,88,88,88,88,88,88],"card_choices":[{"not_picked":["Headbutt","Armaments"],"picked":"Sword Boomerang","floor":1},{"not_picked":["Seeing Red","Clash"],"picked":"Shrug It Off","floor":2},{"not_picked":["Heavy Blade","Perfected Strike"],"picked":"Corruption","floor":7},{"not_picked":["Blood for Blood","Havoc"],"picked":"Sentinel","floor":8},{"not_picked":["Headbutt","Intimidate"],"picked":"True Grit","floor":10},{"not_picked":["Heavy Blade","Warcry"],"picked":"Clothesline","floor":12},{"not_picked":["Reckless Charge","Hemokinesis"],"picked":"Shrug It Off","floor":13}],"player_experience":286538,"relics_obtained":[{"floor":9,"key":"Bottled Flame"},{"floor":13,"key":"Darkstone Periapt"}],"event_choices":[{"damage_healed":0,"gold_gain":0,"player_choice":"Box","damage_taken":0,"relics_obtained":["Dodecahedron"],"max_hp_gain":0,"max_hp_loss":0,"event_name":"Big Fish","floor":3,"gold_loss":0,"cards_obtained":["Regret"]},{"damage_healed":0,"gold_gain":0,"cards_transformed":["Strike_R"],"player_choice":"Transformed","damage_taken":0,"max_hp_gain":0,"max_hp_loss":0,"event_name":"Transmorgrifier","floor":5,"gold_loss":0,"cards_obtained":["Dark Embrace"]},{"damage_healed":0,"gold_gain":0,"player_choice":"Ignored","damage_taken":0,"max_hp_gain":0,"max_hp_loss":0,"event_name":"Liars Game","floor":14,"gold_loss":0}],"is_beta":false,"boss_relics":[],"items_purged_floors":[4],"is_endless":false,"potions_floor_spawned":[8,10,12],"killed_by":"Slime Boss","ascension_level":5}