{"gold_per_floor":[124,148,172,359,5,33,33,68,68,93,93,41,41,60,60,160,160,180,180,193,18,29,29,39,39,39,59,59,59,59,74,74,74],"floor_reached":33,"playtime":1181,"items_purged":["Doubt"],"score":363,"play_id":"4b5a721c-6a2c-4b27-8db9-6e1a2a5288b0","local_time":"20190303173606","is_ascension_mode":true,"campfire_choices":[{"data":"Deadly Poison","floor":7,"key":"SMITH"},{"floor":15,"key":"REST"},{"data":"A Thousand Cuts","floor":23,"key":"SMITH"},{"data":"After Image","floor":25,"key":"SMITH"},{"floor":28,"key":"REST"},{"floor":32,"key":"REST"}],"neow_cost":"NONE","seed_source_timestamp":152552288080748,"circlet_count":0,"master_deck":["Defend_G","Defend_G","Defend_G","Defend_G","Defend_G","Strike_G","Strike_G","Strike_G","Survivor","Neutralize","Deadly Poison","Dash","Deadly Poison+1","Dagger Spray","After Image+1","Noxious Fumes+1","Blade Dance+1","Finisher","A Thousand Cuts+1","Footwork","Backflip+1","Noxious Fumes","PiercingWail+1","Backflip+1","Cloak And Dagger+1"],"relics":["Ring of the Snake","MawBank","Ninja Scroll","Omamori","Turnip","Toxic Egg 2","Art of War","Gremlin Horn","Empty Cage","Enchiridion"],"potions_floor_usage":[6,8,20,27,33],"damage_taken":[{"damage":0,"enemies":"Cultist","floor":1,"turns":4},{"damage":8,"enemies":"Small Slimes","floor":2,"turns":4},{"damage":2,"enemies":"Jaw Worm","floor":3,"turns":4},{"damage":17,"enemies":"Lagavulin","floor":6,"turns":5},{"damage":0,"enemies":"Gremlin Nob","floor":8,"turns":3},{"damage":21,"enemies":"Lagavulin","floor":10,"turns":6},{"damage":0,"enemies":"2 Fungi Beasts","floor":14,"turns":3},{"damage":12,"enemies":"Hexaghost","floor":16,"turns":8},{"damage":13,"enemies":"Chosen","floor":18,"turns":5},{"damage":12,"enemies":"Spheric Guardian","floor":20,"turns":4},{"damage":5,"enemies":"Centurion and Healer","floor":22,"turns":7},{"damage":7,"enemies":"Shelled Parasite and Fungi","floor":24,"turns":7},{"damage":0,"enemies":"Snecko","floor":27,"turns":5},{"damage":11,"enemies":"Centurion and Healer","floor":31,"turns":6},{"damage":61,"enemies":"Collector","floor":33,"turns":7}],"seed_played":"-835125301744493511","potions_obtained":[{"floor":6,"key":"Poison Potion"},{"floor":16,"key":"Poison Potion"},{"floor":18,"key":"Dexterity Potion"},{"floor":20,"key":"Swift Potion"},{"floor":31,"key":"Explosive Potion"}],"is_trial":false,"path_per_floor":["M","M","M","?","$","E","R","E","T","E","T","$","?","M","R","B",null,"M","?","M","$","M","R","M","R","T","M","R","?","?","M","R","B"],"character_chosen":"THE_SILENT","items_purchased":["Ninja Scroll","SteroidPotion","Blade Dance+1","Noxious Fumes","PiercingWail+1","Block Potion"],"campfire_rested":3,"item_purchase_floors":[5,5,12,21,21,21],"current_hp_per_floor":[70,62,60,60,60,43,43,43,43,22,22,22,22,22,43,31,60,47,47,35,35,30,30,23,23,23,23,44,44,28,17,38,0],"gold":74,"neow_bonus":"RANDOM_COMMON_RELIC","is_prod":false,"is_daily":false,"chose_seed":false,"campfire_upgraded":3,"win_rate":0,"timestamp":1551656166,"path_taken":["M","?","M","?","$","E","R","E","T","E","?","$","?","M","R","BOSS","M","?","M","$","M","R","M","R","T","M","R","?","?","M","R","BOSS"],"build_version":"2019-01-23","purchased_purges":1,"victory":false,"max_hp_per_floor":[70,70,70,70,70,70,70,70,70,70,70,70,70,70,70,70,70,70,70,70,70,70,70,70,70,70,70,70,70,70,70,70,70],"card_choices":[{"not_picked":["Deflect","Infinite Blades"],"picked":"Deadly Poison","floor":1},{"not_picked":["Blade Dance","Dagger Spray"],"picked":"Dash","floor":2},{"not_picked":["Bane","Sucker Punch"],"picked":"Deadly Poison","floor":3},{"not_picked":["Choke","PiercingWail"],"picked":"Dagger Spray","floor":6},{"not_picked":["Well Laid Plans","Dagger Spray"],"picked":"After Image","floor":8},{"not_picked":["Slice","Die Die Die"],"picked":"Noxious Fumes","floor":10},{"not_picked":["Dagger Throw","Accuracy"],"picked":"Finisher","floor":14},{"not_picked":["Storm of Steel+1","Glass Knife"],"picked":"A Thousand Cuts","floor":16},{"not_picked":["Dodge and Roll+1","Reflex+1"],"picked":"Footwork","floor":18},{"not_picked":["Bane","Tools of the Trade"],"picked":"Backflip+1","floor":20},{"not_picked":["Acrobatics+1","Caltrops+1"],"picked":"Backflip+1","floor":22},{"not_picked":["Outmaneuver+1","Backflip+1","PiercingWail+1"],"picked":"SKIP","floor":24},{"not_picked":["Outmaneuver+1","Poisoned Stab","Underhanded Strike"],"picked":"SKIP","floor":27},{"not_picked":["All Out Attack","Unload","Outmaneuver+1"],"picked":"SKIP","floor":31}],"player_experience":288438,"relics_obtained":[{"floor":6,"key":"Omamori"},{"floor":8,"key":"Turnip"},{"floor":9,"key":"Toxic Egg 2"},{"floor":10,"key":"Art of War"},{"floor":11,"key":"Gremlin Horn"},{"floor":30,"key":"Enchiridion"}],"event_choices":[{"damage_healed":0,"gold_gain":175,"player_choice":"AGREE","damage_taken":0,"max_hp_gain":0,"max_hp_loss":0,"event_name":"Liars Game","floor":4,"gold_loss":0,"cards_obtained":["Doubt"]},{"damage_healed":0,"gold_gain":0,"player_choice":"Grow","damage_taken":0,"max_hp_gain":0,"max_hp_loss":0,"event_name":"Living Wall","floor":13,"gold_loss":0,"cards_upgraded":["Noxious Fumes"]},{"damage_healed":0,"gold_gain":0,"player_choice":"Ignored","damage_taken":0,"max_hp_gain":0,"max_hp_loss":0,"event_name":"Ghosts","floor":19,"gold_loss":0},{"damage_healed":0,"gold_gain":0,"player_choice":"Read","damage_taken":0,"max_hp_gain":0,"max_hp_loss":0,"event_name":"The Library","floor":29,"gold_loss":0,"cards_obtained":["Cloak And Dagger"]},{"damage_healed":0,"gold_gain":0,"player_choice":"Obtained Book","damage_taken":16,"max_hp_gain":0,"max_hp_loss":0,"event_name":"Cursed Tome","floor":30,"gold_loss":0}],"is_beta":false,"boss_relics":[{"not_picked":["Cursed Key","White Beast Statue"],"picked":"Empty Cage"}],"items_purged_floors":[5],"is_endless":false,"potions_floor_spawned":[6,16,18,20,22,31],"killed_by":"Collector","ascension_level":5}