{"gold_per_floor":[17,31,31,31,100,133,202,202],"floor_reached":8,"playtime":386,"items_purged":[],"score":102,"play_id":"620f1f5b-2d8b-462f-9ec0-1cdcc6ca2417","local_time":"20190120143425","is_ascension_mode":true,"campfire_choices":[],"neow_cost":"NO_GOLD","seed_source_timestamp":9890201944256,"circlet_count":0,"master_deck":["AscendersBane","Defend_G","Defend_G","Defend_G","Defend_G","Defend_G","Strike_G","Strike_G","Strike_G","Strike_G","Strike_G","Survivor","Neutralize","Night Terror+1","Well Laid Plans","Noxious Fumes","Caltrops","Catalyst","Escape Plan"],"relics":["Ring of the Snake","SsserpentHead","Bottled Lightning"],"potions_floor_usage":[2,6,7,8],"damage_taken":[{"damage":0,"enemies":"2 Louse","floor":1,"turns":4},{"damage":1,"enemies":"Cultist","floor":2,"turns":4},{"damage":0,"enemies":"Small Slimes","floor":5,"turns":4},{"damage":25,"enemies":"Lagavulin","floor":6,"turns":7},{"damage":3,"enemies":"Looter","floor":7,"turns":4},{"damage":39,"enemies":"Gremlin Nob","floor":8,"turns":4}],"seed_played":"1160376283244655777","potions_obtained":[{"floor":1,"key":"Swift Potion"},{"floor":2,"key":"SteroidPotion"},{"floor":5,"key":"Poison Potion"},{"floor":7,"key":"AttackPotion"}],"is_trial":false,"path_per_floor":["M","M","?","?","M","E","M","E"],"character_chosen":"THE_SILENT","items_purchased":[],"campfire_rested":0,"item_purchase_floors":[],"current_hp_per_floor":[59,58,58,58,58,33,30,0],"gold":202,"neow_bonus":"THREE_RARE_CARDS","is_prod":false,"is_daily":false,"chose_seed":false,"campfire_upgraded":0,"win_rate":0,"timestamp":1548002065,"path_taken":["M","M","?","?","?","E","?","E"],"build_version":"2019-01-19","purchased_purges":0,"victory":false,"max_hp_per_floor":[66,66,66,66,66,66,66,66],"card_choices":[{"not_picked":["Malaise","Glass Knife"],"picked":"Night Terror","floor":0},{"not_picked":["Outmaneuver","Poisoned Stab"],"picked":"Well Laid Plans","floor":1},{"not_picked":["Leg Sweep","Cloak And Dagger"],"picked":"Noxious Fumes","floor":2},{"not_picked":["Poisoned Stab","Prepared"],"picked":"Caltrops","floor":5},{"not_picked":["Dagger Throw","Calculated Gamble"],"picked":"Catalyst","floor":6},{"not_picked":["Deflect","Dagger Throw"],"picked":"Escape Plan","floor":7}],"player_experience":915834,"relics_obtained":[{"floor":6,"key":"Bottled Lightning"}],"event_choices":[{"damage_healed":0,"gold_gain":0,"player_choice":"Grow","damage_taken":0,"max_hp_gain":0,"max_hp_loss":0,"event_name":"Living Wall","floor":3,"gold_loss":0,"cards_upgraded":["Night Terror"]},{"damage_healed":0,"gold_gain":0,"player_choice":"Trade","damage_taken":0,"relics_obtained":["SsserpentHead"],"max_hp_gain":0,"max_hp_loss":0,"event_name":"FaceTrader","floor":4,"gold_loss":0}],"is_beta":true,"boss_relics":[],"items_purged_floors":[],"is_endless":false,"potions_floor_spawned":[1,2,5,7],"killed_by":"Gremlin Nob","ascension_level":15}