{"gold_per_floor":[116,16,35,49,62,89,89,109,109,140,140,140,90,90,90,185,185,196,196],"floor_reached":19,"playtime":796,"items_purged":["Defend_R"],"score":283,"play_id":"234e484a-cf53-4b40-ac32-d76e212c5ebe","local_time":"20190122163552","is_ascension_mode":true,"campfire_choices":[{"data":"Armaments","floor":7,"key":"SMITH"},{"data":"True Grit","floor":11,"key":"SMITH"},{"floor":15,"key":"REST"}],"neow_cost":"NONE","seed_source_timestamp":18370571842574,"circlet_count":0,"master_deck":["AscendersBane","Strike_R","Strike_R","Strike_R","Strike_R","Strike_R","Defend_R","Defend_R","Bash","Madness","Cleave","Armaments+1","Carnage","Perfected Strike","Wild Strike","True Grit+1","Burning Pact","Dark Embrace","Spot Weakness"],"relics":["Burning Blood","Paper Frog","Ancient Tea Set","Potion Belt","Philosopher\u0027s Stone"],"potions_floor_usage":[16,18,19,19],"damage_taken":[{"damage":1,"enemies":"Cultist","floor":1,"turns":4},{"damage":0,"enemies":"2 Louse","floor":3,"turns":3},{"damage":7,"enemies":"Jaw Worm","floor":4,"turns":2},{"damage":6,"enemies":"Looter","floor":5,"turns":3},{"damage":43,"enemies":"Lagavulin","floor":6,"turns":7},{"damage":7,"enemies":"3 Louse","floor":8,"turns":3},{"damage":31,"enemies":"3 Sentries","floor":10,"turns":8},{"damage":9,"enemies":"The Guardian","floor":16,"turns":11},{"damage":39,"enemies":"Chosen","floor":18,"turns":5},{"damage":50,"enemies":"Masked Bandits","floor":19,"turns":4}],"seed_played":"7748885431980509877","potions_obtained":[{"floor":3,"key":"Weak Potion"},{"floor":8,"key":"Energy Potion"},{"floor":16,"key":"Swift Potion"},{"floor":18,"key":"Regen Potion"}],"is_trial":false,"path_per_floor":["M","?","?","?","?"],"character_chosen":"IRONCLAD","items_purchased":["Armaments"],"campfire_rested":1,"item_purchase_floors":[2],"current_hp_per_floor":[77,77,80,79,79,42,42,41,41,16,16,16,16,16,40,37,69,36,0],"gold":196,"neow_bonus":"RANDOM_COLORLESS","is_prod":false,"is_daily":false,"chose_seed":false,"campfire_upgraded":2,"win_rate":0,"timestamp":1548182152,"path_taken":["M","$","M","?","M","E","R","M","T","E","R","?","?","?","R","BOSS","M","?"],"build_version":"2019-01-20","purchased_purges":1,"victory":false,"max_hp_per_floor":[80,80,80,80,80,80,80,80,80,80,80,80,80,80,80,80,80,80,80],"card_choices":[{"not_picked":["Thunderclap","Burning Pact"],"picked":"Cleave","floor":1},{"not_picked":["Combust","Second Wind"],"picked":"Carnage","floor":3},{"not_picked":["Iron Wave","Carnage"],"picked":"Perfected Strike","floor":4},{"not_picked":["Havoc","Dark Embrace"],"picked":"Wild Strike","floor":5},{"not_picked":["Clash","Anger","Body Slam"],"picked":"SKIP","floor":6},{"not_picked":["Combust","Cleave"],"picked":"True Grit","floor":8},{"not_picked":["Dropkick","Body Slam"],"picked":"Burning Pact","floor":10},{"not_picked":["Juggernaut","Double Tap"],"picked":"Dark Embrace","floor":16},{"not_picked":["Perfected Strike","Clash"],"picked":"Spot Weakness","floor":18}],"player_experience":936519,"relics_obtained":[{"floor":6,"key":"Paper Frog"},{"floor":9,"key":"Ancient Tea Set"},{"floor":10,"key":"Potion Belt"}],"event_choices":[{"damage_healed":0,"gold_gain":0,"player_choice":"Ignored","damage_taken":0,"max_hp_gain":0,"max_hp_loss":0,"event_name":"Golden Idol","floor":12,"gold_loss":0},{"cards_removed":["Defend_R"],"damage_healed":0,"gold_gain":0,"player_choice":"Card Removal","damage_taken":0,"max_hp_gain":0,"max_hp_loss":0,"event_name":"The Cleric","floor":13,"gold_loss":50},{"damage_healed":0,"gold_gain":0,"player_choice":"Ignored","damage_taken":0,"max_hp_gain":0,"max_hp_loss":0,"event_name":"Liars Game","floor":14,"gold_loss":0},{"damage_healed":0,"gold_gain":0,"player_choice":"Fought Bandits","damage_taken":0,"max_hp_gain":0,"max_hp_loss":0,"event_name":"Masked Bandits","floor":19,"gold_loss":0}],"is_beta":true,"boss_relics":[{"not_picked":["Empty Cage","Runic Pyramid"],"picked":"Philosopher\u0027s Stone"}],"items_purged_floors":[2],"is_endless":false,"potions_floor_spawned":[3,8,16,18],"killed_by":"Masked Bandits","ascension_level":12}