{"path_per_floor":["M","M","?","T","M","E","$","E","T","R","M","M","?","$","R","B",null,"M","?","?","M","$","R","?","E","T","R","M","M","R","$","R","B",null,"M","?","?","M"],"character_chosen":"THE_SILENT","items_purchased":["Well Laid Plans","Accuracy","Regal Pillow"],"gold_per_floor":[114,128,128,128,140,171,61,89,89,89,100,117,117,47,47,142,142,157,72,72,87,87,87,87,120,147,147,165,176,176,24,24,124,124,135,135,135,155],"floor_reached":39,"campfire_rested":5,"playtime":2434,"current_hp_per_floor":[62,62,62,62,62,20,20,5,19,42,47,47,35,35,58,42,68,68,68,68,68,68,68,54,33,33,57,38,19,43,43,82,41,72,55,45,45,29],"items_purged":["Strike_G"],"gold":155,"score":500,"play_id":"88ad27f5-6e82-489f-bb2f-181d9a6f03f5","is_prod":false,"is_daily":false,"is_ascension_mode":true,"campfire_upgraded":1,"path_taken":["M","M","?","?","M","E","$","E","T","R","?","M","?","$","R","BOSS","M","?","?","?","?","R","?","E","T","R","M","M","R","$","R","BOSS","M","?","?","?","M"],"build_version":"2018-02-22-PROD2","purchased_purges":1,"victory":false,"master_deck":["Defend_G","Defend_G","Defend_G","Defend_G","Defend_G","Strike_G","Survivor","Neutralize+1","Terror","Dagger Spray","Glass Knife","Quick Slash","Blade Dance","Well Laid Plans","PiercingWail","Dagger Throw","Accuracy","Unload","Noxious Fumes+1","Underhanded Strike","After Image","Finisher","Bane+1","A Thousand Cuts","Madness","Madness"],"max_hp_per_floor":[63,63,63,63,63,63,63,63,77,77,77,77,77,77,77,77,77,77,77,77,77,77,77,82,82,82,82,82,82,82,82,82,82,82,82,82,82,82],"relics":["Ring of the Snake","Du-Vu Doll","Lantern","Darkstone Periapt","Mango","Gambling Chip","Lizard Tail","Mummified Hand","Calipers","Omamori","Regal Pillow","Black Star"],"card_choices":[{"not_picked":["After Image","Choke"],"picked":"Terror"},{"not_picked":["Cloak And Dagger","Underhanded Strike"],"picked":"Dagger Spray"},{"not_picked":["Flechettes","Setup"],"picked":"Quick Slash"},{"not_picked":["Prepared","Choke"],"picked":"Blade Dance"},{"not_picked":["Prepared","Escape Plan"],"picked":"PiercingWail"},{"not_picked":["Underhanded Strike","Flechettes"],"picked":"Dagger Throw"},{"not_picked":["Phantasmal Killer","Wraith Form"],"picked":"Unload"},{"not_picked":["Dagger Spray","Flying Knee"],"picked":"Noxious Fumes"},{"not_picked":["Quick Slash","Slice"],"picked":"Underhanded Strike"},{"not_picked":["Dagger Spray","Backflip"],"picked":"After Image"},{"not_picked":["Underhanded Strike","PiercingWail"],"picked":"Finisher"},{"not_picked":["Underhanded Strike","Dash"],"picked":"Bane"},{"not_picked":["Die Die Die","After Image"],"picked":"A Thousand Cuts"}],"player_experience":289305,"potions_floor_usage":[8,8,11,25,25,39],"damage_taken":[{"damage":1,"enemies":"Jaw Worm","floor":1,"turns":9},{"damage":0,"enemies":"Cultist","floor":2,"turns":4},{"damage":0,"enemies":"Small Slimes","floor":5,"turns":2},{"damage":42,"enemies":"Lagavulin","floor":6,"turns":6},{"damage":15,"enemies":"Gremlin Nob","floor":8,"turns":3},{"damage":1,"enemies":"Exordium Wildlife","floor":11,"turns":3},{"damage":0,"enemies":"Exordium Thugs","floor":12,"turns":3},{"damage":16,"enemies":"The Guardian","floor":16,"turns":14},{"damage":0,"enemies":"3 Byrds","floor":18,"turns":4},{"damage":0,"enemies":"Chosen","floor":21,"turns":4},{"damage":21,"enemies":"Book of Stabbing","floor":25,"turns":5},{"damage":19,"enemies":"3 Cultists","floor":28,"turns":5},{"damage":19,"enemies":"Snecko","floor":29,"turns":5},{"damage":135,"enemies":"Automaton","floor":33,"turns":13},{"damage":17,"enemies":"3 Shapes","floor":35,"turns":6},{"damage":16,"enemies":"Orb Walker","floor":38,"turns":4},{"damage":34,"enemies":"Maw","floor":39,"turns":4}],"event_choices":[{"event_name":"Transmorgrifier","player_choice":"Transform","floor":3,"damage_taken":0},{"event_name":"Scrap Ooze","player_choice":"success","floor":13,"damage_taken":12},{"event_name":"Addict","player_choice":"Obtained Relic","floor":19,"damage_taken":0},{"event_name":"Vampires","player_choice":"Ignored","floor":20,"damage_taken":0},{"event_name":"Forgotten Altar","player_choice":"Shed Blood","floor":24,"damage_taken":0},{"event_name":"Winding Halls","player_choice":"Embrace Madness","floor":36,"damage_taken":0},{"event_name":"Mysterious Sphere","player_choice":"Ignore","floor":37,"damage_taken":0}],"boss_relics":[{"not_picked":["The Specimen","Tiny House"],"picked":"Lizard Tail"},{"not_picked":["Question Card","Orrery"],"picked":"Black Star"}],"potions_floor_spawned":[1,2,6,12,18,33],"seed_played":"-5487584603135684277","killed_by":"Maw","ascension_level":8,"is_trial":false}