{"path_per_floor":["M","?","M","?","$","R","E","M","T","M","M","?","R","M","R","B",null,"M","?","M","$","$","R","?","R","T","M","M","M","M","E","R","B",null,"M","?","$","$","M","R","M","E","T","?","T","?","M"],"character_chosen":"IRONCLAD","items_purchased":["Flex","True Grit","Vajra","Shrug It Off","Lantern"],"gold_per_floor":[211,211,229,229,109,109,140,158,158,176,190,190,190,210,210,339,339,353,353,377,253,109,109,109,109,109,128,148,169,194,234,234,363,363,387,387,262,93,109,109,124,187,187,187,210,210,225],"floor_reached":48,"campfire_rested":3,"playtime":3165,"current_hp_per_floor":[80,74,74,74,74,74,42,44,44,24,16,16,38,42,64,12,74,71,55,49,49,49,49,49,49,49,34,34,43,32,29,51,60,74,74,74,74,74,74,74,74,74,74,74,74,65,43],"items_purged":["Strike_R","Defend_R","Writhe"],"gold":225,"score":530,"play_id":"b2026f24-6186-4294-b5a4-2c0945cc5eda","is_prod":false,"is_daily":false,"is_ascension_mode":true,"campfire_upgraded":4,"path_taken":["M","?","?","?","$","R","E","M","T","M","M","?","R","M","R","BOSS","M","?","M","?","$","R","?","R","T","M","?","M","M","E","R","BOSS","M","?","?","$","M","R","M","E","T","?","?","?","?","E"],"build_version":"2018-02-15-PROD1","purchased_purges":4,"victory":false,"master_deck":["Strike_R","Strike_R","Defend_R","Defend_R","Defend_R","Bash","Warcry+1","Heavy Blade+1","Anger","Flex+1","Double Tap+1","Clothesline","Pommel Strike","Whirlwind+1","True Grit","Iron Wave+1","Rampage","Ghostly Armor","Shrug It Off","Headbutt+1","Metallicize","Body Slam+1","Clumsy","Rampage","Regret","Madness","Madness"],"max_hp_per_floor":[80,74,74,74,74,74,74,74,74,74,74,74,74,74,74,74,74,74,74,74,74,74,74,74,74,74,74,74,74,74,74,74,74,74,74,74,74,74,74,74,74,74,74,74,74,74,74],"relics":["Burning Blood","Golden Idol","Kunai","Magic Flower","Cursed Key","Enchiridion","Vajra","Orichalcum","Happy Flower","Philosopher\u0027s Stone","Lantern","Tiny Chest","Du-Vu Doll","Anchor"],"card_choices":[{"not_picked":["Second Wind","Pommel Strike"],"picked":"Warcry"},{"not_picked":["Disarm","Twin Strike"],"picked":"Heavy Blade"},{"not_picked":["Clothesline","Seeing Red"],"picked":"Double Tap"},{"not_picked":["Thunderclap","Sentinel"],"picked":"Clothesline"},{"not_picked":["Havoc","Pummel"],"picked":"Pommel Strike"},{"not_picked":["Clothesline","Inflame"],"picked":"Whirlwind"},{"not_picked":["Wild Strike","Sever Soul"],"picked":"Iron Wave"},{"not_picked":["Thunderclap","Clash"],"picked":"Rampage"},{"not_picked":["Reaper","Rampage"],"picked":"Ghostly Armor"},{"not_picked":["Uppercut","Shrug It Off"],"picked":"Headbutt"},{"not_picked":["Havoc","Reckless Charge"],"picked":"Metallicize"},{"not_picked":["Clothesline","Infernal Blade"],"picked":"Body Slam"}],"player_experience":222934,"potions_floor_usage":[7,11,48],"damage_taken":[{"damage":0,"enemies":"Small Slimes","floor":1,"turns":3},{"damage":6,"enemies":"2 Louse","floor":3,"turns":3},{"damage":38,"enemies":"Gremlin Nob","floor":7,"turns":5},{"damage":4,"enemies":"Cultist","floor":8,"turns":4},{"damage":29,"enemies":"Large Slime","floor":10,"turns":8},{"damage":17,"enemies":"Lots of Slimes","floor":11,"turns":7},{"damage":5,"enemies":"2 Fungi Beasts","floor":14,"turns":5},{"damage":61,"enemies":"Hexaghost","floor":16,"turns":15},{"damage":12,"enemies":"3 Byrds","floor":18,"turns":6},{"damage":15,"enemies":"Shell Parasite","floor":20,"turns":4},{"damage":24,"enemies":"Snake Plant","floor":27,"turns":3},{"damage":9,"enemies":"Snecko","floor":28,"turns":3},{"damage":0,"enemies":"3 Cultists","floor":29,"turns":4},{"damage":20,"enemies":"Slaver and Parasite","floor":30,"turns":3},{"damage":12,"enemies":"Book of Stabbing","floor":31,"turns":5},{"damage":0,"enemies":"Automaton","floor":33,"turns":6},{"damage":4,"enemies":"3 Darklings","floor":35,"turns":2},{"damage":7,"enemies":"Orb Walker","floor":39,"turns":2},{"damage":1,"enemies":"3 Darklings","floor":41,"turns":2},{"damage":4,"enemies":"Giant Head","floor":42,"turns":9},{"damage":31,"enemies":"4 Shapes","floor":47,"turns":6},{"damage":41,"enemies":"Nemesis","floor":48,"turns":5}],"event_choices":[{"event_name":"Golden Idol","player_choice":"Lose Max HP","floor":2,"damage_taken":0},{"event_name":"Transmorgrifier","player_choice":"Transform","floor":4,"damage_taken":0},{"event_name":"Living Wall","player_choice":"Forget","floor":12,"damage_taken":0},{"event_name":"Cursed Tome","player_choice":"Obtained Book","floor":19,"damage_taken":0},{"event_name":"Vampires","player_choice":"Ignored","floor":24,"damage_taken":0},{"event_name":"Mysterious Sphere","player_choice":"Ignore","floor":36,"damage_taken":0},{"event_name":"Duplicator","player_choice":"One dupe","floor":44,"damage_taken":0},{"event_name":"Winding Halls","player_choice":"Embrace Madness","floor":46,"damage_taken":0}],"boss_relics":[{"not_picked":["Calling Bell","Eternal Feather"],"picked":"Cursed Key"},{"not_picked":["Question Card","Velvet Choker"],"picked":"Philosopher\u0027s Stone"}],"potions_floor_spawned":[1,7,11,27,30,31,33,41,42],"seed_played":"6885047133239048191","killed_by":"Nemesis","ascension_level":2,"is_trial":false}