{"gold_per_floor":[116,127,127,52,65,98,98,48,101,131,131,145,165,165,165,263,263,283,303,303,283,295,325,325,353,353,353,387,387,387,405,405,508,508,518,530,224,224,240,240,265,265,290,322,332,342,362,378,378,378],"floor_reached":51,"playtime":4505,"items_purged":["Pain"],"score":1075,"play_id":"8d648232-9e36-4d8b-bf8a-518539f7c678","local_time":"20190309213452","is_ascension_mode":true,"campfire_choices":[{"data":"Neutralize","floor":7.0,"key":"SMITH"},{"data":"Dodge and Roll","floor":11.0,"key":"SMITH"},{"floor":15.0,"key":"REST"},{"data":"After Image","floor":24.0,"key":"SMITH"},{"data":"Phantasmal Killer","floor":27.0,"key":"SMITH"},{"data":"Backflip","floor":30.0,"key":"SMITH"},{"data":"All Out Attack","floor":32.0,"key":"SMITH"},{"floor":40.0,"key":"RECALL"},{"floor":42.0,"key":"REST"},{"floor":49,"key":"REST"}],"neow_cost":"NONE","seed_source_timestamp":514778940075455,"circlet_count":0,"master_deck":["Defend_G+1","Defend_G+1","Defend_G+1","Defend_G+1","Defend_G+1","Survivor","Neutralize+1","Dodge and Roll+1","Quick Slash","Backflip+1","Endless Agony","Deflect","Unload","Quick Slash","After Image+1","Slice+1","Heel Hook","All Out Attack+1","Phantasmal Killer+1","Distraction+1","Die Die Die","Bite","Bite","Bite","Bite","Bite","Backflip","After Image","Footwork+1","Adrenaline","Neutralize","Flying Knee+1","Backstab+1","Tools of the Trade","Backflip+1","Dodge and Roll+1"],"special_seed":0,"relics":["Ring of the Snake","NeowsBlessing","WarpedTongs","Omamori","Meat on the Bone","Lantern","Cursed Key","StoneCalendar","Red Mask","Turnip","Oddly Smooth Stone","Fusion Hammer","Mango","Dodecahedron","PreservedInsect","Blue Candle"],"potions_floor_usage":[50,50,50],"damage_taken":[{"damage":0.0,"enemies":"2 Louse","floor":1.0,"turns":1.0},{"damage":0.0,"enemies":"Cultist","floor":2.0,"turns":1.0},{"damage":0.0,"enemies":"Jaw Worm","floor":5.0,"turns":1.0},{"damage":12.0,"enemies":"Lagavulin","floor":6.0,"turns":12.0},{"damage":9.0,"enemies":"3 Sentries","floor":10.0,"turns":12.0},{"damage":2.0,"enemies":"Blue Slaver","floor":12.0,"turns":4.0},{"damage":0.0,"enemies":"2 Fungi Beasts","floor":13.0,"turns":3.0},{"damage":1.0,"enemies":"The Guardian","floor":16.0,"turns":13.0},{"damage":10.0,"enemies":"Spheric Guardian","floor":18.0,"turns":5.0},{"damage":0.0,"enemies":"Chosen","floor":19.0,"turns":4.0},{"damage":5.0,"enemies":"3 Cultists","floor":22.0,"turns":8.0},{"damage":18.0,"enemies":"Book of Stabbing","floor":23.0,"turns":6.0},{"damage":11.0,"enemies":"Masked Bandits","floor":25.0,"turns":3.0},{"damage":3.0,"enemies":"Slavers","floor":28.0,"turns":4.0},{"damage":0.0,"enemies":"Centurion and Healer","floor":31.0,"turns":4.0},{"damage":71.0,"enemies":"Automaton","floor":33.0,"turns":11.0},{"damage":0.0,"enemies":"Orb Walker","floor":35.0,"turns":3.0},{"damage":7.0,"enemies":"3 Darklings","floor":36.0,"turns":7.0},{"damage":0.0,"enemies":"Transient","floor":39.0,"turns":5.0},{"damage":44.0,"enemies":"Giant Head","floor":41.0,"turns":11.0},{"damage":7.0,"enemies":"Nemesis","floor":44.0,"turns":7.0},{"damage":4.0,"enemies":"Maw","floor":45.0,"turns":7.0},{"damage":5.0,"enemies":"Sphere and 2 Shapes","floor":46.0,"turns":3.0},{"damage":0.0,"enemies":"4 Shapes","floor":47.0,"turns":4.0},{"damage":13,"enemies":"Writhing Mass","floor":48,"turns":7},{"damage":51,"enemies":"Awakened One","floor":50,"turns":21}],"seed_played":"8212622661854219311","potions_obtained":[{"floor":5.0,"key":"Dexterity Potion"},{"floor":10.0,"key":"Dexterity Potion"},{"floor":13.0,"key":"Strength Potion"},{"floor":16.0,"key":"Swift Potion"},{"floor":21.0,"key":"Regen Potion"},{"floor":22.0,"key":"LiquidBronze"},{"floor":23.0,"key":"SteroidPotion"},{"floor":33.0,"key":"Explosive Potion"},{"floor":36.0,"key":"Ancient Potion"},{"floor":39.0,"key":"Explosive Potion"},{"floor":44.0,"key":"Regen Potion"}],"is_trial":false,"path_per_floor":["M","M","?","$","M","E","R","?","T","E","R","M","M","?","R","B",null,"M","M","?","?","M","E","R","?","T","R","E","?","R","M","R","B",null,"M","M","$","?","M","R","E","R","T","E","M","M","M","M","R","B",null],"character_chosen":"THE_SILENT","items_purchased":["Mango"],"campfire_rested":3,"item_purchase_floors":[37],"current_hp_per_floor":[63,63,63,63,63,51,51,51,51,44,44,44,46,28,49,50,65,57,59,59,59,68,52,52,43,43,43,42,42,42,54,54,28,60,70,70,84,84,84,84,51,76,76,84,84,82,84,84,84,84],"gold":378,"neow_bonus":"THREE_ENEMY_KILL","is_prod":false,"is_daily":false,"chose_seed":false,"campfire_upgraded":6,"win_rate":0,"timestamp":1552196092,"path_taken":["M","M","?","?","M","E","R","?","T","E","R","M","?","?","R","BOSS","M","M","?","?","?","E","R","?","T","R","E","?","R","M","R","BOSS","M","M","$","?","M","R","E","R","T","E","M","?","M","M","R","BOSS"],"build_version":"2019-01-23","purchased_purges":1,"victory":true,"max_hp_per_floor":[70,70,70,70,70,70,70,70,70,70,70,70,70,70,70,70,70,70,70,70,70,70,70,70,70,70,70,70,70,70,70,70,70,70,70,70,84,84,84,84,84,84,84,84,84,84,84,84,84,84],"card_choices":[{"not_picked":["Outmaneuver","Prepared"],"picked":"Dodge and Roll","floor":1.0},{"not_picked":["Underhanded Strike","Blur"],"picked":"Quick Slash","floor":2.0},{"not_picked":["Dagger Spray","Tactician"],"picked":"Backflip","floor":5.0},{"not_picked":["Slice","Riddle With Holes"],"picked":"Endless Agony","floor":6.0},{"not_picked":["Quick Slash","Finisher"],"picked":"Deflect","floor":10.0},{"not_picked":["Setup","Deflect"],"picked":"Unload","floor":12.0},{"not_picked":["Well Laid Plans","Deadly Poison"],"picked":"Quick Slash","floor":13.0},{"not_picked":["Malaise","Envenom"],"picked":"After Image","floor":16.0},{"not_picked":["Underhanded Strike","Expertise"],"picked":"Slice+1","floor":18.0},{"not_picked":["Slice","Skewer"],"picked":"Heel Hook","floor":19.0},{"not_picked":["Outmaneuver","Tactician+1"],"picked":"All Out Attack","floor":22.0},{"not_picked":["Deflect","Flechettes+1"],"picked":"Phantasmal Killer","floor":23.0},{"not_picked":["Quick Slash","Prepared"],"picked":"Distraction+1","floor":25.0},{"not_picked":["Blade Dance+1","Sucker Punch"],"picked":"Die Die Die","floor":28.0},{"not_picked":["Deflect","Poisoned Stab"],"picked":"Backflip","floor":31.0},{"not_picked":["Storm of Steel","Bullet Time"],"picked":"After Image","floor":33.0},{"not_picked":["PiercingWail","All Out Attack","Expertise"],"picked":"SKIP","floor":35.0},{"not_picked":["Poisoned Stab","Dodge and Roll+1"],"picked":"Footwork+1","floor":36.0},{"not_picked":["Eviscerate","Bane+1","Outmaneuver"],"picked":"SKIP","floor":39.0},{"not_picked":["Underhanded Strike","Bane+1"],"picked":"Flying Knee+1","floor":41.0},{"not_picked":["Quick Slash","Cloak And Dagger"],"picked":"Backstab+1","floor":44.0},{"not_picked":["Dagger Spray+1","Slice","Dagger Throw"],"picked":"SKIP","floor":45.0},{"not_picked":["Prepared+1","Dagger Throw+1"],"picked":"Tools of the Trade","floor":46.0},{"not_picked":["Outmaneuver","Accuracy"],"picked":"Backflip+1","floor":47.0},{"not_picked":["Outmaneuver+1","Noxious Fumes"],"picked":"Dodge and Roll+1","floor":48}],"player_experience":434013,"relics_obtained":[{"floor":6.0,"key":"Blood Vial"},{"floor":9.0,"key":"Omamori"},{"floor":10.0,"key":"Meat on the Bone"},{"floor":23.0,"key":"StoneCalendar"},{"floor":25.0,"key":"Red Mask"},{"floor":26.0,"key":"Turnip"},{"floor":28.0,"key":"Oddly Smooth Stone"},{"floor":41.0,"key":"Dodecahedron"},{"floor":43.0,"key":"PreservedInsect"},{"floor":44.0,"key":"Blue Candle"}],"event_choices":[{"damage_healed":0.0,"max_hp_gain":0.0,"max_hp_loss":0.0,"gold_gain":0.0,"event_name":"Accursed Blacksmith","player_choice":"Rummage","floor":3.0,"gold_loss":0.0,"damage_taken":0.0,"relics_obtained":["WarpedTongs"],"cards_obtained":["Pain"]},{"cards_removed":["Strike_G"],"damage_healed":0.0,"max_hp_gain":0.0,"max_hp_loss":0.0,"gold_gain":0.0,"event_name":"The Cleric","player_choice":"Card Removal","floor":8.0,"gold_loss":50.0,"damage_taken":0.0},{"damage_healed":0.0,"max_hp_gain":0.0,"max_hp_loss":0.0,"gold_gain":0.0,"event_name":"Scrap Ooze","player_choice":"Success","floor":14.0,"gold_loss":0.0,"damage_taken":18.0,"relics_obtained":["Lantern"]},{"damage_healed":0.0,"max_hp_gain":0.0,"max_hp_loss":0.0,"gold_gain":0.0,"event_name":"Back to Basics","player_choice":"Simplicity","floor":20.0,"gold_loss":0.0,"damage_taken":0.0,"cards_upgraded":["Defend_G","Defend_G","Defend_G","Defend_G","Defend_G","Strike_G","Strike_G","Strike_G","Strike_G"]},{"damage_healed":0.0,"max_hp_gain":0.0,"max_hp_loss":0.0,"gold_gain":0.0,"event_name":"The Woman in Blue","player_choice":"Bought 1 Potion","floor":21.0,"gold_loss":0.0,"damage_taken":0.0},{"damage_healed":0.0,"max_hp_gain":0.0,"max_hp_loss":0.0,"gold_gain":0.0,"event_name":"Masked Bandits","player_choice":"Fought Bandits","floor":25.0,"gold_loss":0.0,"damage_taken":0.0},{"damage_healed":0.0,"max_hp_gain":0.0,"max_hp_loss":0.0,"gold_gain":0.0,"event_name":"Vampires","player_choice":"Became a vampire (Vial)","floor":29.0,"relics_lost":["Blood Vial"],"gold_loss":0.0,"damage_taken":0.0,"cards_obtained":["Bite","Bite","Bite","Bite","Bite"]},{"damage_healed":0.0,"max_hp_gain":0.0,"max_hp_loss":0.0,"gold_gain":0.0,"event_name":"Match and Keep!","player_choice":"2 cards matched","floor":38.0,"gold_loss":0.0,"damage_taken":0.0,"cards_obtained":["Adrenaline","Neutralize"]}],"is_beta":false,"boss_relics":[{"not_picked":["WristBlade","Snecko Eye"],"picked":"Cursed Key"},{"not_picked":["Pandora\u0027s Box","Lizard Tail"],"picked":"Fusion Hammer"}],"items_purged_floors":[4],"is_endless":false,"potions_floor_spawned":[5,10,13,16,22,23,33,36,39,44,45,46],"ascension_level":9}