{"path_per_floor":["M","?","M","$","?","R","M","R","T","M","R","?","M","E","R","B",null,"M","$","?","M","M","?","?","?","T","M"],"character_chosen":"IRONCLAD","items_purchased":["Dropkick"],"gold_per_floor":[14,14,26,26,26,26,36,36,36,50,50,0,17,49,49,150,150,163,54,54,68,88,88,88,88,88,101],"floor_reached":28,"campfire_rested":0,"playtime":739,"current_hp_per_floor":[73,73,71,71,71,71,75,75,75,80,80,80,74,71,71,26,87,66,66,87,73,51,51,51,35,35,28],"items_purged":["Strike_R"],"gold":101,"score":218,"play_id":"6cc48cbf-c67f-4f8f-8595-5683de6c6252","local_time":"20180318173016","is_prod":false,"is_daily":false,"is_ascension_mode":false,"campfire_upgraded":4,"timestamp":1521405016,"path_taken":["M","?","M","$","?","R","M","R","T","M","R","?","?","E","R","BOSS","M","$","?","M","M","?","?","?","T","?","M"],"build_version":"2018-03-15v3","purchased_purges":1,"victory":false,"master_deck":["Strike_R","Strike_R","Strike_R","Bash+1","Rage+1","Rampage+1","Thunderclap+1","Double Tap","Dual Wield","Flex","Clash","Dropkick"],"max_hp_per_floor":[80,80,80,80,80,80,80,80,80,80,80,80,80,87,87,87,87,87,87,87,87,87,87,87,87,87,87],"relics":["Burning Blood","Blood Vial","Strawberry","Orrery","Champion Belt"],"card_choices":[{"not_picked":["Exhume","Iron Wave"],"picked":"Thunderclap"},{"not_picked":["Berserk","Feed"],"picked":"Double Tap"},{"not_picked":["Havoc","Heavy Blade"],"picked":"Dual Wield"},{"not_picked":["Sword Boomerang","Twin Strike"],"picked":"Flex"},{"not_picked":["Juggernaut","Metallicize"],"picked":"Clash"}],"player_experience":608709,"potions_floor_usage":[13,16,16,27,28],"damage_taken":[{"damage":13,"enemies":"2 Louse","floor":1,"turns":2},{"damage":8,"enemies":"Small Slimes","floor":3,"turns":3},{"damage":2,"enemies":"Jaw Worm","floor":7,"turns":2},{"damage":3,"enemies":"3 Louse","floor":10,"turns":3},{"damage":18,"enemies":"Exordium Thugs","floor":13,"turns":4},{"damage":18,"enemies":"Lagavulin","floor":14,"turns":4},{"damage":62,"enemies":"Hexaghost","floor":16,"turns":6},{"damage":27,"enemies":"Chosen","floor":18,"turns":5},{"damage":20,"enemies":"3 Byrds","floor":21,"turns":4},{"damage":30,"enemies":"Sentry and Sphere","floor":22,"turns":5},{"damage":15,"enemies":"Snake Plant","floor":27,"turns":3},{"damage":40,"enemies":"Cultist and Chosen","floor":28,"turns":4}],"event_choices":[{"event_name":"Living Wall","player_choice":"Forget","floor":2,"damage_taken":0},{"event_name":"Purifier","player_choice":"One Purge","floor":5,"damage_taken":0},{"event_name":"The Cleric","player_choice":"Card Removal","floor":12,"damage_taken":0},{"event_name":"The Library","player_choice":"Heal","floor":20,"damage_taken":0},{"event_name":"Match and Keep!","player_choice":"1 cards matched","floor":23,"damage_taken":0},{"event_name":"Match and Keep!","player_choice":"1 cards matched","floor":23,"damage_taken":0},{"event_name":"Back to Basics","player_choice":"Elegance","floor":24,"damage_taken":0},{"event_name":"Cursed Tome","player_choice":"Obtained Book","floor":25,"damage_taken":0}],"boss_relics":[{"not_picked":["Runic Dome","Calling Bell"],"picked":"Orrery"}],"potions_floor_spawned":[1,7,10,14,27],"seed_played":"-8717969999441576643","killed_by":"Cultist and Chosen","ascension_level":0,"is_trial":false}