{"path_per_floor":["M","?","M","?","?","E","M","R","T","$","M","E","?","$","R","B",null,"M","$","M","M","?","R","M","R","T","M","M","?","R","M","R"],"character_chosen":"THE_SILENT","items_purchased":["Ginger","Flying Knee","Footwork","Dodge and Roll","PiercingWail"],"gold_per_floor":[117,117,133,133,383,413,430,430,430,14,24,56,231,35,35,134,134,154,100,116,136,136,136,146,146,146,163,176,176,176,190,190],"floor_reached":33,"campfire_rested":5,"playtime":1346,"current_hp_per_floor":[63,63,63,56,56,56,53,53,53,53,40,28,28,28,49,13,56,28,28,28,16,16,37,2,23,37,26,19,19,43,29,53],"items_purged":["Regret","Doubt"],"gold":190,"score":451,"play_id":"3a50d5da-3e85-4fd1-9915-2c36ea3822ad","local_time":"20180307080525","is_prod":false,"is_daily":false,"is_ascension_mode":true,"campfire_upgraded":1,"timestamp":1520420725,"path_taken":["M","?","M","?","?","E","M","R","T","$","M","E","?","$","R","BOSS","M","$","M","M","?","R","?","R","T","?","M","?","R","M","R","BOSS"],"build_version":"2018-03-01-PROD1","purchased_purges":3,"victory":false,"master_deck":["Defend_G","Defend_G","Defend_G","Defend_G","Defend_G","Strike_G","Strike_G","Strike_G","Strike_G","Strike_G","Survivor","Neutralize+1","Dagger Throw","Predator","Flying Knee","Flying Knee","Footwork","Dodge and Roll","After Image","PiercingWail","Cloak And Dagger","Deflect"],"max_hp_per_floor":[70,70,70,70,70,70,70,70,70,70,70,70,70,70,70,70,70,70,70,70,70,70,70,70,70,84,84,84,81,81,81,81],"relics":["Ring of the Snake","NeowsBlessing","Dead Branch","Dodecahedron","Sundial","Ginger","Bronze Scales","Sozu","Mango"],"card_choices":[{"not_picked":["Dodge and Roll","Acrobatics"],"picked":"Dagger Throw"},{"not_picked":["Backflip","PiercingWail"],"picked":"Predator"},{"not_picked":["Distraction","Infinite Blades"],"picked":"Flying Knee"},{"not_picked":["Grand Finale","A Thousand Cuts"],"picked":"After Image"},{"not_picked":["Wraith Form","Prepared"],"picked":"Cloak And Dagger"},{"not_picked":["Prepared","PiercingWail"],"picked":"Deflect"}],"player_experience":518089,"potions_floor_usage":[12,16,31],"damage_taken":[{"damage":0,"enemies":"2 Louse","floor":1,"turns":1},{"damage":0,"enemies":"Small Slimes","floor":3,"turns":1},{"damage":0,"enemies":"Gremlin Nob","floor":6,"turns":1},{"damage":3,"enemies":"Jaw Worm","floor":7,"turns":3},{"damage":13,"enemies":"Blue Slaver","floor":11,"turns":3},{"damage":12,"enemies":"3 Sentries","floor":12,"turns":8},{"damage":36,"enemies":"Slime Boss","floor":16,"turns":15},{"damage":28,"enemies":"Chosen","floor":18,"turns":5},{"damage":0,"enemies":"3 Byrds","floor":20,"turns":3},{"damage":12,"enemies":"Snake Plant","floor":21,"turns":5},{"damage":35,"enemies":"Snecko","floor":24,"turns":7},{"damage":11,"enemies":"Cultist and Chosen","floor":27,"turns":6},{"damage":7,"enemies":"Centurion and Healer","floor":28,"turns":7},{"damage":14,"enemies":"Snake Plant","floor":31,"turns":4},{"damage":55,"enemies":"Automaton","floor":33,"turns":6}],"event_choices":[{"event_name":"Big Fish","player_choice":"Box","floor":2,"damage_taken":0},{"event_name":"Golden Wing","player_choice":"Card Removal","floor":4,"damage_taken":0},{"event_name":"Golden Shrine","player_choice":"Desecrate","floor":5,"damage_taken":0},{"event_name":"Liars Game","player_choice":"agreed","floor":13,"damage_taken":0},{"event_name":"The Woman in Blue","player_choice":"Bought 0 Potions","floor":22,"damage_taken":0},{"event_name":"Purifier","player_choice":"One Purge","floor":29,"damage_taken":0}],"boss_relics":[{"not_picked":["Tiny House","Runic Pyramid"],"picked":"Sozu"}],"potions_floor_spawned":[11,12,16,18,20,24,27],"seed_played":"5015271390318212253","killed_by":"Automaton","ascension_level":12,"is_trial":false}