{"gold_per_floor":[116,291,303,90,104,104,104,3,3,20,32,32],"floor_reached":12,"playtime":315,"items_purged":["Doubt"],"score":70,"play_id":"caf60aad-da3a-40e9-85be-6abfcb27dfef","local_time":"20190210123055","is_ascension_mode":false,"campfire_choices":[{"data":"Enlightenment","floor":6,"key":"SMITH"}],"neow_cost":"PERCENT_DAMAGE","seed_source_timestamp":75233790013334,"circlet_count":0,"master_deck":["Strike_B","Strike_B","Strike_B","Strike_B","Defend_B","Defend_B","Defend_B","Defend_B","Zap","Dualcast","Enlightenment+1","The Bomb","Ball Lightning","Doom and Gloom","Seek","Doom and Gloom","Redo","Skim","Redo"],"relics":["Cracked Core","Question Card"],"potions_floor_usage":[],"damage_taken":[{"damage":0,"enemies":"2 Louse","floor":1,"turns":3},{"damage":11,"enemies":"Jaw Worm","floor":3,"turns":2},{"damage":0,"enemies":"Cultist","floor":5,"turns":2},{"damage":21,"enemies":"Exordium Thugs","floor":10,"turns":3},{"damage":14,"enemies":"3 Louse","floor":11,"turns":3},{"damage":16,"enemies":"3 Sentries","floor":12,"turns":3}],"seed_played":"-1769859716828726025","potions_obtained":[{"floor":3,"key":"SmokeBomb"},{"floor":11,"key":"Poison Potion"}],"is_trial":false,"path_per_floor":["M","?","M","$","M","R","?","$","T","M","M","E"],"character_chosen":"DEFECT","items_purchased":["Seek","Doom and Gloom","Redo"],"campfire_rested":0,"item_purchase_floors":[4,8,8],"current_hp_per_floor":[54,54,43,43,43,43,43,43,43,22,8,0],"gold":32,"neow_bonus":"RANDOM_COLORLESS_2","is_prod":false,"is_daily":false,"chose_seed":false,"campfire_upgraded":1,"win_rate":0,"timestamp":1549823455,"path_taken":["M","?","M","$","M","R","?","$","T","?","M","E"],"build_version":"2019-01-23","purchased_purges":1,"victory":false,"max_hp_per_floor":[75,75,75,75,75,75,75,75,75,75,75,75],"card_choices":[{"not_picked":["Turbo","Barrage"],"picked":"Ball Lightning","floor":1},{"not_picked":["Ball Lightning","Steam"],"picked":"Doom and Gloom","floor":3},{"not_picked":["White Noise","Static Discharge","Hello World"],"picked":"SKIP","floor":5},{"not_picked":["Sunder","Streamline","Compile Driver"],"picked":"Skim","floor":10},{"not_picked":["Beam Cell","Turbo","Barrage"],"picked":"Redo","floor":11}],"player_experience":138602,"relics_obtained":[],"event_choices":[{"damage_healed":0,"gold_gain":175,"player_choice":"AGREE","damage_taken":0,"max_hp_gain":0,"max_hp_loss":0,"event_name":"Liars Game","floor":2,"gold_loss":0,"cards_obtained":["Doubt"]},{"damage_healed":0,"gold_gain":0,"player_choice":"Gave Potion","damage_taken":0,"relics_obtained":["Question Card"],"max_hp_gain":0,"max_hp_loss":0,"event_name":"WeMeetAgain","floor":7,"gold_loss":0}],"is_beta":false,"boss_relics":[],"items_purged_floors":[4],"is_endless":false,"potions_floor_spawned":[3,11],"killed_by":"3 Sentries","ascension_level":0}