{"gold_per_floor":[110,120,132,98,112,146,146,180,205,229,241,265,277,29,29,133,133,149,6,6,6,21,21,50,50,123,323,323,323,56,131,131,236,236,253,6,6,25,25,50,64,164,191,191,55,73,86,103,103,103],"floor_reached":51,"playtime":2047,"items_purged":["Strike_G","Strike_G","Shame"],"score":981,"play_id":"950faa65-1284-4339-9943-13f2737f0ad0","local_time":"20190312004548","is_ascension_mode":true,"campfire_choices":[{"data":"Crippling Poison","floor":7.0,"key":"SMITH"},{"data":"Infinite Blades","floor":15.0,"key":"SMITH"},{"data":"Crippling Poison","floor":23.0,"key":"SMITH"},{"data":"Infinite Blades","floor":25.0,"key":"SMITH"},{"floor":32.0,"key":"REST"},{"floor":44.0,"key":"REST"},{"floor":49,"key":"REST"}],"neow_cost":"TEN_PERCENT_HP_LOSS","seed_source_timestamp":353016012078319,"circlet_count":0,"master_deck":["Defend_G","Defend_G","Defend_G","Defend_G","Defend_G","Strike_G","Survivor","Neutralize","Crippling Poison+1","Dagger Spray","Crippling Poison+1","Heel Hook","Adrenaline+1","Well Laid Plans","Predator","Deadly Poison","Infinite Blades+1","Noxious Fumes","Backflip","Backflip","Accuracy","Leg Sweep","Deflect","Infinite Blades+1","Panache","Trip","Cloak And Dagger","A Thousand Cuts","Escape Plan+1","Footwork","Skewer","Cloak And Dagger","Apotheosis","Decay","Backflip","PiercingWail+1","Escape Plan+1"],"special_seed":0,"relics":["Ring of the Snake","Torii","The Courier","Anchor","MawBank","Vajra","Cursed Key","Juzu Bracelet","Bottled Tornado","Philosopher\u0027s Stone","Chemical X","Kunai","Du-Vu Doll","Oddly Smooth Stone"],"potions_floor_usage":[50,50],"damage_taken":[{"damage":1.0,"enemies":"Cultist","floor":1.0,"turns":4.0},{"damage":0.0,"enemies":"Jaw Worm","floor":2.0,"turns":5.0},{"damage":1.0,"enemies":"Small Slimes","floor":3.0,"turns":3.0},{"damage":0.0,"enemies":"Exordium Wildlife","floor":5.0,"turns":2.0},{"damage":10.0,"enemies":"3 Sentries","floor":6.0,"turns":7.0},{"damage":17.0,"enemies":"Gremlin Nob","floor":8.0,"turns":4.0},{"damage":0.0,"enemies":"Large Slime","floor":10.0,"turns":4.0},{"damage":6.0,"enemies":"3 Louse","floor":12.0,"turns":3.0},{"damage":4.0,"enemies":"Hexaghost","floor":16.0,"turns":8.0},{"damage":3.0,"enemies":"Shell Parasite","floor":18.0,"turns":5.0},{"damage":7.0,"enemies":"2 Thieves","floor":22.0,"turns":4.0},{"damage":30.0,"enemies":"Slavers","floor":24.0,"turns":5.0},{"damage":31.0,"enemies":"Automaton","floor":33.0,"turns":8.0},{"damage":13.0,"enemies":"3 Shapes","floor":35.0,"turns":3.0},{"damage":0.0,"enemies":"Orb Walker","floor":38.0,"turns":2.0},{"damage":0.0,"enemies":"Giant Head","floor":40.0,"turns":6.0},{"damage":23.0,"enemies":"Maw","floor":41.0,"turns":6.0},{"damage":8.0,"enemies":"Mind Bloom Boss Battle","floor":42.0,"turns":5.0},{"damage":15.0,"enemies":"Spire Growth","floor":46.0,"turns":4.0},{"damage":8,"enemies":"Writhing Mass","floor":47,"turns":6},{"damage":0,"enemies":"Jaw Worm Horde","floor":48,"turns":3},{"damage":25,"enemies":"Awakened One","floor":50,"turns":9}],"seed_played":"-8276137323483821251","potions_obtained":[{"floor":1.0,"key":"SkillPotion"},{"floor":2.0,"key":"Swift Potion"},{"floor":6.0,"key":"AttackPotion"},{"floor":16.0,"key":"Fire Potion"},{"floor":18.0,"key":"FearPotion"},{"floor":38.0,"key":"SteroidPotion"},{"floor":41.0,"key":"LiquidBronze"},{"floor":42.0,"key":"LiquidBronze"}],"is_trial":false,"path_per_floor":["M","M","M","$","M","E","R","E","T","M","?","M","?","$","R","B",null,"M","$","?","?","M","R","E","R","T","?","T","?","$","?","R","B",null,"M","$","?","M","?","E","M","?","T","R","$","M","M","M","R","B",null],"character_chosen":"THE_SILENT","items_purchased":["Heel Hook","Noxious Fumes","Vajra","Backflip","Accuracy","Panache","Trip","Cloak And Dagger","Footwork","Chemical X","Skewer","Backflip"],"campfire_rested":3,"item_purchase_floors":[4,14,14,14,19,30,30,30,36,36,36,45],"current_hp_per_floor":[62,62,61,61,61,51,51,34,34,34,27,21,21,21,21,17,52,49,49,49,73,66,66,36,36,36,36,36,36,36,29,50,19,60,47,47,47,47,47,47,24,16,16,36,36,21,13,13,33,8],"gold":103,"neow_bonus":"ONE_RARE_RELIC","is_prod":false,"is_daily":false,"chose_seed":false,"campfire_upgraded":4,"win_rate":0,"timestamp":1552369548,"path_taken":["M","?","M","$","M","E","R","E","T","M","?","M","?","?","R","BOSS","M","$","?","?","M","R","E","R","T","?","?","?","?","?","R","BOSS","M","$","?","M","?","E","M","?","T","R","$","M","M","M","R","BOSS"],"build_version":"2019-01-23","purchased_purges":3,"victory":true,"max_hp_per_floor":[63,63,63,63,63,63,63,63,63,63,63,63,63,63,63,63,63,63,63,63,73,73,73,73,73,73,73,73,73,73,73,73,73,73,73,73,69,69,69,69,69,69,69,69,69,69,69,69,69,69],"card_choices":[{"not_picked":["Dodge and Roll","Endless Agony"],"picked":"Crippling Poison","floor":1.0},{"not_picked":["Dagger Throw","Sucker Punch"],"picked":"Dagger Spray","floor":2.0},{"not_picked":["Quick Slash","Escape Plan"],"picked":"Crippling Poison","floor":3.0},{"not_picked":["Concentrate","Underhanded Strike"],"picked":"Adrenaline","floor":5.0},{"not_picked":["Riddle With Holes","Masterful Stab"],"picked":"Well Laid Plans","floor":6.0},{"not_picked":["Flying Knee","Acrobatics"],"picked":"Predator","floor":8.0},{"not_picked":["Slice","Flying Knee"],"picked":"Deadly Poison","floor":10.0},{"not_picked":["Bane","Dagger Throw"],"picked":"Infinite Blades","floor":12.0},{"not_picked":["Doppelganger","Grand Finale"],"picked":"Malaise","floor":16.0},{"not_picked":["Cloak And Dagger","Dagger Throw+1"],"picked":"Backflip","floor":18.0},{"not_picked":["Sucker Punch","Dagger Spray+1"],"picked":"Deflect","floor":22.0},{"not_picked":["Dagger Spray+1","Poisoned Stab"],"picked":"Infinite Blades","floor":24.0},{"not_picked":["Malaise","Corpse Explosion"],"picked":"A Thousand Cuts","floor":33.0},{"not_picked":["Poisoned Stab","Expertise"],"picked":"Escape Plan+1","floor":35.0},{"not_picked":["Predator","Blur+1"],"picked":"Cloak And Dagger","floor":38.0},{"not_picked":["Panacea","Secret Weapon"],"picked":"Apotheosis","floor":39.0},{"not_picked":["Bouncing Flask","Riddle With Holes","Backflip"],"picked":"SKIP","floor":40.0},{"not_picked":["Quick Slash+1","Slice","Dagger Throw+1"],"picked":"SKIP","floor":41.0},{"not_picked":["Dagger Throw+1","Deflect","Calculated Gamble+1"],"picked":"SKIP","floor":46.0},{"not_picked":["Reflex+1","Bane+1"],"picked":"PiercingWail+1","floor":47},{"not_picked":["Sucker Punch","Blur+1"],"picked":"Escape Plan+1","floor":48}],"player_experience":344369,"relics_obtained":[{"floor":6.0,"key":"The Courier"},{"floor":8.0,"key":"Anchor"},{"floor":9.0,"key":"MawBank"},{"floor":24.0,"key":"Juzu Bracelet"},{"floor":26.0,"key":"Bottled Tornado"},{"floor":40.0,"key":"Kunai"},{"floor":42.0,"key":"Du-Vu Doll"},{"floor":43.0,"key":"Oddly Smooth Stone"}],"event_choices":[{"cards_removed":["Strike_G"],"damage_healed":0.0,"max_hp_gain":0.0,"max_hp_loss":0.0,"gold_gain":0.0,"event_name":"Golden Wing","player_choice":"Card Removal","floor":11.0,"gold_loss":0.0,"damage_taken":7.0},{"damage_healed":0.0,"max_hp_gain":0.0,"max_hp_loss":0.0,"gold_gain":0.0,"event_name":"Living Wall","player_choice":"Grow","floor":13.0,"gold_loss":0.0,"damage_taken":0.0,"cards_upgraded":["Adrenaline"]},{"damage_healed":0.0,"max_hp_gain":0.0,"max_hp_loss":0.0,"gold_gain":0.0,"event_name":"The Library","player_choice":"Read","floor":20.0,"gold_loss":0.0,"damage_taken":0.0,"cards_obtained":["Leg Sweep"]},{"cards_removed":["Malaise"],"damage_healed":14.0,"max_hp_gain":10.0,"max_hp_loss":0.0,"gold_gain":0.0,"event_name":"Bonfire Elementals","player_choice":"Offered Rare","floor":21.0,"gold_loss":0.0,"damage_taken":0.0},{"damage_healed":0.0,"max_hp_gain":0.0,"max_hp_loss":0.0,"gold_gain":250.0,"event_name":"The Joust","player_choice":"Bet on Owner","floor":27.0,"gold_loss":50.0,"damage_taken":0.0},{"cards_removed":["Strike_G"],"damage_healed":0.0,"max_hp_gain":0.0,"max_hp_loss":0.0,"gold_gain":0.0,"event_name":"Back to Basics","player_choice":"Elegance","floor":29.0,"gold_loss":0.0,"damage_taken":0.0},{"damage_healed":0.0,"max_hp_gain":0.0,"max_hp_loss":0.0,"gold_gain":75.0,"event_name":"FaceTrader","player_choice":"Touch","floor":31.0,"gold_loss":0.0,"damage_taken":7.0},{"damage_healed":0.0,"max_hp_gain":0.0,"max_hp_loss":4.0,"gold_gain":0.0,"event_name":"Winding Halls","player_choice":"Max HP","floor":37.0,"gold_loss":0.0,"damage_taken":0.0},{"damage_healed":0.0,"max_hp_gain":0.0,"max_hp_loss":0.0,"gold_gain":0.0,"event_name":"SensoryStone","player_choice":"Memory 1","floor":39.0,"gold_loss":0.0,"damage_taken":0.0},{"damage_healed":0.0,"max_hp_gain":0.0,"max_hp_loss":0.0,"gold_gain":0.0,"event_name":"MindBloom","player_choice":"Fight","floor":42.0,"gold_loss":0.0,"damage_taken":0.0}],"is_beta":false,"boss_relics":[{"not_picked":["WristBlade","Fusion Hammer"],"picked":"Cursed Key"},{"not_picked":["Black Star","Lizard Tail"],"picked":"Philosopher\u0027s Stone"}],"items_purged_floors":[14,19,45],"is_endless":false,"potions_floor_spawned":[1,2,6,8,16,18,38,41,42,47],"ascension_level":6}