{"gold_per_floor":[113,113,1,18,34,34,34,48,48,48,75,92,126,142,142,243,243,255,85,97,113,38,38,71,71,124,150,161,161,161,36,36,135,135,145,158,8,28,28],"floor_reached":39,"playtime":1857,"items_purged":["Defend_B","Strike_B","Strike_B","Strike_B"],"score":456,"play_id":"783e72d0-31a5-46b3-87eb-a5f51af6b5c8","local_time":"20190310220359","is_ascension_mode":false,"campfire_choices":[{"data":"Zap","floor":6,"key":"SMITH"},{"data":"Redo","floor":10,"key":"SMITH"},{"floor":15,"key":"REST"},{"floor":23,"key":"REST"},{"floor":25,"key":"REST"},{"floor":30,"key":"REST"},{"floor":32,"key":"REST"}],"neow_cost":"NONE","seed_source_timestamp":166739060231100,"circlet_count":0,"master_deck":["Strike_B","Defend_B","Defend_B","Zap+1","Dualcast","Tempest","Conserve Battery","Rebound","Redo+1","Thunder Strike","Static Discharge","Barrage","Electrodynamics","Conserve Battery","Storm","Ball Lightning","Loop","Conserve Battery","Static Discharge","Capacitor","Genetic Algorithm+1","Creative AI","Genetic Algorithm","Seek","Fission","Defragment","Turbo+1"],"relics":["Cracked Core","Sundial","Ginger","Potion Belt","Orrery","Bronze Scales","Tiny Chest","Singing Bowl","Dodecahedron","Cursed Key"],"potions_floor_usage":[11,11,16,16,16,24,28,33,36,38],"damage_taken":[{"damage":8,"enemies":"Jaw Worm","floor":1,"turns":3},{"damage":9,"enemies":"Small Slimes","floor":4,"turns":3},{"damage":0,"enemies":"Cultist","floor":5,"turns":2},{"damage":10,"enemies":"Looter","floor":8,"turns":2},{"damage":17,"enemies":"Gremlin Nob","floor":11,"turns":4},{"damage":11,"enemies":"Exordium Wildlife","floor":12,"turns":3},{"damage":20,"enemies":"3 Sentries","floor":13,"turns":3},{"damage":8,"enemies":"Lots of Slimes","floor":14,"turns":3},{"damage":49,"enemies":"The Guardian","floor":16,"turns":9},{"damage":5,"enemies":"Chosen","floor":18,"turns":4},{"damage":19,"enemies":"2 Thieves","floor":20,"turns":3},{"damage":16,"enemies":"Snake Plant","floor":21,"turns":4},{"damage":66,"enemies":"Book of Stabbing","floor":24,"turns":5},{"damage":29,"enemies":"Slavers","floor":27,"turns":3},{"damage":18,"enemies":"Centurion and Healer","floor":28,"turns":5},{"damage":42,"enemies":"Champ","floor":33,"turns":8},{"damage":10,"enemies":"Orb Walker","floor":35,"turns":2},{"damage":44,"enemies":"3 Shapes","floor":36,"turns":3},{"damage":14,"enemies":"Jaw Worm Horde","floor":38,"turns":3},{"damage":40,"enemies":"4 Shapes","floor":39,"turns":3}],"seed_played":"-7358465237625987179","potions_obtained":[{"floor":1,"key":"Block Potion"},{"floor":4,"key":"Weak Potion"},{"floor":12,"key":"Dexterity Potion"},{"floor":13,"key":"AttackPotion"},{"floor":14,"key":"SteroidPotion"},{"floor":18,"key":"Regen Potion"},{"floor":27,"key":"SpeedPotion"},{"floor":28,"key":"EssenceOfSteel"},{"floor":33,"key":"Fire Potion"},{"floor":36,"key":"Fruit Juice"}],"is_trial":false,"path_per_floor":["M","?","$","M","M","R","?","M","T","R","E","M","E","M","R","B",null,"M","$","M","M","?","R","E","R","T","E","M","T","R","$","R","B",null,"M","M","$","M","M"],"character_chosen":"DEFECT","items_purchased":["Tempest","Capacitor"],"campfire_rested":5,"item_purchase_floors":[3,19],"current_hp_per_floor":[67,72,72,63,63,63,90,80,80,80,63,52,32,24,51,2,90,85,85,66,50,50,77,26,53,53,26,8,8,35,35,62,20,92,82,43,43,31,0],"gold":28,"neow_bonus":"ONE_RANDOM_RARE_CARD","is_prod":false,"is_daily":false,"chose_seed":false,"campfire_upgraded":2,"win_rate":0.0,"timestamp":1552277039,"path_taken":["M","?","$","M","M","R","?","M","T","R","E","?","E","M","R","BOSS","M","$","M","M","?","R","E","R","T","E","M","?","R","$","R","BOSS","M","M","?","M","M"],"build_version":"2019-01-23","purchased_purges":4,"victory":false,"max_hp_per_floor":[75,80,80,80,80,80,90,90,90,90,90,90,90,90,90,90,90,90,90,90,90,90,90,90,90,90,92,92,92,92,92,92,92,92,92,97,97,99,99],"card_choices":[{"not_picked":["Double Energy","Hologram","Doom and Gloom"],"picked":"SKIP","floor":1},{"not_picked":["Chill","Doom and Gloom"],"picked":"Conserve Battery","floor":4},{"not_picked":["Compile Driver","Beam Cell"],"picked":"Rebound","floor":5},{"not_picked":["Steam","Chaos"],"picked":"Redo","floor":8},{"not_picked":["Leap","Hello World"],"picked":"Thunder Strike","floor":11},{"not_picked":["Steam","Hologram"],"picked":"Static Discharge","floor":12},{"not_picked":["Undo","Beam Cell","Hologram"],"picked":"SKIP","floor":13},{"not_picked":["Hello World","Undo"],"picked":"Barrage","floor":14},{"not_picked":["Buffer","Thunder Strike"],"picked":"Electrodynamics","floor":16},{"not_picked":["Cold Snap","Rebound"],"picked":"Conserve Battery","floor":17},{"not_picked":["Leap","Auto Shields"],"picked":"Storm","floor":17},{"not_picked":["Turbo","Stack"],"picked":"Ball Lightning","floor":17},{"not_picked":["Hello World","Leap"],"picked":"Loop","floor":17},{"not_picked":["Go for the Eyes","Lockon"],"picked":"Conserve Battery","floor":17},{"not_picked":["Darkness","Stack+1"],"picked":"Static Discharge","floor":18},{"not_picked":["Go for the Eyes","Conserve Battery"],"picked":"Genetic Algorithm+1","floor":20},{"not_picked":["Turbo+1","Coolheaded"],"picked":"Creative AI","floor":21},{"not_picked":["Self Repair","Ball Lightning"],"picked":"Genetic Algorithm","floor":24},{"not_picked":["Ball Lightning","Go for the Eyes","Stack"],"picked":"Singing Bowl","floor":27},{"not_picked":["Beam Cell","Leap"],"picked":"Seek","floor":28},{"not_picked":["All For One","Thunder Strike"],"picked":"Fission","floor":33},{"not_picked":["Ball Lightning+1","Hologram"],"picked":"Defragment","floor":35},{"not_picked":["Sweeping Beam","Rip and Tear+1"],"picked":"Turbo+1","floor":36},{"not_picked":["Lockon","Barrage+1","Beam Cell+1"],"picked":"Singing Bowl","floor":38}],"player_experience":309835,"relics_obtained":[{"floor":9,"key":"Sundial"},{"floor":11,"key":"Ginger"},{"floor":13,"key":"Potion Belt"},{"floor":24,"key":"Bronze Scales"},{"floor":26,"key":"Tiny Chest"},{"floor":27,"key":"Singing Bowl"},{"floor":29,"key":"Dodecahedron"}],"event_choices":[{"damage_healed":0,"gold_gain":0,"player_choice":"Donut","damage_taken":0,"max_hp_gain":5,"max_hp_loss":0,"event_name":"Big Fish","floor":2,"gold_loss":0},{"cards_removed":["Multi-Cast"],"damage_healed":17,"gold_gain":0,"player_choice":"Offered Rare","damage_taken":0,"max_hp_gain":10,"max_hp_loss":0,"event_name":"Bonfire Elementals","floor":7,"gold_loss":0},{"cards_removed":["Defend_B"],"damage_healed":0,"gold_gain":0,"player_choice":"Gave Gold","damage_taken":0,"max_hp_gain":0,"max_hp_loss":0,"event_name":"Beggar","floor":22,"gold_loss":75}],"is_beta":false,"boss_relics":[{"not_picked":["Black Star","Sozu"],"picked":"Orrery"},{"not_picked":["Velvet Choker","Coffee Dripper"],"picked":"Cursed Key"}],"items_purged_floors":[3,19,31,37],"is_endless":false,"potions_floor_spawned":[1,4,12,13,14,18,27,28,33,36],"killed_by":"4 Shapes","ascension_level":0}