{"gold_per_floor":[14,14,31,31,31,31,41,68,68,87,122,140,140,140,140,140],"floor_reached":16,"playtime":671,"items_purged":[],"score":182,"play_id":"ff54b72c-24f9-4a5a-9342-4d2928c9fb0f","local_time":"20180710181938","is_ascension_mode":true,"campfire_choices":[{"data":"Dagger Spray","floor":6,"key":"SMITH"},{"floor":13,"key":"REST"},{"floor":15,"key":"DIG"}],"neow_cost":"NO_GOLD","seed_source_timestamp":29083196027956,"circlet_count":0,"master_deck":["Defend_G","Defend_G","Defend_G","Strike_G","Strike_G","Strike_G","Strike_G","Survivor","Neutralize","AscendersBane","Backstab","Venomology","Dagger Spray+1","Sucker Punch","Underhanded Strike","Infinite Blades","Backflip"],"relics":["Ring of the Snake","Unceasing Top","Shovel","Mercury Hourglass","Ninja Scroll"],"potions_floor_usage":[8,8,8,11,11,16,16],"damage_taken":[{"damage":7,"enemies":"Small Slimes","floor":1,"turns":4},{"damage":0,"enemies":"Cultist","floor":3,"turns":3},{"damage":12,"enemies":"Jaw Worm","floor":7,"turns":4},{"damage":29,"enemies":"Lagavulin","floor":8,"turns":8},{"damage":6,"enemies":"Blue Slaver","floor":10,"turns":2},{"damage":19,"enemies":"3 Sentries","floor":11,"turns":5},{"damage":0,"enemies":"Looter","floor":12,"turns":2},{"damage":12,"enemies":"The Guardian","floor":16,"turns":7}],"seed_played":"-7111310544559114138","potions_obtained":[{"floor":8,"key":"Ancient Potion"},{"floor":10,"key":"FearPotion"},{"floor":12,"key":"Explosive Potion"}],"is_trial":false,"path_per_floor":["M","?","M","$","?","R","M","E","T","M","E","M","R","?","R"],"character_chosen":"THE_SILENT","items_purchased":[],"campfire_rested":1,"item_purchase_floors":[],"current_hp_per_floor":[56,56,56,56,56,56,44,30,30,24,5,5,26,26,26,14],"gold":140,"neow_bonus":"TRANSFORM_TWO_CARDS","is_prod":false,"is_daily":false,"chose_seed":false,"campfire_upgraded":1,"win_rate":0,"timestamp":1531257578,"path_taken":["M","?","M","$","?","R","?","E","T","?","E","M","R","?","R","BOSS"],"build_version":"2018-07-09","purchased_purges":0,"victory":false,"max_hp_per_floor":[70,70,70,70,70,70,70,70,70,70,70,70,70,70,70,70],"card_choices":[{"not_picked":["Quick Slash","Dodge and Roll","Slice"],"picked":"SKIP","floor":1},{"not_picked":["Choke","Masterful Stab"],"picked":"Dagger Spray","floor":3},{"not_picked":["Bane","Dodge and Roll"],"picked":"Sucker Punch","floor":7},{"not_picked":["Riddle With Holes","Outmaneuver"],"picked":"Underhanded Strike","floor":8},{"not_picked":["Sucker Punch","Eviscerate","Tools of the Trade"],"picked":"SKIP","floor":10},{"not_picked":["Catalyst","Predator"],"picked":"Infinite Blades","floor":11},{"not_picked":["Expertise","Poisoned Stab"],"picked":"Backflip","floor":12}],"player_experience":817804,"relics_obtained":[{"floor":8,"key":"Unceasing Top"},{"floor":9,"key":"Shovel"},{"floor":11,"key":"Mercury Hourglass"},{"floor":15,"key":"Ninja Scroll"}],"event_choices":[{"event_name":"Bonfire Elementals","player_choice":"BASIC","floor":2,"damage_taken":0},{"event_name":"The Cleric","player_choice":"Leave","floor":5,"damage_taken":0},{"event_name":"The Woman in Blue","player_choice":"Bought 0 Potions","floor":14,"damage_taken":0}],"boss_relics":[],"items_purged_floors":[],"is_endless":false,"potions_floor_spawned":[7,8,10,12],"killed_by":"The Guardian","ascension_level":13}