{"gold_per_floor":[118,137,137,148,167,194,194,250,250,136,152,165,135],"floor_reached":13,"playtime":647,"items_purged":["Regret"],"score":96,"play_id":"323a3124-56ad-4305-adb0-f797bbb4e6f9","local_time":"20190308184052","is_ascension_mode":true,"campfire_choices":[{"floor":7,"key":"REST"}],"neow_cost":"NONE","seed_source_timestamp":1034499605082112,"circlet_count":0,"master_deck":["Strike_R","Strike_R","Strike_R","Strike_R","Strike_R","Defend_R","Defend_R","Defend_R","Defend_R","Bash","Bludgeon","Intimidate","Cleave","Disarm","Barricade","Battle Trance","Armaments","Rage"],"relics":["Burning Blood","Kunai","Question Card","Ornamental Fan"],"potions_floor_usage":[],"damage_taken":[{"damage":7,"enemies":"2 Louse","floor":1,"turns":3},{"damage":4,"enemies":"Small Slimes","floor":2,"turns":2},{"damage":1,"enemies":"Cultist","floor":4,"turns":3},{"damage":16,"enemies":"Exordium Thugs","floor":5,"turns":5},{"damage":50,"enemies":"Lagavulin","floor":6,"turns":7},{"damage":29,"enemies":"3 Sentries","floor":8,"turns":8},{"damage":10,"enemies":"3 Louse","floor":11,"turns":4},{"damage":22,"enemies":"Lots of Slimes","floor":12,"turns":5},{"damage":9,"enemies":"Exordium Thugs","floor":13,"turns":2}],"seed_played":"6227756056909726411","potions_obtained":[{"floor":2,"key":"Dexterity Potion"},{"floor":8,"key":"EssenceOfSteel"},{"floor":11,"key":"GamblersBrew"}],"is_trial":false,"path_per_floor":["M","M","?","M","M","E","R","?","T","$","M","M","M"],"character_chosen":"IRONCLAD","items_purchased":["Battle Trance"],"campfire_rested":1,"item_purchase_floors":[10],"current_hp_per_floor":[79,80,80,80,70,26,50,27,27,27,23,7,0],"gold":135,"neow_bonus":"ONE_RANDOM_RARE_CARD","is_prod":false,"is_daily":false,"chose_seed":false,"campfire_upgraded":0,"win_rate":0,"timestamp":1552088452,"path_taken":["M","M","?","M","M","E","R","?","T","$","M","M","M"],"build_version":"2019-01-23","purchased_purges":1,"victory":false,"max_hp_per_floor":[80,80,80,80,80,80,80,80,80,80,80,80,80],"card_choices":[{"not_picked":["Body Slam","Cleave"],"picked":"Intimidate","floor":1},{"not_picked":["Heavy Blade","Clash","Sword Boomerang"],"picked":"SKIP","floor":2},{"not_picked":["Perfected Strike","Corruption"],"picked":"Cleave","floor":4},{"not_picked":["Clothesline","Perfected Strike"],"picked":"Disarm","floor":5},{"not_picked":["Shockwave","Flex"],"picked":"Barricade","floor":6},{"not_picked":["Shrug It Off","Havoc","Flex"],"picked":"Armaments","floor":11},{"not_picked":["Iron Wave","Pommel Strike","Sentinel"],"picked":"Rage","floor":12}],"player_experience":162590,"relics_obtained":[{"floor":6,"key":"Question Card"},{"floor":8,"key":"Ornamental Fan"}],"event_choices":[{"damage_healed":0,"gold_gain":0,"player_choice":"Box","damage_taken":0,"relics_obtained":["Kunai"],"max_hp_gain":0,"max_hp_loss":0,"event_name":"Big Fish","floor":3,"gold_loss":0,"cards_obtained":["Regret"]},{"damage_healed":0,"gold_gain":0,"player_choice":"Searched \u00271\u0027 times","damage_taken":0,"max_hp_gain":0,"max_hp_loss":0,"event_name":"Dead Adventurer","floor":8,"gold_loss":0}],"is_beta":false,"boss_relics":[],"items_purged_floors":[10],"is_endless":false,"potions_floor_spawned":[2,8,11,12],"killed_by":"Exordium Thugs","ascension_level":2}