{"gold_per_floor":[118,118,129,129,179,179,193,193,193,227,227,241,6,6,6,110,110,126,126,142,162,62,62,162,162,162,181,181,200,216,229,229,333,333,349,369,369,244,256,256,275,275,275,289,301,321,374,118,118,118],"floor_reached":51,"playtime":6597,"items_purged":["Strike_R","Strike_R","Strike_R","Doubt"],"score":601,"play_id":"aa027c54-de50-4902-a223-0d5a15e1b2d5","local_time":"20190308191558","is_ascension_mode":false,"campfire_choices":[{"data":"Bash","floor":6,"key":"SMITH"},{"data":"Pommel Strike","floor":8,"key":"SMITH"},{"data":"Twin Strike","floor":11,"key":"SMITH"},{"data":"Feel No Pain","floor":15,"key":"SMITH"},{"data":"RitualDagger","floor":23,"key":"SMITH"},{"data":"Disarm","floor":25,"key":"SMITH"},{"data":"Intimidate","floor":28,"key":"SMITH"},{"data":"Immolate","floor":32,"key":"SMITH"},{"data":"Metallicize","floor":40,"key":"SMITH"},{"data":"Flame Barrier","floor":42,"key":"SMITH"},{"data":"Disarm","floor":49,"key":"SMITH"}],"neow_cost":"NONE","seed_source_timestamp":17159977173384,"circlet_count":0,"master_deck":["Defend_R","Defend_R","Defend_R","Defend_R","Bash+1","Twin Strike+1","Shrug It Off","Pommel Strike+1","Feel No Pain+1","Intimidate+1","Immolate+1","Disarm+1","RitualDagger+1","Uppercut+1","Reckless Charge+1","Metallicize+1","Flame Barrier+1","Shrug It Off+1","Demon Form","Sword Boomerang","Disarm+1","Bandage Up","Chrysalis","Bandage Up","Clumsy","Parasite","Disarm+1","Armaments+1","Shockwave","Inflame"],"relics":["Burning Blood","Orichalcum","Blood Vial","Bottled Lightning","StoneCalendar","Cursed Key","Orrery","Molten Egg 2","Bag of Marbles"],"potions_floor_usage":[10,46,50,50],"damage_taken":[{"damage":1,"enemies":"Jaw Worm","floor":1,"turns":6},{"damage":1,"enemies":"Small Slimes","floor":3,"turns":3},{"damage":0,"enemies":"Cultist","floor":7,"turns":3},{"damage":10,"enemies":"3 Sentries","floor":10,"turns":6},{"damage":8,"enemies":"Large Slime","floor":12,"turns":3},{"damage":43,"enemies":"Slime Boss","floor":16,"turns":7},{"damage":2,"enemies":"Chosen","floor":18,"turns":4},{"damage":2,"enemies":"Shell Parasite","floor":20,"turns":4},{"damage":2,"enemies":"Cultist and Chosen","floor":21,"turns":5},{"damage":3,"enemies":"Snake Plant","floor":27,"turns":3},{"damage":0,"enemies":"Chosen and Byrds","floor":29,"turns":4},{"damage":0,"enemies":"3 Cultists","floor":30,"turns":3},{"damage":4,"enemies":"Cultist and Chosen","floor":31,"turns":6},{"damage":21,"enemies":"Collector","floor":33,"turns":10},{"damage":15,"enemies":"3 Darklings","floor":35,"turns":4},{"damage":0,"enemies":"Orb Walker","floor":36,"turns":3},{"damage":0,"enemies":"Maw","floor":39,"turns":7},{"damage":7,"enemies":"3 Darklings","floor":41,"turns":7},{"damage":9,"enemies":"Writhing Mass","floor":44,"turns":11},{"damage":9,"enemies":"Sphere and 2 Shapes","floor":45,"turns":6},{"damage":10,"enemies":"Jaw Worm Horde","floor":46,"turns":7},{"damage":34,"enemies":"Donu and Deca","floor":50,"turns":12}],"seed_played":"-6634164210844433352","potions_obtained":[{"floor":3,"key":"Explosive Potion"},{"floor":16,"key":"Block Potion"},{"floor":20,"key":"Explosive Potion"},{"floor":27,"key":"Strength Potion"},{"floor":33,"key":"Dexterity Potion"},{"floor":44,"key":"Dexterity Potion"}],"is_trial":false,"path_per_floor":["M","?","M","?","T","R","M","R","T","E","R","M","$","?","R","B",null,"M","?","M","M","$","R","?","R","T","M","R","M","M","M","R","B",null,"M","M","?","$","M","R","M","R","T","M","M","M","T","$","R","B",null],"character_chosen":"IRONCLAD","items_purchased":["Feel No Pain","Fire Potion","Intimidate","Shockwave","Inflame"],"campfire_rested":0,"item_purchase_floors":[13,13,13,48,48],"current_hp_per_floor":[80,85,85,78,78,78,85,85,85,81,81,81,81,81,81,46,85,85,79,85,85,85,85,85,85,85,85,85,85,85,85,85,70,85,76,84,74,74,85,85,85,85,85,85,85,85,85,85,85,65],"gold":118,"neow_bonus":"RANDOM_COMMON_RELIC","is_prod":false,"is_daily":false,"chose_seed":false,"campfire_upgraded":11,"win_rate":0,"timestamp":1552090558,"path_taken":["M","?","M","?","?","R","?","R","T","E","R","M","$","?","R","BOSS","M","?","M","M","$","R","?","R","T","M","R","M","M","M","R","BOSS","M","?","?","$","M","R","M","R","T","M","M","M","?","$","R","BOSS"],"build_version":"2019-01-23","purchased_purges":4,"victory":true,"max_hp_per_floor":[80,85,85,85,85,85,85,85,85,85,85,85,85,85,85,85,85,85,85,85,85,85,85,85,85,85,85,85,85,85,85,85,85,85,85,85,85,85,85,85,85,85,85,85,85,85,85,85,85,85],"card_choices":[{"not_picked":["True Grit","Perfected Strike"],"picked":"Twin Strike","floor":1},{"not_picked":["Cleave","Evolve"],"picked":"Shrug It Off","floor":3},{"not_picked":["Perfected Strike","Heavy Blade"],"picked":"Pommel Strike","floor":7},{"not_picked":["Cleave","Dual Wield","Berserk"],"picked":"SKIP","floor":10},{"not_picked":["Pommel Strike","Wild Strike","Heavy Blade"],"picked":"SKIP","floor":12},{"not_picked":["Juggernaut","Brutality"],"picked":"Immolate","floor":16},{"not_picked":["Flame Barrier+1","Pummel"],"picked":"Disarm","floor":18},{"not_picked":["Havoc","Sword Boomerang+1","Clash"],"picked":"SKIP","floor":20},{"not_picked":["Whirlwind+1","Sword Boomerang"],"picked":"Uppercut+1","floor":21},{"not_picked":["Flex","True Grit"],"picked":"Reckless Charge+1","floor":27},{"not_picked":["Armaments","Hemokinesis"],"picked":"Metallicize","floor":29},{"not_picked":["Bludgeon","Havoc+1"],"picked":"Flame Barrier","floor":30},{"not_picked":["Clash","Pummel+1"],"picked":"Shrug It Off+1","floor":31},{"not_picked":["Feed","Impervious"],"picked":"Demon Form","floor":33},{"not_picked":["Clothesline","Twin Strike"],"picked":"Sword Boomerang","floor":34},{"not_picked":["Seeing Red+1","Clothesline","Anger+1"],"picked":"SKIP","floor":35},{"not_picked":["Blood for Blood","Corruption+1"],"picked":"Disarm+1","floor":36},{"not_picked":["Impatience","Mind Blast"],"picked":"Bandage Up","floor":37},{"not_picked":["Dramatic Entrance","Jack Of All Trades"],"picked":"Chrysalis","floor":37},{"not_picked":["PanicButton","Deep Breath"],"picked":"Bandage Up","floor":37},{"not_picked":["Clothesline","Dropkick+1","Entrench+1"],"picked":"SKIP","floor":39},{"not_picked":["Perfected Strike","Heavy Blade","Reckless Charge"],"picked":"SKIP","floor":41},{"not_picked":["Pommel Strike+1","Wild Strike+1"],"picked":"Disarm","floor":44},{"not_picked":["Wild Strike+1","Bloodletting"],"picked":"Armaments+1","floor":45},{"not_picked":["Havoc","Shrug It Off","Headbutt+1"],"picked":"SKIP","floor":46}],"player_experience":557149,"relics_obtained":[{"floor":5,"key":"Blood Vial"},{"floor":9,"key":"Bottled Lightning"},{"floor":10,"key":"StoneCalendar"},{"floor":43,"key":"Molten Egg 2"},{"floor":47,"key":"Bag of Marbles"}],"event_choices":[{"damage_healed":0,"gold_gain":0,"player_choice":"Donut","damage_taken":0,"max_hp_gain":5,"max_hp_loss":0,"event_name":"Big Fish","floor":2,"gold_loss":0},{"cards_removed":["Strike_R"],"damage_healed":0,"gold_gain":0,"player_choice":"Card Removal","damage_taken":7,"max_hp_gain":0,"max_hp_loss":0,"event_name":"Golden Wing","floor":4,"gold_loss":0},{"cards_removed":["Strike_R"],"damage_healed":0,"gold_gain":0,"player_choice":"Forget","damage_taken":0,"max_hp_gain":0,"max_hp_loss":0,"event_name":"Living Wall","floor":14,"gold_loss":0},{"damage_healed":0,"gold_gain":0,"player_choice":"Joined the Cult","damage_taken":6,"max_hp_gain":0,"max_hp_loss":0,"event_name":"Nest","floor":19,"gold_loss":0,"cards_obtained":["RitualDagger"]},{"damage_healed":0,"gold_gain":100,"player_choice":"Pray","damage_taken":0,"max_hp_gain":0,"max_hp_loss":0,"event_name":"Golden Shrine","floor":24,"gold_loss":0},{"damage_healed":0,"gold_gain":0,"player_choice":"Memory 3","damage_taken":10,"max_hp_gain":0,"max_hp_loss":0,"event_name":"SensoryStone","floor":37,"gold_loss":0}],"is_beta":false,"boss_relics":[{"not_picked":["Runic Cube","Fusion Hammer"],"picked":"Cursed Key"},{"not_picked":["Black Blood","White Beast Statue"],"picked":"Orrery"}],"items_purged_floors":[13,22,38,48],"is_endless":false,"potions_floor_spawned":[3,16,20,27,31,33,35,44],"ascension_level":0}