{"path_per_floor":["M","M","?","?","M","R","$","?","T","M","$","M","M","M","R","B",null,"M","?","?","M","?","R","M"],"character_chosen":"THE_SILENT","items_purchased":[],"gold_per_floor":[112,128,128,128,142,142,67,67,113,124,24,40,57,76,76,176,176,187,187,102,120,120,120,130],"floor_reached":25,"campfire_rested":2,"playtime":1407,"current_hp_per_floor":[57,57,57,57,53,53,53,46,46,33,33,33,32,29,48,40,58,37,37,37,37,37,56,28],"items_purged":["Strike_G","Strike_G"],"gold":130,"score":293,"play_id":"dbc2be8e-bd10-4509-8753-33eaa693e6c2","is_prod":false,"is_daily":false,"is_ascension_mode":true,"campfire_upgraded":1,"path_taken":["M","M","?","?","M","R","?","?","T","M","$","M","?","M","R","BOSS","M","?","?","M","?","R","M","E"],"build_version":"2018-02-22-PROD2","purchased_purges":2,"victory":false,"master_deck":["Defend_G","Defend_G","Defend_G","Defend_G","Strike_G","Strike_G","Survivor","Neutralize","All Out Attack+1","Escape Plan","Dash","Dagger Throw","Cloak And Dagger","Noxious Fumes","Footwork","Cloak And Dagger","PiercingWail","Blade Dance","Writhe","Tools of the Trade+1","Well Laid Plans+1"],"max_hp_per_floor":[70,70,70,64,64,64,64,64,64,64,64,64,64,64,64,64,64,64,64,64,64,64,64,64],"relics":["Ring of the Snake","Dream Catcher","Bag of Marbles","Art of War","Philosopher\u0027s Stone","Shovel","Frozen Egg 2"],"card_choices":[{"not_picked":["Cloak And Dagger","Outmaneuver"],"picked":"Dash"},{"not_picked":["Outmaneuver","Concentrate"],"picked":"Dagger Throw"},{"not_picked":["Flying Knee","Backflip"],"picked":"Cloak And Dagger"},{"not_picked":["PiercingWail","Glass Knife"],"picked":"Noxious Fumes"},{"not_picked":["Bane","Slice"],"picked":"Footwork"},{"not_picked":["Malaise","Deadly Poison"],"picked":"Cloak And Dagger"},{"not_picked":["Burst","Slice"],"picked":"PiercingWail"},{"not_picked":["Bane","Acrobatics"],"picked":"Blade Dance"},{"not_picked":["Slice","Choke"],"picked":"Tools of the Trade"},{"not_picked":["Cloak And Dagger","Expertise"],"picked":"Well Laid Plans"}],"player_experience":386439,"potions_floor_usage":[16,16,21,25],"damage_taken":[{"damage":6,"enemies":"2 Louse","floor":1,"turns":3},{"damage":0,"enemies":"Small Slimes","floor":2,"turns":3},{"damage":4,"enemies":"Jaw Worm","floor":5,"turns":3},{"damage":13,"enemies":"Exordium Thugs","floor":10,"turns":4},{"damage":0,"enemies":"Blue Slaver","floor":12,"turns":3},{"damage":1,"enemies":"Exordium Wildlife","floor":13,"turns":3},{"damage":3,"enemies":"Looter","floor":14,"turns":4},{"damage":23,"enemies":"Slime Boss","floor":16,"turns":12},{"damage":21,"enemies":"2 Thieves","floor":18,"turns":4},{"damage":0,"enemies":"Spheric Guardian","floor":21,"turns":4},{"damage":28,"enemies":"Cultist and Chosen","floor":24,"turns":8},{"damage":27,"enemies":"Gremlin Leader","floor":25,"turns":7}],"event_choices":[{"event_name":"Big Fish","player_choice":"Box","floor":3,"damage_taken":0},{"event_name":"Fountain of Cleansing","player_choice":"Removed Curse","floor":4,"damage_taken":0},{"event_name":"Scrap Ooze","player_choice":"success","floor":8,"damage_taken":7},{"event_name":"Vampires","player_choice":"Ignored","floor":19,"damage_taken":0},{"event_name":"Addict","player_choice":"Obtained Relic","floor":20,"damage_taken":0},{"event_name":"The Mausoleum","player_choice":"Yes","floor":22,"damage_taken":0}],"boss_relics":[{"not_picked":["Cursed Key","Eternal Feather"],"picked":"Philosopher\u0027s Stone"}],"potions_floor_spawned":[2,12,13,24],"seed_played":"-2932753875672507892","killed_by":"Gremlin Leader","ascension_level":10,"is_trial":false}