{"gold_per_floor":[118,193,205,216,216,248,248,279,279,313,313,313,17,17,17,136,136,157,157,157,175,190,224,237,336,336,336,361,361,191,215,215,344,344,357,377,377,396,396],"floor_reached":39,"playtime":1522,"items_purged":["Injury","Doubt"],"score":419,"play_id":"284a5087-cbb3-4576-8e02-264d9717461b","local_time":"20190315115710","is_ascension_mode":false,"campfire_choices":[{"floor":7,"key":"REST"},{"floor":15,"key":"REST"},{"floor":27,"key":"REST"},{"floor":29,"key":"REST"},{"data":"Echo Form","floor":32,"key":"SMITH"}],"neow_cost":"NONE","seed_source_timestamp":164559297317600,"circlet_count":0,"master_deck":["Strike_B","Strike_B","Defend_B","Defend_B","Zap","Dualcast","Barrage","Ball Lightning","Ball Lightning","Beam Cell","Barrage","Static Discharge","Go for the Eyes","FTL","Echo Form+1","Ball Lightning+1","FTL","Loop","Heatsinks","Thunder Strike","Beam Cell","FTL","Heatsinks","Redo","Leap+1"],"relics":["Cracked Core","Regal Pillow","Blue Candle","Bag of Preparation","Vajra","Golden Idol","Strawberry","Dodecahedron","Cursed Key","MutagenicStrength","Anchor","Kunai","Orrery"],"potions_floor_usage":[8,16,23,33,33,33,38,38],"damage_taken":[{"damage":6,"enemies":"Jaw Worm","floor":1,"turns":3},{"damage":0,"enemies":"Small Slimes","floor":3,"turns":2},{"damage":2,"enemies":"2 Louse","floor":4,"turns":2},{"damage":26,"enemies":"Lagavulin","floor":6,"turns":4},{"damage":13,"enemies":"3 Sentries","floor":8,"turns":3},{"damage":6,"enemies":"Gremlin Nob","floor":10,"turns":3},{"damage":29,"enemies":"Hexaghost","floor":16,"turns":5},{"damage":17,"enemies":"2 Thieves","floor":18,"turns":3},{"damage":5,"enemies":"3 Byrds","floor":21,"turns":4},{"damage":11,"enemies":"Snake Plant","floor":22,"turns":2},{"damage":30,"enemies":"Slavers","floor":23,"turns":3},{"damage":0,"enemies":"Shelled Parasite and Fungi","floor":24,"turns":2},{"damage":1,"enemies":"3 Cultists","floor":28,"turns":4},{"damage":5,"enemies":"Chosen and Byrds","floor":31,"turns":3},{"damage":33,"enemies":"Champ","floor":33,"turns":7},{"damage":3,"enemies":"3 Shapes","floor":35,"turns":4},{"damage":41,"enemies":"3 Darklings","floor":36,"turns":5},{"damage":32,"enemies":"Writhing Mass","floor":38,"turns":5},{"damage":14,"enemies":"Sphere and 2 Shapes","floor":39,"turns":3}],"seed_played":"2547785446075310578","potions_obtained":[{"floor":1,"key":"Explosive Potion"},{"floor":3,"key":"Block Potion"},{"floor":16,"key":"FearPotion"},{"floor":18,"key":"PowerPotion"},{"floor":23,"key":"Block Potion"},{"floor":24,"key":"EssenceOfSteel"},{"floor":33,"key":"Dexterity Potion"},{"floor":35,"key":"Strength Potion"}],"is_trial":false,"path_per_floor":["M","?","M","M","?","E","R","E","T","E","?","?","$","T","R","B",null,"M","?","?","M","M","E","M","?","T","R","M","R","$","M","R","B",null,"M","M","?","M","M"],"character_chosen":"DEFECT","items_purchased":["FTL","Strawberry","Heatsinks"],"campfire_rested":4,"item_purchase_floors":[13,13,30],"current_hp_per_floor":[69,58,58,56,56,30,67,54,54,48,41,41,48,48,82,53,82,65,65,65,60,49,19,19,19,19,58,57,82,82,77,77,44,82,79,38,38,6,0],"gold":396,"neow_bonus":"TRANSFORM_CARD","is_prod":false,"is_daily":false,"chose_seed":false,"campfire_upgraded":1,"win_rate":0.0,"timestamp":1552672630,"path_taken":["M","?","M","M","?","E","R","E","T","E","?","?","$","?","R","BOSS","M","?","?","?","M","E","M","?","T","R","M","R","$","M","R","BOSS","M","M","?","M","M"],"build_version":"2019-01-23","purchased_purges":2,"victory":false,"max_hp_per_floor":[75,75,75,75,75,75,75,75,75,75,75,75,82,82,82,82,82,82,82,82,82,82,82,82,82,82,82,82,82,82,82,82,82,82,82,82,82,82,82],"card_choices":[{"not_picked":["Coolheaded","Static Discharge"],"picked":"Ball Lightning","floor":1},{"not_picked":["Gash","Scrape"],"picked":"Ball Lightning","floor":3},{"not_picked":["White Noise","Hello World"],"picked":"Beam Cell","floor":4},{"not_picked":["Glacier","Heatsinks"],"picked":"Barrage","floor":6},{"not_picked":["Loop","Barrage"],"picked":"Static Discharge","floor":8},{"not_picked":["Recycle","Chill"],"picked":"Go for the Eyes","floor":10},{"not_picked":["Hyperbeam","Creative AI"],"picked":"Echo Form","floor":16},{"not_picked":["Go for the Eyes","Doom and Gloom"],"picked":"Ball Lightning+1","floor":18},{"not_picked":["Sunder","Leap"],"picked":"FTL","floor":21},{"not_picked":["Sweeping Beam","Undo"],"picked":"Loop","floor":22},{"not_picked":["Recycle","Aggregate","Beam Cell"],"picked":"SKIP","floor":23},{"not_picked":["Coolheaded","Hello World","Meteor Strike"],"picked":"SKIP","floor":24},{"not_picked":["Chill","Rebound","Hologram+1"],"picked":"SKIP","floor":28},{"not_picked":["Lockon","Fusion","Steam"],"picked":"SKIP","floor":31},{"not_picked":["Electrodynamics","Creative AI"],"picked":"Thunder Strike","floor":33},{"not_picked":["Steam","Compile Driver"],"picked":"Beam Cell","floor":34},{"not_picked":["Streamline","Darkness"],"picked":"FTL","floor":34},{"not_picked":["Cold Snap","Hologram"],"picked":"Heatsinks","floor":34},{"not_picked":["Conserve Battery+1","Rebound"],"picked":"Redo","floor":35},{"not_picked":["Beam Cell","Hologram+1","Compile Driver+1"],"picked":"SKIP","floor":36},{"not_picked":["Go for the Eyes+1","Melter+1"],"picked":"Leap+1","floor":38}],"player_experience":336842,"relics_obtained":[{"floor":6,"key":"Regal Pillow"},{"floor":8,"key":"Blue Candle"},{"floor":9,"key":"Bag of Preparation"},{"floor":10,"key":"Vajra"},{"floor":14,"key":"Dodecahedron"},{"floor":23,"key":"Anchor"},{"floor":26,"key":"Kunai"}],"event_choices":[{"damage_healed":0,"gold_gain":75,"player_choice":"Gather Gold","damage_taken":11,"max_hp_gain":0,"max_hp_loss":0,"event_name":"World of Goop","floor":2,"gold_loss":0},{"damage_healed":0,"gold_gain":0,"player_choice":"Ignored","damage_taken":0,"max_hp_gain":0,"max_hp_loss":0,"event_name":"Liars Game","floor":5,"gold_loss":0},{"cards_removed":["Defend_B"],"damage_healed":0,"gold_gain":0,"player_choice":"Card Removal","damage_taken":7,"max_hp_gain":0,"max_hp_loss":0,"event_name":"Golden Wing","floor":11,"gold_loss":0},{"damage_healed":0,"gold_gain":0,"player_choice":"Take Wound","damage_taken":0,"relics_obtained":["Golden Idol"],"max_hp_gain":0,"max_hp_loss":0,"event_name":"Golden Idol","floor":12,"gold_loss":0,"cards_obtained":["Injury"]},{"cards_removed":["Strike_B"],"damage_healed":0,"gold_gain":0,"player_choice":"Elegance","damage_taken":0,"max_hp_gain":0,"max_hp_loss":0,"event_name":"Back to Basics","floor":19,"gold_loss":0},{"damage_healed":0,"gold_gain":0,"player_choice":"Inject Mutagens","damage_taken":0,"relics_obtained":["MutagenicStrength"],"max_hp_gain":0,"max_hp_loss":0,"event_name":"Drug Dealer","floor":20,"gold_loss":0},{"damage_healed":0,"gold_gain":99,"player_choice":"Stole From Cult","damage_taken":0,"max_hp_gain":0,"max_hp_loss":0,"event_name":"Nest","floor":25,"gold_loss":0},{"cards_removed":["Defend_B"],"damage_healed":0,"gold_gain":0,"player_choice":"Purged","damage_taken":0,"max_hp_gain":0,"max_hp_loss":0,"event_name":"Purifier","floor":37,"gold_loss":0}],"is_beta":false,"boss_relics":[{"not_picked":["Ectoplasm","Calling Bell"],"picked":"Cursed Key"},{"not_picked":["Astrolabe","Runic Dome"],"picked":"Orrery"}],"items_purged_floors":[13,30],"is_endless":false,"potions_floor_spawned":[1,3,16,18,23,24,33,35],"killed_by":"Sphere and 2 Shapes","ascension_level":0}