{"path_per_floor":["M","?","T","$","?","R","E","M","T","M","R","M","?","M","R","B",null,"M","M","?","M","?","R","$","M","T","T","R","M","M"],"character_chosen":"DEFECT","items_purchased":["Rainbow","Nova"],"gold_per_floor":[113,113,185,37,112,112,140,155,155,168,168,184,184,204,204,300,300,312,323,323,338,253,253,19,38,111,111,111,131,142,142],"floor_reached":31,"campfire_rested":0,"playtime":1613,"current_hp_per_floor":[75,75,75,75,64,64,50,49,49,49,49,42,42,32,32,18,75,71,61,61,54,54,54,54,28,28,28,28,8,24,0],"items_purged":["Strike_B"],"gold":142,"score":249,"play_id":"95edcc3a-4f3d-409d-9ee8-209f11ccd488","local_time":"20180427105844","is_prod":false,"is_daily":false,"chose_seed":false,"is_ascension_mode":true,"campfire_upgraded":5,"timestamp":1524837524,"path_taken":["M","?","?","$","?","R","E","M","T","?","R","M","?","?","R","BOSS","M","M","?","?","?","R","$","M","T","?","R","M","?","E"],"build_version":"2018-04-26v2","seed_source_timestamp":19284643488988,"purchased_purges":1,"victory":false,"master_deck":["Strike_B","Strike_B+1","Strike_B","Defend_B","Defend_B","Defend_B","Defend_B","Zap","Dualcast+1","Darkness","Rainbow+1","Impulse+1","Thunder Strike+1","White Noise+1","Glacier","Creative AI+1","Nova","Allocate"],"max_hp_per_floor":[75,75,75,75,75,75,75,75,75,75,75,75,75,75,75,75,75,75,75,75,75,75,75,75,75,75,75,75,75,75,75],"relics":["Cracked Core","Mummified Hand","Ancient Tea Set","Happy Flower","Lizard Tail","Orichalcum","Pantograph","Whetstone"],"card_choices":[{"not_picked":["Axe Kick","Beam Cell"],"picked":"Darkness","floor":1.0},{"not_picked":["Streamline","Cold Snap"],"picked":"Impulse","floor":7.0},{"not_picked":["Genetic Algorithm","Skim"],"picked":"Thunder Strike","floor":10.0},{"not_picked":["Streamline","Go for the Eyes"],"picked":"White Noise","floor":12.0},{"not_picked":["Barrage","Reinforced Body"],"picked":"Glacier","floor":18.0},{"not_picked":["Skim","Prime"],"picked":"Allocate","floor":29}],"player_experience":773946,"potions_floor_usage":[25,25,29,31],"damage_taken":[{"damage":0.0,"enemies":"2 Louse","floor":1.0,"turns":2.0},{"damage":14.0,"enemies":"Lagavulin","floor":7.0,"turns":6.0},{"damage":1.0,"enemies":"Jaw Worm","floor":8.0,"turns":4.0},{"damage":0.0,"enemies":"Small Slimes","floor":10.0,"turns":4.0},{"damage":7.0,"enemies":"Exordium Wildlife","floor":12.0,"turns":4.0},{"damage":10.0,"enemies":"Large Slime","floor":14.0,"turns":5.0},{"damage":14.0,"enemies":"The Guardian","floor":16.0,"turns":8.0},{"damage":4.0,"enemies":"Chosen","floor":18.0,"turns":6.0},{"damage":17.0,"enemies":"Shell Parasite","floor":19.0,"turns":8.0},{"damage":14.0,"enemies":"Centurion and Healer","floor":21.0,"turns":11.0},{"damage":26,"enemies":"3 Cultists","floor":25,"turns":7},{"damage":20,"enemies":"Cultist and Chosen","floor":29,"turns":7},{"damage":23,"enemies":"Snake Plant","floor":30,"turns":7},{"damage":24,"enemies":"Book of Stabbing","floor":31,"turns":4}],"event_choices":[{"event_name":"Scrap Ooze","player_choice":"unsuccessful","floor":2.0,"damage_taken":0.0},{"event_name":"World of Goop","player_choice":"Gather Gold","floor":5.0,"damage_taken":0.0},{"event_name":"Liars Game","player_choice":"disagreed","floor":13.0,"damage_taken":0.0},{"event_name":"The Library","player_choice":"Read","floor":20.0,"damage_taken":0.0},{"event_name":"Addict","player_choice":"Obtained Relic","floor":22.0,"damage_taken":0.0}],"boss_relics":[],"potions_floor_spawned":[8,14,16,18,21,25,30],"seed_played":"4096626099534046927","killed_by":"Book of Stabbing","ascension_level":1,"is_trial":false}