{"gold_per_floor":[111,30,47,47,47,47,47,47,47,47,73,91,106,125,125,198,198,218,249,249,264,264],"floor_reached":22,"playtime":797,"items_purged":[],"score":376,"play_id":"be4dc9c5-dddf-4af0-b356-2218cd4f65d6","local_time":"20190121155037","is_ascension_mode":true,"campfire_choices":[{"data":"Riddle With Holes","floor":6,"key":"SMITH"},{"data":"Blur","floor":8,"key":"SMITH"},{"data":"Well Laid Plans","floor":10,"key":"SMITH"},{"data":"Blade Dance","floor":15,"key":"SMITH"}],"neow_cost":"NONE","seed_source_timestamp":18553781339292,"circlet_count":0,"master_deck":["AscendersBane","Defend_G","Defend_G","Defend_G","Defend_G","Strike_G","Strike_G","Strike_G","Strike_G","Survivor","Neutralize+1","Blur+1","Well Laid Plans+1","Riddle With Holes+1","Blade Dance+1","Backstab","Choke","A Thousand Cuts","Finisher","Ghostly","Ghostly","Ghostly"],"relics":["Ring of the Snake","NeowsBlessing","Singing Bowl","Incense Burner","Turnip","Empty Cage","Red Mask"],"potions_floor_usage":[16,16,19],"damage_taken":[{"damage":0,"enemies":"Small Slimes","floor":1,"turns":1},{"damage":0,"enemies":"Jaw Worm","floor":3,"turns":1},{"damage":0,"enemies":"Gremlin Nob","floor":11,"turns":1},{"damage":0,"enemies":"Cultist","floor":12,"turns":4},{"damage":0,"enemies":"Blue Slaver","floor":13,"turns":4},{"damage":0,"enemies":"2 Fungi Beasts","floor":14,"turns":2},{"damage":15,"enemies":"Slime Boss","floor":16,"turns":12},{"damage":7,"enemies":"3 Byrds","floor":18,"turns":4},{"damage":38,"enemies":"Masked Bandits","floor":19,"turns":5},{"damage":6,"enemies":"Chosen","floor":21,"turns":7},{"damage":15,"enemies":"Centurion and Healer","floor":22,"turns":2}],"seed_played":"-8854168181655853716","potions_obtained":[{"floor":1,"key":"Energy Potion"},{"floor":11,"key":"Swift Potion"},{"floor":18,"key":"Ancient Potion"}],"is_trial":false,"path_per_floor":["?","?","$","M","?","?"],"character_chosen":"THE_SILENT","items_purchased":["Well Laid Plans"],"campfire_rested":0,"item_purchase_floors":[2],"current_hp_per_floor":[59,59,59,59,48,48,48,48,48,48,48,48,48,50,50,35,60,55,17,17,13,0],"gold":264,"neow_bonus":"THREE_ENEMY_KILL","is_prod":false,"is_daily":false,"chose_seed":false,"campfire_upgraded":4,"win_rate":0,"timestamp":1548093037,"path_taken":["M","$","M","?","?","R","?","R","T","R","E","M","?","M","R","BOSS","M","?","?","M","M"],"build_version":"2019-01-20","purchased_purges":0,"victory":false,"max_hp_per_floor":[66,66,66,66,66,66,66,66,66,66,66,66,66,68,68,68,68,70,70,35,37,37],"card_choices":[{"not_picked":["Deflect","Infinite Blades"],"picked":"Blur","floor":1},{"not_picked":["Dodge and Roll","Leg Sweep"],"picked":"Riddle With Holes","floor":3},{"not_picked":["Terror","Outmaneuver"],"picked":"Blade Dance","floor":11},{"not_picked":["Dagger Throw","Outmaneuver"],"picked":"Backstab","floor":12},{"not_picked":["Outmaneuver","Masterful Stab"],"picked":"Choke","floor":13},{"not_picked":["Slice","Acrobatics","Phantasmal Killer"],"picked":"Singing Bowl","floor":14},{"not_picked":["Malaise","Night Terror"],"picked":"A Thousand Cuts","floor":16},{"not_picked":["Backflip","Setup","Deadly Poison"],"picked":"Singing Bowl","floor":18},{"not_picked":["Flying Knee+1","Bane"],"picked":"Finisher","floor":19},{"not_picked":["Dodge and Roll","Dagger Throw","Calculated Gamble"],"picked":"Singing Bowl","floor":21}],"player_experience":932401,"relics_obtained":[{"floor":9,"key":"Incense Burner"},{"floor":11,"key":"Turnip"},{"floor":19,"key":"Red Mask"}],"event_choices":[{"damage_healed":0,"gold_gain":0,"player_choice":"Grow","damage_taken":0,"max_hp_gain":0,"max_hp_loss":0,"event_name":"Living Wall","floor":4,"gold_loss":0,"cards_upgraded":["Neutralize"]},{"damage_healed":0,"gold_gain":0,"player_choice":"Success","damage_taken":11,"relics_obtained":["Singing Bowl"],"max_hp_gain":0,"max_hp_loss":0,"event_name":"Scrap Ooze","floor":5,"gold_loss":0},{"damage_healed":0,"gold_gain":0,"player_choice":"Fought Bandits","damage_taken":0,"max_hp_gain":0,"max_hp_loss":0,"event_name":"Masked Bandits","floor":19,"gold_loss":0},{"damage_healed":0,"gold_gain":0,"player_choice":"Became a Ghost","damage_taken":0,"max_hp_gain":0,"max_hp_loss":35,"event_name":"Ghosts","floor":20,"gold_loss":0,"cards_obtained":["Ghostly","Ghostly","Ghostly"]}],"is_beta":true,"boss_relics":[{"not_picked":["Lizard Tail","Astrolabe"],"picked":"Empty Cage"}],"items_purged_floors":[],"is_endless":false,"potions_floor_spawned":[1,11,12,18],"killed_by":"Centurion and Healer","ascension_level":16}