{"path_per_floor":["M","$","M","?","?","E","M","R","T","M","R","M","$","M","R","B",null,"M","?","T","M","M","R","M","M","T","R","M","?","?","M","R"],"character_chosen":"THE_SILENT","items_purchased":["Caltrops","Pen Nib"],"gold_per_floor":[111,40,54,129,129,158,170,170,170,182,182,199,47,64,64,162,162,182,182,182,202,221,221,236,249,273,273,284,209,209,226,226],"floor_reached":33,"campfire_rested":3,"playtime":2973,"current_hp_per_floor":[70,70,70,59,52,52,54,54,54,54,54,24,24,20,42,19,74,74,74,74,61,41,41,34,27,27,50,40,40,40,11,34],"items_purged":[],"gold":226,"score":304,"play_id":"5a6a5622-3969-45e4-b1e4-45bd33804b6c","is_prod":false,"is_daily":false,"is_ascension_mode":true,"campfire_upgraded":3,"path_taken":["M","$","M","?","?","E","M","R","T","M","R","M","$","M","R","BOSS","M","?","?","M","M","R","M","M","T","R","M","?","?","M","R","BOSS"],"build_version":"2018-02-15-PROD1","purchased_purges":0,"victory":false,"master_deck":["Defend_G","Defend_G","Defend_G","Defend_G","Defend_G","Strike_G","Strike_G","Strike_G","Survivor","Neutralize+1","Cloak And Dagger","Caltrops+1","Blur","Dagger Spray","Burst+1","Caltrops","Unload","Backflip+1","Acrobatics","Regret","Infinite Blades","PiercingWail","Clumsy","Calculated Gamble"],"max_hp_per_floor":[70,70,70,70,70,70,72,72,72,74,74,74,74,74,74,74,74,74,74,74,74,74,74,76,78,78,78,78,78,78,78,78],"relics":["Ring of the Snake","NeowsBlessing","Tingsha","Pen Nib","Cursed Key","Dead Branch","Oddly Smooth Stone","Nloth\u0027s Gift"],"card_choices":[{"not_picked":["Underhanded Strike","Prepared"],"picked":"Cloak And Dagger"},{"not_picked":["Slice","Acrobatics"],"picked":"Blur"},{"not_picked":["Heel Hook","Slice"],"picked":"Dagger Spray"},{"not_picked":["Masterful Stab","Dodge and Roll"],"picked":"Burst"},{"not_picked":["Cloak And Dagger","Poisoned Stab"],"picked":"Caltrops"},{"not_picked":["Night Terror","Burst"],"picked":"Unload"},{"not_picked":["Caltrops","Underhanded Strike"],"picked":"Backflip"},{"not_picked":["Setup","PiercingWail"],"picked":"Infinite Blades"},{"not_picked":["Crippling Poison","Heel Hook"],"picked":"PiercingWail"},{"not_picked":["Night Terror","Prepared"],"picked":"Calculated Gamble"}],"player_experience":171824,"potions_floor_usage":[10,14,16,22,24,31,33,33],"damage_taken":[{"damage":0,"enemies":"Small Slimes","floor":1,"turns":1},{"damage":0,"enemies":"Jaw Worm","floor":3,"turns":1},{"damage":0,"enemies":"3 Sentries","floor":6,"turns":1},{"damage":0,"enemies":"2 Louse","floor":7,"turns":3},{"damage":2,"enemies":"Large Slime","floor":10,"turns":9},{"damage":30,"enemies":"Gremlin Gang","floor":12,"turns":4},{"damage":4,"enemies":"Exordium Wildlife","floor":14,"turns":6},{"damage":23,"enemies":"The Guardian","floor":16,"turns":12},{"damage":0,"enemies":"3 Byrds","floor":18,"turns":3},{"damage":13,"enemies":"Spheric Guardian","floor":21,"turns":5},{"damage":20,"enemies":"Centurion and Healer","floor":22,"turns":7},{"damage":9,"enemies":"Chosen and Byrds","floor":24,"turns":7},{"damage":9,"enemies":"Snake Plant","floor":25,"turns":4},{"damage":10,"enemies":"3 Cultists","floor":28,"turns":5},{"damage":29,"enemies":"Centurion and Healer","floor":31,"turns":7},{"damage":45,"enemies":"Champ","floor":33,"turns":10}],"event_choices":[{"event_name":"World of Goop","player_choice":"Gather Gold","floor":4,"damage_taken":0},{"event_name":"Golden Wing","player_choice":"Card Removal","floor":5,"damage_taken":0},{"event_name":"The Library","player_choice":"Read","floor":19,"damage_taken":0},{"event_name":"Beggar","player_choice":"Gave Gold","floor":29,"damage_taken":0},{"event_name":"N\u0027loth","player_choice":"Traded a Singing Bowl","floor":30,"damage_taken":0}],"boss_relics":[{"not_picked":["Pandora\u0027s Box","The Specimen"],"picked":"Cursed Key"}],"potions_floor_spawned":[3,6,12,16,21,22],"seed_played":"6601293955285515786","killed_by":"Champ","ascension_level":2,"is_trial":false}