{"path_per_floor":["M","T","?","M","$","R","?","M","T","R","E","M","?","M","R","B",null,"M","$","M","M","M","R","M","?","T","M","M"],"character_chosen":"IRONCLAD","items_purchased":["Inflame"],"gold_per_floor":[115,163,163,181,68,68,68,91,117,117,150,170,170,184,184,304,304,320,220,241,255,279,279,302,302,302,325,340],"floor_reached":29,"campfire_rested":1,"playtime":979,"current_hp_per_floor":[80,80,47,45,45,45,45,40,40,62,44,42,42,41,41,21,74,68,68,72,74,74,74,56,40,40,36,15],"items_purged":["Defend_R","Defend_R"],"gold":340,"score":229,"play_id":"074dcdd6-f2c1-468c-9153-69f4ffdbf1ab","local_time":"20180317192849","is_prod":false,"is_daily":false,"is_ascension_mode":false,"campfire_upgraded":3,"timestamp":1521325729,"path_taken":["M","?","?","M","$","R","?","M","T","R","E","M","?","M","R","BOSS","M","$","M","M","M","R","M","?","T","M","M","M"],"build_version":"2018-03-15v3","purchased_purges":2,"victory":false,"master_deck":["Strike_R","Strike_R","Strike_R","Strike_R","Strike_R+1","Defend_R+1","Bash+1","Flex+1","Inflame+1","Thunderclap","Clash+1","Immolate","Flex+1","Clumsy"],"max_hp_per_floor":[80,80,80,80,80,80,74,74,74,74,74,74,74,74,74,74,74,74,74,74,74,74,74,74,74,74,74,74],"relics":["Burning Blood","Whetstone","Toolbox","Golden Idol","War Paint","Champion Belt","Cursed Key","Enchiridion","Unceasing Top"],"card_choices":[{"not_picked":["Twin Strike","Heavy Blade"],"picked":"Flex"},{"not_picked":["Pommel Strike","Juggernaut"],"picked":"Thunderclap"},{"not_picked":["Metallicize","Blood for Blood"],"picked":"Clash"},{"not_picked":["Exhume","Feed"],"picked":"Immolate"},{"not_picked":["Sword Boomerang","Iron Wave"],"picked":"Flex"}],"player_experience":584887,"potions_floor_usage":[16,21,27,28],"damage_taken":[{"damage":6,"enemies":"Cultist","floor":1,"turns":3},{"damage":8,"enemies":"Small Slimes","floor":4,"turns":3},{"damage":11,"enemies":"Jaw Worm","floor":8,"turns":2},{"damage":24,"enemies":"3 Sentries","floor":11,"turns":8},{"damage":8,"enemies":"Exordium Wildlife","floor":12,"turns":3},{"damage":7,"enemies":"Looter","floor":14,"turns":2},{"damage":26,"enemies":"The Guardian","floor":16,"turns":5},{"damage":12,"enemies":"Shell Parasite","floor":18,"turns":3},{"damage":2,"enemies":"Spheric Guardian","floor":20,"turns":3},{"damage":0,"enemies":"Cultist and Chosen","floor":21,"turns":4},{"damage":6,"enemies":"3 Cultists","floor":22,"turns":4},{"damage":24,"enemies":"Chosen and Byrds","floor":24,"turns":5},{"damage":10,"enemies":"Sentry and Sphere","floor":27,"turns":3},{"damage":36,"enemies":"Slaver and Parasite","floor":28,"turns":4},{"damage":24,"enemies":"Snecko","floor":29,"turns":3}],"event_choices":[{"event_name":"Scrap Ooze","player_choice":"success","floor":3,"damage_taken":33},{"event_name":"Golden Idol","player_choice":"Lose Max HP","floor":7,"damage_taken":0},{"event_name":"Bonfire Elementals","player_choice":"BASIC","floor":13,"damage_taken":0},{"event_name":"Cursed Tome","player_choice":"Obtained Book","floor":25,"damage_taken":0}],"boss_relics":[{"not_picked":["Philosopher\u0027s Stone","Eternal Feather"],"picked":"Cursed Key"}],"potions_floor_spawned":[4,12,21,22,27],"seed_played":"-4216407957838969750","killed_by":"Snecko","ascension_level":0,"is_trial":false}