{"gold_per_floor":[213,67,67,67,87,116,116,116,139,89,89,103,136,149,149,245,245,255,215,226,242,167,167,67,117,117,128,128,128,158,158,158,259,259,278,293,293,305,320,320,320,59,86,86,101,134,144,158,158,158],"floor_reached":51,"playtime":2076,"items_purged":["Strike_R","Strike_R","Strike_R"],"score":755,"play_id":"9ad5433a-d28e-499a-a065-673e54e1fe82","local_time":"20190306020412","is_ascension_mode":false,"campfire_choices":[{"data":"Hemokinesis","floor":7,"key":"SMITH"},{"floor":11,"key":"REST"},{"data":"Demon Form","floor":15,"key":"SMITH"},{"data":"Intimidate","floor":23,"key":"SMITH"},{"data":"Clothesline","floor":28,"key":"SMITH"},{"data":"Bash","floor":32,"key":"SMITH"},{"data":"Pommel Strike","floor":40,"key":"SMITH"},{"data":"Impervious","floor":44,"key":"SMITH"},{"data":"Impervious","floor":49,"key":"SMITH"}],"neow_cost":"NONE","seed_source_timestamp":41109275748922,"circlet_count":0,"master_deck":["Defend_R","Defend_R","Defend_R","Bash+1","Hemokinesis+1","Inflame","Iron Wave","Demon Form+1","Pommel Strike+1","Intimidate+1","Impervious+1","Clothesline+1","Warcry","Necronomicurse","Impervious+1","Reaper","Heavy Blade+1","Brutality+1","Ghostly Armor+1"],"relics":["Burning Blood","Pear","Darkstone Periapt","Art of War","Shuriken","Coffee Dripper","Blue Candle","Necronomicon","Paper Frog","Busted Crown","Strawberry","Frozen Egg 2"],"potions_floor_usage":[18,18,19,30,30,50,50,50],"damage_taken":[{"damage":3,"enemies":"Small Slimes","floor":1,"turns":5},{"damage":4,"enemies":"Jaw Worm","floor":5,"turns":5},{"damage":45,"enemies":"Lagavulin","floor":6,"turns":7},{"damage":7,"enemies":"2 Louse","floor":12,"turns":3},{"damage":17,"enemies":"Gremlin Nob","floor":13,"turns":4},{"damage":12,"enemies":"Large Slime","floor":14,"turns":7},{"damage":33,"enemies":"The Guardian","floor":16,"turns":11},{"damage":24,"enemies":"2 Thieves","floor":18,"turns":4},{"damage":16,"enemies":"Spheric Guardian","floor":20,"turns":4},{"damage":18,"enemies":"Centurion and Healer","floor":21,"turns":6},{"damage":27,"enemies":"Sentry and Sphere","floor":27,"turns":5},{"damage":8,"enemies":"Gremlin Leader","floor":30,"turns":5},{"damage":39,"enemies":"Automaton","floor":33,"turns":7},{"damage":8,"enemies":"Orb Walker","floor":35,"turns":3},{"damage":2,"enemies":"3 Shapes","floor":36,"turns":3},{"damage":0,"enemies":"Transient","floor":38,"turns":5},{"damage":4,"enemies":"Maw","floor":39,"turns":5},{"damage":21,"enemies":"Sphere and 2 Shapes","floor":45,"turns":6},{"damage":10,"enemies":"Nemesis","floor":46,"turns":5},{"damage":0,"enemies":"Transient","floor":47,"turns":5},{"damage":0,"enemies":"Maw","floor":48,"turns":5},{"damage":29,"enemies":"Donu and Deca","floor":50,"turns":6}],"seed_played":"5812281005575966361","potions_obtained":[{"floor":1,"key":"SkillPotion"},{"floor":6,"key":"SkillPotion"},{"floor":14,"key":"SteroidPotion"},{"floor":19,"key":"Fruit Juice"},{"floor":19,"key":"Ancient Potion"},{"floor":19,"key":"FearPotion"},{"floor":20,"key":"Explosive Potion"},{"floor":30,"key":"Weak Potion"},{"floor":35,"key":"SteroidPotion"},{"floor":39,"key":"Strength Potion"},{"floor":45,"key":"Strength Potion"}],"is_trial":false,"path_per_floor":["M","$","?","?","M","E","R","?","T","?","R","M","E","M","R","B",null,"M","?","M","M","?","R","$","?","T","M","R","?","E","?","R","B",null,"M","M","?","M","M","R","?","$","T","R","M","E","M","M","R","B",null],"character_chosen":"IRONCLAD","items_purchased":["Inflame","Reaper"],"campfire_rested":1,"item_purchase_floors":[2,42],"current_hp_per_floor":[80,80,85,85,85,56,56,44,44,44,72,71,60,54,54,27,95,77,82,72,60,60,60,60,60,60,39,39,29,27,62,62,29,106,104,106,101,101,101,101,101,101,108,108,108,108,108,108,108,85],"gold":158,"neow_bonus":"HUNDRED_GOLD","is_prod":false,"is_daily":false,"chose_seed":false,"campfire_upgraded":8,"win_rate":0,"timestamp":1551855852,"path_taken":["M","$","?","?","M","E","R","?","T","?","R","M","E","M","R","BOSS","M","?","M","?","?","R","$","?","T","?","R","?","E","?","R","BOSS","M","M","?","M","M","R","?","$","T","R","?","E","M","M","R","BOSS"],"build_version":"2019-01-23","purchased_purges":3,"victory":true,"max_hp_per_floor":[80,80,85,85,85,95,95,95,95,95,95,95,95,95,95,95,95,95,100,100,100,100,100,100,100,100,100,100,106,106,106,106,106,106,106,106,101,101,101,101,101,101,108,108,108,108,108,108,108,108],"card_choices":[{"not_picked":["Cleave","Blood for Blood"],"picked":"Hemokinesis","floor":1},{"not_picked":["Rage","Headbutt"],"picked":"Iron Wave","floor":5},{"not_picked":["Iron Wave","Brutality"],"picked":"Demon Form","floor":6},{"not_picked":["Sever Soul","Havoc"],"picked":"Pommel Strike","floor":12},{"not_picked":["Cleave","Rupture","Dual Wield"],"picked":"SKIP","floor":13},{"not_picked":["Iron Wave","Hemokinesis"],"picked":"Intimidate","floor":14},{"not_picked":["Dark Embrace","Demon Form"],"picked":"Impervious","floor":16},{"not_picked":["Iron Wave+1","Spot Weakness","Sword Boomerang"],"picked":"SKIP","floor":18},{"not_picked":["Sword Boomerang+1","Twin Strike"],"picked":"Clothesline","floor":20},{"not_picked":["Heavy Blade","Wild Strike"],"picked":"Warcry","floor":21},{"not_picked":["Limit Break","Clothesline","Searing Blow"],"picked":"SKIP","floor":27},{"not_picked":["Wild Strike+1","Burning Pact","Bloodletting+1"],"picked":"SKIP","floor":30},{"not_picked":["Thunderclap+1"],"picked":"SKIP","floor":35},{"not_picked":["Perfected Strike"],"picked":"SKIP","floor":36},{"not_picked":["Blood for Blood+1"],"picked":"SKIP","floor":38},{"not_picked":["Havoc"],"picked":"SKIP","floor":39},{"not_picked":[],"picked":"Heavy Blade+1","floor":45},{"not_picked":[],"picked":"Brutality","floor":46},{"not_picked":["Heavy Blade"],"picked":"SKIP","floor":47},{"not_picked":[],"picked":"Ghostly Armor+1","floor":48}],"player_experience":543699,"relics_obtained":[{"floor":6,"key":"Pear"},{"floor":9,"key":"Art of War"},{"floor":13,"key":"Shuriken"},{"floor":26,"key":"Blue Candle"},{"floor":29,"key":"Necronomicon"},{"floor":30,"key":"Paper Frog"},{"floor":43,"key":"Strawberry"},{"floor":46,"key":"Frozen Egg 2"}],"event_choices":[{"damage_healed":0,"gold_gain":0,"player_choice":"Donut","damage_taken":0,"max_hp_gain":5,"max_hp_loss":0,"event_name":"Big Fish","floor":3,"gold_loss":0},{"cards_removed":["Strike_R"],"damage_healed":0,"gold_gain":0,"player_choice":"Forget","damage_taken":0,"max_hp_gain":0,"max_hp_loss":0,"event_name":"Living Wall","floor":4,"gold_loss":0},{"damage_healed":0,"gold_gain":0,"player_choice":"Success","damage_taken":12,"relics_obtained":["Darkstone Periapt"],"max_hp_gain":0,"max_hp_loss":0,"event_name":"Scrap Ooze","floor":8,"gold_loss":0},{"cards_removed":["Strike_R"],"damage_healed":0,"gold_gain":0,"player_choice":"Card Removal","damage_taken":0,"max_hp_gain":0,"max_hp_loss":0,"event_name":"The Cleric","floor":10,"gold_loss":50},{"damage_healed":0,"gold_gain":0,"player_choice":"Bought 3 Potions","damage_taken":0,"max_hp_gain":0,"max_hp_loss":0,"event_name":"The Woman in Blue","floor":19,"gold_loss":0},{"cards_removed":["Defend_R"],"damage_healed":0,"gold_gain":0,"player_choice":"Gave Gold","damage_taken":0,"max_hp_gain":0,"max_hp_loss":0,"event_name":"Beggar","floor":22,"gold_loss":75},{"damage_healed":0,"gold_gain":100,"player_choice":"Bet on Murderer","damage_taken":0,"max_hp_gain":0,"max_hp_loss":0,"event_name":"The Joust","floor":25,"gold_loss":50},{"damage_healed":0,"gold_gain":0,"player_choice":"Obtained Book","damage_taken":16,"max_hp_gain":0,"max_hp_loss":0,"event_name":"Cursed Tome","floor":29,"gold_loss":0},{"damage_healed":35,"gold_gain":0,"player_choice":"Heal","damage_taken":0,"max_hp_gain":0,"max_hp_loss":0,"event_name":"The Library","floor":31,"gold_loss":0},{"damage_healed":0,"gold_gain":0,"player_choice":"Max HP","damage_taken":0,"max_hp_gain":0,"max_hp_loss":5,"event_name":"Winding Halls","floor":37,"gold_loss":0},{"damage_healed":0,"gold_gain":0,"player_choice":"Copied","damage_taken":0,"max_hp_gain":0,"max_hp_loss":0,"event_name":"Duplicator","floor":41,"gold_loss":0,"cards_obtained":["Impervious"]}],"is_beta":false,"boss_relics":[{"not_picked":["Tiny House","Astrolabe"],"picked":"Coffee Dripper"},{"not_picked":["White Beast Statue","Black Blood"],"picked":"Busted Crown"}],"items_purged_floors":[2,24,42],"is_endless":false,"potions_floor_spawned":[1,6,14,20,27,30,35,39,45],"ascension_level":0}