{"gold_per_floor":[114,39,214,66,66,94,44,44,44,44,44,63,88,108,108,208,208,228,228,327,352,352,352,368,89,89,100,100,114,114,114,114,216,216,236,236,250,600,600,633,633,652,652,652,662,662,681,269,269,269],"floor_reached":51,"playtime":3522,"items_purged":["Defend_R","Doubt","Parasite","Regret"],"score":704,"play_id":"12a92bec-3dd3-4972-b54f-e2de9a1bfc97","local_time":"20180719224531","is_ascension_mode":false,"campfire_choices":[{"data":"Bash","floor":8.0,"key":"SMITH"},{"data":"Pommel Strike","floor":10.0,"key":"SMITH"},{"floor":15.0,"key":"REST"},{"data":"Demon Form","floor":23.0,"key":"SMITH"},{"data":"Anger","floor":28.0,"key":"SMITH"},{"data":"Dual Wield","floor":32.0,"key":"SMITH"},{"floor":44,"key":"REST"},{"floor":46,"key":"REST"},{"floor":49,"key":"REST"}],"neow_cost":"","seed_source_timestamp":0,"circlet_count":0,"master_deck":["Strike_R","Strike_R","Strike_R","Strike_R","Strike_R","Defend_R","Bash+1","Twin Strike+1","Armaments+1","Pommel Strike+1","Anger+1","Headbutt","Warcry","Demon Form+1","Cleave+1","Necronomicurse","Armaments+1","Headbutt+1","Injury","Dual Wield+1","Inflame","Offering","Carnage+1","Ghostly Armor","Infernal Blade+1","Pommel Strike+1","Pommel Strike+1","Mind Blast"],"special_seed":0,"relics":["Burning Blood","Bag of Preparation","Self Forming Clay","Oddly Smooth Stone","Cursed Key","Necronomicon","Orichalcum","Blood Vial","Bronze Scales","Sozu","Matryoshka","Old Coin","Red Skull","Calipers","Lantern"],"potions_floor_usage":[50,50],"damage_taken":[{"damage":0.0,"enemies":"Small Slimes","floor":1.0,"turns":4.0},{"damage":20.0,"enemies":"Gremlin Nob","floor":6.0,"turns":4.0},{"damage":5.0,"enemies":"2 Louse","floor":12.0,"turns":3.0},{"damage":20.0,"enemies":"Lagavulin","floor":13.0,"turns":4.0},{"damage":5.0,"enemies":"Jaw Worm","floor":14.0,"turns":2.0},{"damage":44.0,"enemies":"Hexaghost","floor":16.0,"turns":8.0},{"damage":9.0,"enemies":"Shell Parasite","floor":18.0,"turns":3.0},{"damage":12.0,"enemies":"3 Byrds","floor":24.0,"turns":4.0},{"damage":4.0,"enemies":"Cultist and Chosen","floor":27.0,"turns":3.0},{"damage":17.0,"enemies":"Sentry and Sphere","floor":29.0,"turns":4.0},{"damage":71.0,"enemies":"Automaton","floor":33.0,"turns":7.0},{"damage":19,"enemies":"3 Darklings","floor":35,"turns":4},{"damage":23,"enemies":"3 Shapes","floor":37,"turns":2},{"damage":20,"floor":38,"turns":3},{"damage":13,"enemies":"2 Orb Walkers","floor":40,"turns":2},{"damage":2,"floor":41,"turns":5},{"damage":29,"enemies":"Transient","floor":42,"turns":5},{"damage":23,"enemies":"4 Shapes","floor":45,"turns":2},{"damage":16,"enemies":"Maw","floor":47,"turns":4},{"damage":59,"enemies":"Donu and Deca","floor":50,"turns":6}],"seed_played":"3323922571203171649","potions_obtained":[{"floor":6.0,"key":"Block Potion"},{"floor":14.0,"key":"Energy Potion"},{"floor":24.0,"key":"SteroidPotion"},{"floor":33.0,"key":"Regen Potion"}],"is_trial":false,"path_per_floor":["M","$","?","$","?","E","?","R","T","R","?","M","E","M","R","B",null,"M","?","?","T","?","R","M","$","T","M","R","M","$","?","R","B",null,"M","T","M","?","?","E","?","M","T","R","M","R","M","$","R","B"],"character_chosen":"IRONCLAD","items_purchased":["Armaments","Blood Vial","Lantern","Mind Blast"],"campfire_rested":4,"item_purchase_floors":[4,25,48,48],"current_hp_per_floor":[80,80,80,80,64,50,50,50,50,50,50,51,37,38,62,24,80,77,61,61,61,61,61,55,55,55,59,59,50,50,77,77,12,77,64,64,49,37,37,32,38,17,17,40,25,48,40,40,63,24],"gold":269,"neow_bonus":"","is_prod":false,"is_daily":false,"chose_seed":false,"campfire_upgraded":5,"win_rate":0,"timestamp":1532065531,"path_taken":["M","$","?","$","?","E","?","R","T","R","?","M","E","M","R","BOSS","M","?","?","?","?","R","M","$","T","M","R","M","$","?","R","BOSS","M","?","M","?","?","E","?","M","T","R","?","R","?","$","R","BOSS"],"build_version":"2018-07-19v2","purchased_purges":4,"victory":true,"max_hp_per_floor":[80,80,80,80,80,80,80,80,80,80,80,80,80,80,80,80,80,80,80,80,80,80,80,80,77,77,77,77,77,77,77,77,77,77,77,77,77,77,77,77,77,77,77,77,77,77,77,77,77,77],"card_choices":[{"not_picked":["Heavy Blade","Wild Strike","Twin Strike"],"picked":"SKIP","floor":1.0},{"not_picked":["Heavy Blade","Wild Strike"],"picked":"Twin Strike","floor":1.0},{"not_picked":["Intimidate","Searing Blow"],"picked":"Pommel Strike","floor":6.0},{"not_picked":["Whirlwind","Dropkick"],"picked":"Anger","floor":12.0},{"not_picked":["Anger","Heavy Blade"],"picked":"Headbutt","floor":13.0},{"not_picked":["Dual Wield","Anger"],"picked":"Warcry","floor":14.0},{"not_picked":["Feed","Offering"],"picked":"Demon Form","floor":16.0},{"not_picked":["True Grit+1","Thunderclap"],"picked":"Cleave+1","floor":18.0},{"not_picked":["Body Slam","Entrench"],"picked":"Headbutt+1","floor":24.0},{"not_picked":["Pommel Strike","Thunderclap"],"picked":"Dual Wield","floor":27.0},{"not_picked":["Searing Blow","Ghostly Armor"],"picked":"Inflame","floor":29.0},{"not_picked":["Juggernaut","Limit Break"],"picked":"Offering","floor":33.0},{"not_picked":["Iron Wave","Seeing Red+1"],"picked":"Carnage+1","floor":35},{"not_picked":["Body Slam","Power Through"],"picked":"Ghostly Armor","floor":37},{"not_picked":["Heavy Blade","Anger+1"],"picked":"Infernal Blade+1","floor":38},{"not_picked":["Wild Strike+1","Anger+1","Clash"],"picked":"SKIP","floor":40},{"not_picked":["Iron Wave","Pummel+1"],"picked":"Pommel Strike+1","floor":42},{"not_picked":["Clash","Warcry+1"],"picked":"Pommel Strike+1","floor":45},{"not_picked":["Hemokinesis","Dual Wield","Feel No Pain"],"picked":"SKIP","floor":47}],"player_experience":34068,"relics_obtained":[{"floor":6.0,"key":"Bag of Preparation"},{"floor":9.0,"key":"Self Forming Clay"},{"floor":13.0,"key":"Oddly Smooth Stone"},{"floor":19.0,"key":"Necronomicon"},{"floor":21.0,"key":"Orichalcum"},{"floor":26.0,"key":"Bronze Scales"},{"floor":36,"key":"Matryoshka"},{"floor":38,"key":"Old Coin"},{"floor":40,"key":"Red Skull"},{"floor":41,"key":"Calipers"}],"event_choices":[{"event_name":"Liars Game","player_choice":"agreed","floor":3.0,"damage_taken":0.0},{"event_name":"Shining Light","player_choice":"Entered Light","floor":5.0,"damage_taken":0.0},{"event_name":"The Cleric","player_choice":"Card Removal","floor":7.0,"damage_taken":0.0},{"event_name":"Living Wall","player_choice":"Forget","floor":11.0,"damage_taken":0.0},{"event_name":"Cursed Tome","player_choice":"Obtained Book","floor":19.0,"damage_taken":0.0},{"event_name":"Nest","player_choice":"Stole From Cult","floor":20.0,"damage_taken":0.0},{"event_name":"Duplicator","player_choice":"One dupe","floor":22.0,"damage_taken":0.0},{"event_name":"Wheel of Change","player_choice":"Full Heal","floor":31.0,"damage_taken":0.0},{"event_name":"Mysterious Sphere","player_choice":"Fight","floor":38,"damage_taken":0},{"event_name":"SecretPortal","player_choice":"Rejected Portal.","floor":39,"damage_taken":0},{"event_name":"MindBloom","player_choice":"Fight","floor":41,"damage_taken":0}],"is_beta":false,"boss_relics":[{"not_picked":["Orrery","Coffee Dripper"],"picked":"Cursed Key"},{"not_picked":["Lizard Tail","White Beast Statue"],"picked":"Sozu"}],"items_purged_floors":[2,4,25,48],"is_endless":false,"potions_floor_spawned":[6,14,24,33,38,41,42,45],"ascension_level":0}