{"gold_per_floor":[19,35,10,85,98,98,21,21,21,41,41,74,89,112,112,215,215,215,215,67,67,67,67,67,67,67,31,31,31,31],"floor_reached":30,"playtime":933,"items_purged":[],"score":262,"play_id":"6005074f-4d0c-4a34-86e4-871ca7119b74","local_time":"20190216000753","is_ascension_mode":true,"campfire_choices":[{"data":"Cloak And Dagger","floor":6,"key":"SMITH"},{"data":"Noxious Fumes","floor":8,"key":"SMITH"},{"data":"Deadly Poison","floor":11,"key":"SMITH"},{"data":"Infinite Blades","floor":15,"key":"SMITH"},{"floor":23,"key":"REST"},{"floor":25,"key":"REST"},{"data":"Leg Sweep","floor":29,"key":"SMITH"}],"neow_cost":"NO_GOLD","seed_source_timestamp":94397341860298,"circlet_count":0,"master_deck":["Defend_G","Defend_G","Defend_G","Defend_G","Defend_G","Strike_G","Strike_G","Strike_G","Strike_G","Strike_G","Survivor","Neutralize","Poisoned Stab","Backstab","Deadly Poison","Cloak And Dagger+1","Noxious Fumes+1","Deadly Poison+1","Infinite Blades+1","Deadly Poison","Envenom","Predator+1","Blade Dance+1","Infinite Blades","Calculated Gamble","Leg Sweep+1"],"relics":["Ring of the Snake","Gambling Chip","The Specimen","Odd Mushroom","Ectoplasm","Vajra","Snake Skull"],"potions_floor_usage":[13,16],"damage_taken":[{"damage":0,"enemies":"Small Slimes","floor":1,"turns":4},{"damage":3,"enemies":"Jaw Worm","floor":2,"turns":4},{"damage":0,"enemies":"2 Louse","floor":5,"turns":2},{"damage":6,"enemies":"Blue Slaver","floor":10,"turns":2},{"damage":12,"enemies":"3 Sentries","floor":12,"turns":7},{"damage":3,"enemies":"3 Louse","floor":13,"turns":2},{"damage":8,"enemies":"The Mushroom Lair","floor":14,"turns":3},{"damage":11,"enemies":"Hexaghost","floor":16,"turns":7},{"damage":14,"enemies":"Chosen","floor":18,"turns":4},{"damage":14,"enemies":"Shell Parasite","floor":19,"turns":4},{"damage":25,"enemies":"Snecko","floor":21,"turns":4},{"damage":25,"enemies":"Chosen and Byrds","floor":24,"turns":4},{"damage":25,"enemies":"Slavers","floor":30,"turns":1}],"seed_played":"-5270949585240073996","potions_obtained":[{"floor":5,"key":"Explosive Potion"},{"floor":10,"key":"LiquidBronze"},{"floor":13,"key":"Weak Potion"},{"floor":18,"key":"EssenceOfSteel"}],"is_trial":false,"path_per_floor":["M","M","$","?","M","R","$","R","T","M","R","E","M","?","R","B",null,"M","M","$","M","?","R","M","R","T","$","?","R","E"],"character_chosen":"THE_SILENT","items_purchased":["Deadly Poison","Noxious Fumes","Vajra","Leg Sweep"],"campfire_rested":2,"item_purchase_floors":[3,7,20,27],"current_hp_per_floor":[70,67,67,56,56,56,56,56,56,50,50,38,35,27,27,16,70,56,42,42,17,17,38,13,34,34,34,21,21,0],"gold":31,"neow_bonus":"ONE_RARE_RELIC","is_prod":false,"is_daily":false,"chose_seed":false,"campfire_upgraded":5,"win_rate":0,"timestamp":1550297273,"path_taken":["M","M","$","?","M","R","$","R","T","M","R","E","M","?","R","BOSS","M","M","$","M","?","R","M","R","T","$","?","R","E"],"build_version":"2019-01-23","purchased_purges":0,"victory":false,"max_hp_per_floor":[70,70,70,70,70,70,70,70,70,70,70,70,70,70,70,70,70,70,70,70,70,70,70,70,70,70,70,75,75,75],"card_choices":[{"not_picked":["Underhanded Strike","Concentrate"],"picked":"Poisoned Stab","floor":1},{"not_picked":["PiercingWail","Poisoned Stab"],"picked":"Backstab","floor":2},{"not_picked":["Caltrops","Deflect"],"picked":"Cloak And Dagger","floor":5},{"not_picked":["Slice","Prepared"],"picked":"Deadly Poison","floor":10},{"not_picked":["Heel Hook","Blade Dance"],"picked":"Infinite Blades","floor":12},{"not_picked":["PiercingWail","Poisoned Stab"],"picked":"Deadly Poison","floor":13},{"not_picked":["Die Die Die","A Thousand Cuts"],"picked":"Envenom","floor":16},{"not_picked":["Deadly Poison","Masterful Stab"],"picked":"Predator+1","floor":18},{"not_picked":["Eviscerate+1","Deadly Poison"],"picked":"Blade Dance+1","floor":19},{"not_picked":["Dodge and Roll","Dagger Throw"],"picked":"Infinite Blades","floor":21},{"not_picked":["Cloak And Dagger","Dagger Throw"],"picked":"Calculated Gamble","floor":24}],"player_experience":187656,"relics_obtained":[{"floor":12,"key":"The Specimen"},{"floor":14,"key":"Odd Mushroom"},{"floor":26,"key":"Snake Skull"}],"event_choices":[{"damage_healed":0,"gold_gain":75,"player_choice":"Gather Gold","damage_taken":11,"max_hp_gain":0,"max_hp_loss":0,"event_name":"World of Goop","floor":4,"gold_loss":0},{"damage_healed":0,"gold_gain":0,"player_choice":"Fought Mushrooms","damage_taken":0,"max_hp_gain":0,"max_hp_loss":0,"event_name":"Mushrooms","floor":14,"gold_loss":0},{"damage_healed":0,"gold_gain":0,"player_choice":"Shed Blood","damage_taken":18,"max_hp_gain":5,"max_hp_loss":0,"event_name":"Forgotten Altar","floor":28,"gold_loss":0}],"is_beta":false,"boss_relics":[{"not_picked":["Pandora\u0027s Box","Coffee Dripper"],"picked":"Ectoplasm"}],"items_purged_floors":[],"is_endless":false,"potions_floor_spawned":[5,10,13,18],"killed_by":"Slavers","ascension_level":3}