{"path_per_floor":["M","$","?","?","?","R","E","R","T","M","M","R","$","M","R","B",null,"M","?","$","M","M","R"],"character_chosen":"THE_SILENT","items_purchased":["Leg Sweep","Ginger"],"gold_per_floor":[117,42,42,42,217,217,249,249,318,336,356,356,220,232,232,331,331,349,349,38,53,70,70],"floor_reached":24,"campfire_rested":2,"playtime":1000,"current_hp_per_floor":[61,61,61,61,61,61,19,39,39,39,41,41,41,32,52,38,63,53,53,53,51,51,51],"items_purged":["Parasite","Doubt"],"gold":70,"score":310,"play_id":"e506930b-6441-47eb-9dbf-65fba8d7ac26","local_time":"20180308175029","is_prod":false,"is_daily":false,"is_ascension_mode":true,"campfire_upgraded":3,"timestamp":1520542229,"path_taken":["M","$","?","?","?","R","E","R","T","M","M","R","$","M","R","BOSS","M","?","$","?","M","R","E"],"build_version":"2018-03-01-PROD1","purchased_purges":2,"victory":false,"master_deck":["Defend_G","Defend_G","Defend_G","Defend_G","Strike_G","Strike_G","Strike_G","Strike_G","Survivor","Neutralize+1","Night Terror+1","Backstab","Wraith Form","All Out Attack+1","Flying Knee","Leg Sweep","Bullet Time"],"max_hp_per_floor":[70,67,67,67,67,67,67,67,67,67,69,69,69,69,69,71,71,73,73,73,75,77,77],"relics":["Ring of the Snake","Singing Bowl","Mercury Hourglass","Sozu","Ginger"],"card_choices":[{"not_picked":["Acrobatics","Riddle With Holes"],"picked":"Backstab"},{"not_picked":["Dagger Throw","Flechettes"],"picked":"All Out Attack"},{"not_picked":["Infinite Blades","PiercingWail"],"picked":"Flying Knee"},{"not_picked":["Reflex","Riddle With Holes"],"picked":"Bullet Time"}],"player_experience":546477,"potions_floor_usage":[16,16],"damage_taken":[{"damage":2,"enemies":"2 Louse","floor":1,"turns":3},{"damage":42,"enemies":"Lagavulin","floor":7,"turns":9},{"damage":0,"enemies":"Small Slimes","floor":10,"turns":1},{"damage":0,"enemies":"Cultist","floor":11,"turns":2},{"damage":9,"enemies":"Blue Slaver","floor":14,"turns":2},{"damage":16,"enemies":"Slime Boss","floor":16,"turns":5},{"damage":12,"enemies":"3 Byrds","floor":18,"turns":5},{"damage":4,"enemies":"Shell Parasite","floor":21,"turns":4},{"damage":2,"enemies":"3 Cultists","floor":22,"turns":5},{"damage":58,"enemies":"Gremlin Leader","floor":24,"turns":8}],"event_choices":[{"event_name":"Living Wall","player_choice":"Forget","floor":3,"damage_taken":0},{"event_name":"Transmorgrifier","player_choice":"Transform","floor":4,"damage_taken":0},{"event_name":"Liars Game","player_choice":"agreed","floor":5,"damage_taken":0},{"event_name":"Drug Dealer","player_choice":"Ignored","floor":19,"damage_taken":0}],"boss_relics":[{"not_picked":["Calling Bell","Ectoplasm"],"picked":"Sozu"}],"potions_floor_spawned":[7,10,14,16,21],"seed_played":"-313081588894862002","killed_by":"Gremlin Leader","ascension_level":12,"is_trial":false}