{"gold_per_floor":[110,35,35,49,49,49,65,96,96,96,116,116,126,144,144,249,249,262,277,277,177,177,208,11,22,72,72,34,34,34,34,34,135,135,150,150,150,166,41,41,59,59,86,128,153,179,217,242,254,266],"floor_reached":51,"playtime":4977,"items_purged":["Writhe","Pain","Strike_G+1"],"score":776,"play_id":"4a261176-7e69-429f-a3b7-10d61384d57c","local_time":"20190129222739","is_ascension_mode":true,"campfire_choices":[{"data":"After Image","floor":6,"key":"SMITH"},{"floor":10,"key":"REST"},{"data":"1","floor":12,"key":"LIFT"},{"floor":15,"key":"REST"},{"data":"2","floor":27,"key":"LIFT"},{"data":"3","floor":30,"key":"LIFT"},{"data":"Infinite Blades","floor":32,"key":"SMITH"},{"data":"A Thousand Cuts","floor":40,"key":"SMITH"},{"data":"Footwork","floor":42,"key":"SMITH"},{"floor":49,"key":"REST"}],"neow_cost":"CURSE","seed_source_timestamp":720990674623313,"circlet_count":0,"master_deck":["Defend_G+1","Defend_G+1","Defend_G+1","Defend_G+1","Defend_G+1","Strike_G+1","Strike_G+1","Strike_G+1","Strike_G+1","Survivor","Neutralize","After Image+1","Predator+1","Cloak And Dagger","Blade Dance","Endless Agony","Dagger Throw","Distraction","Adrenaline","Infinite Blades+1","Noxious Fumes+1","J.A.X.","Endless Agony","Cloak And Dagger","Footwork+1","Shame","A Thousand Cuts+1","Bane+1","Setup+1","Dagger Throw+1"],"relics":["Ring of the Snake","WarpedTongs","Ice Cream","Girya","Eternal Feather","Du-Vu Doll","Lee\u0027s Waffle","Vajra","PreservedInsect","Nilry\u0027s Codex","Busted Crown","MawBank","Paper Crane","Sundial"],"potions_floor_usage":[16,16,16,18,44,46,50,50,50],"damage_taken":[{"damage":7,"enemies":"2 Louse","floor":1,"turns":4},{"damage":1,"enemies":"Jaw Worm","floor":4,"turns":5},{"damage":2,"enemies":"Cultist","floor":7,"turns":3},{"damage":29,"enemies":"Gremlin Nob","floor":8,"turns":4},{"damage":8,"enemies":"Looter","floor":11,"turns":3},{"damage":7,"enemies":"Exordium Wildlife","floor":13,"turns":3},{"damage":12,"enemies":"Blue Slaver","floor":14,"turns":3},{"damage":25,"enemies":"Hexaghost","floor":16,"turns":11},{"damage":18,"enemies":"Spheric Guardian","floor":18,"turns":4},{"damage":4,"enemies":"3 Byrds","floor":19,"turns":6},{"damage":25,"enemies":"Book of Stabbing","floor":23,"turns":6},{"damage":3,"enemies":"Centurion and Healer","floor":25,"turns":4},{"damage":40,"enemies":"Collector","floor":33,"turns":9},{"damage":5,"enemies":"3 Shapes","floor":35,"turns":4},{"damage":18,"enemies":"Orb Walker","floor":38,"turns":3},{"damage":18,"enemies":"3 Darklings","floor":41,"turns":4},{"damage":7,"enemies":"Reptomancer","floor":44,"turns":4},{"damage":3,"enemies":"Transient","floor":45,"turns":5},{"damage":23,"enemies":"Spire Growth","floor":46,"turns":4},{"damage":20,"enemies":"Nemesis","floor":47,"turns":5},{"damage":9,"enemies":"3 Darklings","floor":48,"turns":3},{"damage":49,"enemies":"Donu and Deca","floor":50,"turns":6}],"seed_played":"866061085780177877","potions_obtained":[{"floor":4,"key":"Swift Potion"},{"floor":7,"key":"SpeedPotion"},{"floor":8,"key":"Explosive Potion"},{"floor":16,"key":"SkillPotion"},{"floor":25,"key":"Regen Potion"},{"floor":33,"key":"Poison Potion"},{"floor":38,"key":"SkillPotion"},{"floor":44,"key":"PowerPotion"},{"floor":48,"key":"LiquidBronze"}],"is_trial":false,"path_per_floor":["M","$","?","M","?","R","M","E","T","R","M","R","M","M","R","B",null,"M","M","?","$","?","E","$","M","T","R","$","?","R","?","R","B",null,"M","?","$","M","$","R","M","R","T","E","M","M","E","M","R","B",null],"character_chosen":"THE_SILENT","items_purchased":["Lee\u0027s Waffle","Footwork"],"campfire_rested":3,"item_purchase_floors":[24,28],"current_hp_per_floor":[63,63,49,48,48,48,46,17,17,38,30,30,23,11,32,7,70,52,48,48,48,48,23,77,74,74,77,77,77,77,61,76,36,77,72,72,72,54,54,69,51,66,66,59,56,45,25,16,57,8],"gold":278,"neow_bonus":"THREE_RARE_CARDS","is_prod":false,"is_daily":false,"chose_seed":false,"campfire_upgraded":4,"win_rate":0,"timestamp":1548829659,"path_taken":["M","$","?","M","?","R","M","E","T","R","M","R","M","?","R","BOSS","M","M","?","$","?","E","$","M","T","R","$","?","R","?","R","BOSS","M","?","?","M","$","R","M","R","T","E","M","M","E","M","R","BOSS"],"build_version":"2019-01-23","purchased_purges":3,"victory":true,"max_hp_per_floor":[70,70,70,70,70,70,70,70,70,70,70,70,70,70,70,70,70,70,70,70,70,70,70,77,77,77,77,77,77,77,77,77,77,77,77,77,77,77,77,77,77,77,77,77,77,77,77,77,77,77],"card_choices":[{"not_picked":["Grand Finale","Unload"],"picked":"After Image","floor":0},{"not_picked":["Prepared","Blade Dance"],"picked":"Predator","floor":1},{"not_picked":["Slice","Prepared"],"picked":"Cloak And Dagger","floor":4},{"not_picked":["Sucker Punch","PiercingWail"],"picked":"Blade Dance","floor":7},{"not_picked":["Slice","Dash"],"picked":"Endless Agony","floor":8},{"not_picked":["Backflip","Quick Slash"],"picked":"Dagger Throw","floor":11},{"not_picked":["Bouncing Flask","Expertise"],"picked":"Distraction","floor":13},{"not_picked":["Grand Finale","Deadly Poison","Outmaneuver"],"picked":"SKIP","floor":14},{"not_picked":["Phantasmal Killer","Burst"],"picked":"Adrenaline","floor":16},{"not_picked":["Leg Sweep","Underhanded Strike"],"picked":"Infinite Blades","floor":18},{"not_picked":["Dagger Spray","Deflect"],"picked":"Noxious Fumes","floor":19},{"not_picked":["Outmaneuver","Caltrops"],"picked":"Endless Agony","floor":23},{"not_picked":["Sucker Punch","Bouncing Flask"],"picked":"Cloak And Dagger","floor":25},{"not_picked":["Adrenaline","Glass Knife"],"picked":"A Thousand Cuts","floor":33},{"not_picked":[],"picked":"Bane+1","floor":35},{"not_picked":["Expertise"],"picked":"SKIP","floor":38},{"not_picked":["Dodge and Roll+1"],"picked":"SKIP","floor":41},{"not_picked":["Heel Hook"],"picked":"SKIP","floor":44},{"not_picked":[],"picked":"Setup+1","floor":45},{"not_picked":["Heel Hook"],"picked":"SKIP","floor":46},{"not_picked":["Burst"],"picked":"SKIP","floor":47},{"not_picked":[],"picked":"Dagger Throw+1","floor":48}],"player_experience":196109,"relics_obtained":[{"floor":8,"key":"Ice Cream"},{"floor":9,"key":"Girya"},{"floor":23,"key":"Du-Vu Doll"},{"floor":26,"key":"Vajra"},{"floor":31,"key":"Nilry\u0027s Codex"},{"floor":43,"key":"MawBank"},{"floor":44,"key":"Paper Crane"},{"floor":47,"key":"Sundial"}],"event_choices":[{"damage_healed":0,"gold_gain":0,"player_choice":"Entered Light","damage_taken":14,"max_hp_gain":0,"max_hp_loss":0,"event_name":"Shining Light","floor":3,"gold_loss":0,"cards_upgraded":["Predator","Defend_G"]},{"damage_healed":0,"gold_gain":0,"player_choice":"Rummage","damage_taken":0,"relics_obtained":["WarpedTongs"],"max_hp_gain":0,"max_hp_loss":0,"event_name":"Accursed Blacksmith","floor":5,"gold_loss":0,"cards_obtained":["Pain"]},{"damage_healed":0,"gold_gain":0,"player_choice":"Obtain J.A.X.","damage_taken":0,"max_hp_gain":0,"max_hp_loss":0,"event_name":"Drug Dealer","floor":20,"gold_loss":0,"cards_obtained":["J.A.X."]},{"damage_healed":0,"gold_gain":0,"player_choice":"Simplicity","damage_taken":0,"max_hp_gain":0,"max_hp_loss":0,"event_name":"Back to Basics","floor":22,"gold_loss":0,"cards_upgraded":["Defend_G","Defend_G","Defend_G","Defend_G","Strike_G","Strike_G","Strike_G","Strike_G","Strike_G"]},{"damage_healed":0,"gold_gain":0,"player_choice":"Stole Relic","damage_taken":0,"relics_obtained":["PreservedInsect"],"max_hp_gain":0,"max_hp_loss":0,"event_name":"Addict","floor":29,"gold_loss":0,"cards_obtained":["Shame"]},{"damage_healed":0,"gold_gain":0,"player_choice":"Obtained Book","damage_taken":16,"max_hp_gain":0,"max_hp_loss":0,"event_name":"Cursed Tome","floor":31,"gold_loss":0},{"damage_healed":0,"gold_gain":0,"player_choice":"Upgraded","damage_taken":0,"max_hp_gain":0,"max_hp_loss":0,"event_name":"Upgrade Shrine","floor":36,"gold_loss":0,"cards_upgraded":["Noxious Fumes"]}],"is_beta":false,"boss_relics":[{"not_picked":["Coffee Dripper","Empty Cage"],"picked":"Eternal Feather"},{"not_picked":["Fusion Hammer","Astrolabe"],"picked":"Busted Crown"}],"items_purged_floors":[2,21,39],"is_endless":false,"potions_floor_spawned":[4,7,8,11,16,25,33,38,44,45,48],"ascension_level":3}