{"gold_per_floor":[11,11,31,46,46,46,73,73,73,22,49,49,63,92,92,92],"floor_reached":16,"playtime":397,"items_purged":[],"score":218,"play_id":"b79cb155-651b-4e13-89e2-e01517eef71d","local_time":"20190305103353","is_ascension_mode":true,"campfire_choices":[{"data":"Zap","floor":6.0,"key":"SMITH"},{"floor":12.0,"key":"REST"},{"floor":15,"key":"REST"}],"neow_cost":"NO_GOLD","seed_source_timestamp":0,"circlet_count":0,"master_deck":["AscendersBane","Strike_B","Strike_B","Strike_B","Defend_B","Defend_B","Defend_B","Defend_B","Zap+1","Dualcast","Electrodynamics","Coolheaded","Cold Snap","Genetic Algorithm+1","Static Discharge","BootSequence+1"],"special_seed":0,"relics":["Cracked Core","Mercury Hourglass","Toxic Egg 2","Question Card","Molten Egg 2"],"potions_floor_usage":[14],"damage_taken":[{"damage":8.0,"enemies":"Small Slimes","floor":1.0,"turns":2.0},{"damage":4.0,"enemies":"Jaw Worm","floor":3.0,"turns":4.0},{"damage":0.0,"enemies":"Cultist","floor":4.0,"turns":3.0},{"damage":13.0,"enemies":"3 Sentries","floor":7.0,"turns":4.0},{"damage":26.0,"enemies":"Lagavulin","floor":11.0,"turns":5.0},{"damage":9.0,"enemies":"Exordium Thugs","floor":13.0,"turns":3.0},{"damage":11,"enemies":"3 Sentries","floor":14,"turns":3},{"damage":31,"enemies":"The Guardian","floor":16,"turns":2}],"seed_played":"8345963785659674826","potions_obtained":[{"floor":4.0,"key":"SteroidPotion"},{"floor":13,"key":"FocusPotion"}],"is_trial":false,"path_per_floor":["M","?","M","M","$","R","E","$","T","?","E","R","M","E","R","B"],"character_chosen":"DEFECT","items_purchased":[],"campfire_rested":2,"item_purchase_floors":[],"current_hp_per_floor":[56,49,45,45,45,45,32,32,32,32,6,27,18,7,28,0],"gold":92,"neow_bonus":"THREE_RARE_CARDS","is_prod":false,"is_daily":false,"chose_seed":false,"campfire_upgraded":1,"win_rate":0,"timestamp":1551778433,"path_taken":["M","?","M","M","$","R","E","$","T","?","E","R","M","E","R","BOSS"],"build_version":"2019-01-23","purchased_purges":0,"victory":false,"max_hp_per_floor":[71,71,71,71,71,71,71,71,71,71,71,71,71,71,71,71],"card_choices":[{"not_picked":["Buffer","Seek"],"picked":"Electrodynamics","floor":0.0},{"not_picked":["Streamline","Force Field","Beam Cell"],"picked":"SKIP","floor":1.0},{"not_picked":["Barrage","Force Field"],"picked":"Coolheaded","floor":3.0},{"not_picked":["Stack","Force Field","Leap"],"picked":"SKIP","floor":4.0},{"not_picked":["Hologram","Fission"],"picked":"Cold Snap","floor":7.0},{"not_picked":["Lockon","Chaos+1"],"picked":"Genetic Algorithm+1","floor":11.0},{"not_picked":["Gash","Go for the Eyes","Rebound"],"picked":"Static Discharge","floor":13},{"not_picked":["Cold Snap","Go for the Eyes","Rebound"],"picked":"BootSequence+1","floor":14}],"player_experience":876350,"relics_obtained":[{"floor":7.0,"key":"Mercury Hourglass"},{"floor":9.0,"key":"Toxic Egg 2"},{"floor":11.0,"key":"Question Card"},{"floor":14,"key":"Molten Egg 2"}],"event_choices":[{"cards_removed":["Strike_B"],"damage_healed":0.0,"max_hp_gain":0.0,"max_hp_loss":0.0,"gold_gain":0.0,"event_name":"Golden Wing","player_choice":"Card Removal","floor":2.0,"gold_loss":0.0,"damage_taken":7.0},{"damage_healed":0.0,"max_hp_gain":0.0,"max_hp_loss":0.0,"gold_gain":0.0,"event_name":"World of Goop","player_choice":"Left Gold","floor":10.0,"gold_loss":51.0,"damage_taken":0.0}],"is_beta":false,"boss_relics":[],"items_purged_floors":[],"is_endless":false,"potions_floor_spawned":[4,13],"killed_by":"The Guardian","ascension_level":17}