{"path_per_floor":["M","$","M","?","M","R","E","M","T","$","$","?","M","M","R","B",null,"M","M","?","$","?","R","M","R","T","R","$","M","?","$","R"],"character_chosen":"IRONCLAD","items_purchased":["Offering","True Grit"],"gold_per_floor":[112,37,47,222,238,238,268,281,281,181,24,24,40,60,60,160,160,171,186,186,14,14,14,30,30,30,30,30,41,41,41,41],"floor_reached":33,"campfire_rested":3,"playtime":809,"current_hp_per_floor":[72,72,71,71,72,72,59,49,49,49,49,42,44,38,72,21,59,57,44,28,28,28,64,46,46,46,46,46,39,31,31,67],"items_purged":["Strike_R","Doubt","Pain"],"gold":41,"score":319,"play_id":"5489a597-f69e-4639-b91a-43cee001c133","local_time":"20180311015308","is_prod":false,"is_daily":false,"is_ascension_mode":true,"campfire_upgraded":3,"timestamp":1520743988,"path_taken":["M","$","M","?","?","R","E","M","T","?","$","?","?","M","R","BOSS","M","M","?","$","?","R","?","R","T","R","?","?","?","$","R","BOSS"],"build_version":"2018-03-09","purchased_purges":3,"victory":false,"master_deck":["Strike_R","Strike_R","Strike_R","Strike_R","Defend_R","Bash","Reckless Charge","Fiend Fire+1","Dropkick","Flex+1","Flex","Offering","Havoc","Parasite","Regret","Cleave+1","True Grit+1"],"max_hp_per_floor":[72,72,72,72,72,72,72,72,72,72,72,72,72,72,72,72,72,72,72,72,72,72,72,72,72,72,72,72,72,72,72,72],"relics":["Burning Blood","Bronze Scales","Regal Pillow","Calling Bell","Du-Vu Doll","Champion Belt","Omamori","Necronomicon","Kunai","Self Forming Clay"],"card_choices":[{"not_picked":["Twin Strike","Sword Boomerang"],"picked":"Dropkick"},{"not_picked":["Warcry","True Grit"],"picked":"Flex"},{"not_picked":["Thunderclap","Fire Breathing"],"picked":"Flex"},{"not_picked":["True Grit","Evolve"],"picked":"Havoc"},{"not_picked":["Carnage","Sword Boomerang"],"picked":"Cleave"}],"player_experience":565028,"potions_floor_usage":[13,29,33,33],"damage_taken":[{"damage":0,"enemies":"2 Louse","floor":1,"turns":2},{"damage":7,"enemies":"Jaw Worm","floor":3,"turns":2},{"damage":0,"enemies":"Small Slimes","floor":5,"turns":3},{"damage":19,"enemies":"Gremlin Nob","floor":7,"turns":4},{"damage":16,"enemies":"Red Slaver","floor":8,"turns":2},{"damage":4,"enemies":"Exordium Thugs","floor":13,"turns":2},{"damage":12,"enemies":"3 Louse","floor":14,"turns":2},{"damage":57,"enemies":"The Guardian","floor":16,"turns":6},{"damage":8,"enemies":"Spheric Guardian","floor":18,"turns":2},{"damage":19,"enemies":"Chosen","floor":19,"turns":3},{"damage":24,"enemies":"Snecko","floor":24,"turns":3},{"damage":13,"enemies":"3 Cultists","floor":29,"turns":3},{"damage":72,"enemies":"Collector","floor":33,"turns":5}],"event_choices":[{"event_name":"Liars Game","player_choice":"agreed","floor":4,"damage_taken":0},{"event_name":"Golden Wing","player_choice":"Card Removal","floor":12,"damage_taken":0},{"event_name":"Cursed Tome","player_choice":"Obtained Book","floor":20,"damage_taken":0},{"event_name":"Wheel of Change","player_choice":"Relic","floor":22,"damage_taken":0},{"event_name":"Knowing Skull","player_choice":"","floor":30,"damage_taken":0}],"boss_relics":[{"not_picked":["Runic Dome","Eternal Feather"],"picked":"Calling Bell"}],"potions_floor_spawned":[1,8,16,29],"seed_played":"5205748705448724858","killed_by":"Collector","ascension_level":6,"is_trial":false}