{"path_per_floor":["M","?","?","$","M","E","R","M","T","$","M","?","M","?","R","B",null,"M","$","?","?","?","R","?","?","T","R","M","?","?","M","R","B",null,"M","T","$","?","?","R","M","R","T","E","M","$","R","M","R"],"character_chosen":"IRONCLAD","items_purchased":["Sword Boomerang","Oddly Smooth Stone","Feel No Pain","Weak Potion","Block Potion"],"gold_per_floor":[117,147,147,72,86,120,120,132,132,82,96,46,61,136,136,237,237,257,0,250,175,175,175,90,90,90,90,103,103,103,121,121,223,223,242,291,89,89,89,89,103,103,103,133,143,44,44,58,58],"floor_reached":50,"campfire_rested":5,"playtime":3266,"current_hp_per_floor":[80,80,64,64,70,57,57,63,63,63,59,59,55,44,80,61,80,64,64,64,64,64,64,64,48,48,48,59,59,59,28,67,71,90,41,41,41,41,41,41,45,87,87,18,16,16,58,63,90],"items_purged":["Regret","Strike_R","Decay"],"gold":58,"score":508,"play_id":"606bf469-bb30-4a03-9567-90413b2dde6c","is_prod":false,"is_daily":false,"is_ascension_mode":true,"campfire_upgraded":4,"path_taken":["M","?","?","$","M","E","R","M","T","?","M","?","M","?","R","BOSS","M","$","?","?","?","R","?","?","T","R","M","?","?","M","R","BOSS","M","?","$","?","?","R","M","R","T","E","M","?","R","M","R","BOSS"],"build_version":"2018-02-15-PROD1","purchased_purges":3,"victory":false,"master_deck":["Strike_R+1","Defend_R+1","Defend_R+1","Defend_R+1","Bash","Heavy Blade+1","Spot Weakness+1","Flex+1","Sword Boomerang+1","Pommel Strike","Whirlwind","Combust+1","Rampage+1","Disarm+1","Decay","Warcry+1","Shrug It Off","Inflame","Clumsy","Writhe","Armaments+1","Feel No Pain","Impervious","Cleave+1","Flame Barrier","Warcry+1","Infernal Blade+1"],"max_hp_per_floor":[80,80,80,80,80,80,80,80,80,80,80,80,80,80,80,80,80,80,80,80,80,80,80,80,80,80,80,80,80,80,80,80,80,90,90,90,90,90,90,90,90,90,90,90,90,90,90,90,90],"relics":["Burning Blood","Juzu Bracelet","Tiny Chest","Regal Pillow","Orichalcum","Astrolabe","Oddly Smooth Stone","Matryoshka","Nilry\u0027s Codex","Dream Catcher","Thread and Needle","Calling Bell","Bronze Scales","Prayer Wheel","Pear","Art of War","Pen Nib","Vajra","Mercury Hourglass"],"card_choices":[{"not_picked":["Corruption","True Grit"],"picked":"Heavy Blade"},{"not_picked":["Barricade","Iron Wave"],"picked":"Spot Weakness"},{"not_picked":["Cleave","Sword Boomerang"],"picked":"Flex"},{"not_picked":["Sentinel","Fire Breathing"],"picked":"Pommel Strike"},{"not_picked":["Infernal Blade","Clothesline"],"picked":"Whirlwind"},{"not_picked":["Heavy Blade","Sever Soul"],"picked":"Warcry"},{"not_picked":["Pommel Strike","Feel No Pain"],"picked":"Shrug It Off"},{"not_picked":["Combust","Shrug It Off"],"picked":"Inflame"},{"not_picked":["Dark Embrace","Impervious"],"picked":"Limit Break"},{"not_picked":["Cleave","Wild Strike"],"picked":"Armaments"},{"not_picked":["Thunderclap","Armaments"],"picked":"Impervious"},{"not_picked":["Power Through","Heavy Blade"],"picked":"Cleave"},{"not_picked":["Flex","Perfected Strike"],"picked":"Flame Barrier"},{"not_picked":["Heavy Blade","Perfected Strike"],"picked":"Warcry"},{"not_picked":["True Grit","Burning Pact"],"picked":"Infernal Blade"}],"player_experience":181909,"potions_floor_usage":[6,16,18,28,33,44,48,50,50,50],"damage_taken":[{"damage":0,"enemies":"2 Louse","floor":1,"turns":3},{"damage":0,"enemies":"Small Slimes","floor":5,"turns":3},{"damage":19,"enemies":"3 Sentries","floor":6,"turns":7},{"damage":0,"enemies":"Cultist","floor":8,"turns":3},{"damage":10,"enemies":"3 Louse","floor":11,"turns":3},{"damage":10,"enemies":"Exordium Wildlife","floor":13,"turns":4},{"damage":25,"enemies":"The Guardian","floor":16,"turns":7},{"damage":22,"enemies":"2 Thieves","floor":18,"turns":3},{"damage":7,"enemies":"3 Byrds","floor":28,"turns":5},{"damage":37,"enemies":"Slaver and Parasite","floor":31,"turns":4},{"damage":2,"enemies":"Champ","floor":33,"turns":9},{"damage":55,"enemies":"3 Darklings","floor":35,"turns":6},{"damage":2,"enemies":"Orb Walker","floor":41,"turns":3},{"damage":75,"enemies":"Giant Head","floor":44,"turns":9},{"damage":8,"enemies":"Sphere and 2 Shapes","floor":45,"turns":4},{"damage":1,"enemies":"3 Darklings","floor":48,"turns":3},{"damage":90,"enemies":"Awakened One","floor":50,"turns":13}],"event_choices":[{"event_name":"Big Fish","player_choice":"Box","floor":2,"damage_taken":0},{"event_name":"Shining Light","player_choice":"Entered Light","floor":3,"damage_taken":0},{"event_name":"The Cleric","player_choice":"Card Removal","floor":12,"damage_taken":0},{"event_name":"World of Goop","player_choice":"Gather Gold","floor":14,"damage_taken":0},{"event_name":"Golden Shrine","player_choice":"Desecrate","floor":20,"damage_taken":0},{"event_name":"Beggar","player_choice":"Gave Gold","floor":21,"damage_taken":0},{"event_name":"Forgotten Altar","player_choice":"Smashed Altar","floor":22,"damage_taken":0},{"event_name":"Addict","player_choice":"Obtained Relic","floor":24,"damage_taken":0},{"event_name":"Cursed Tome","player_choice":"Obtained Book","floor":25,"damage_taken":0},{"event_name":"Drug Dealer","player_choice":"Ignored","floor":29,"damage_taken":0},{"event_name":"Back to Basics","player_choice":"Simplicity","floor":30,"damage_taken":0},{"event_name":"The Moai Head","player_choice":"Ignored","floor":38,"damage_taken":0}],"boss_relics":[{"not_picked":["Runic Pyramid","White Beast Statue"],"picked":"Astrolabe"},{"not_picked":["Runic Dome","Orrery"],"picked":"Calling Bell"}],"potions_floor_spawned":[1,5,8,16,18,41,44,48],"seed_played":"3514244813464270394","killed_by":"Awakened One","ascension_level":2,"is_trial":false}