{"gold_per_floor":[219,231,231,242,37,37,70,70,97,108,33,44,59,23,23,118,118,137,152,152,52,52,87,37,37],"floor_reached":25,"playtime":642,"items_purged":["Strike_R","Strike_R","Strike_R"],"score":276,"play_id":"a3d523bd-cf50-482b-9783-9e0bdfd8fd0f","local_time":"20190303170524","is_ascension_mode":true,"campfire_choices":[{"data":"Armaments","floor":6.0,"key":"SMITH"},{"data":"Spot Weakness","floor":8.0,"key":"SMITH"},{"data":"Searing Blow","floor":15.0,"key":"SMITH"}],"neow_cost":"NONE","seed_source_timestamp":151195526942972,"circlet_count":0,"master_deck":["Strike_R","Strike_R","Defend_R","Defend_R","Defend_R","Defend_R","Bash","Carnage+1","Pommel Strike","Armaments+1","Spot Weakness+1","Carnage","Uppercut","Searing Blow+1","Inflame","Reaper","Heavy Blade+1","Twin Strike+1"],"special_seed":0,"relics":["Burning Blood","Sling","Regal Pillow","Bronze Scales","Philosopher\u0027s Stone","Smiling Mask"],"potions_floor_usage":[19,19,23,25],"damage_taken":[{"damage":6.0,"enemies":"Jaw Worm","floor":1.0,"turns":5.0},{"damage":0.0,"enemies":"Cultist","floor":2.0,"turns":2.0},{"damage":3.0,"enemies":"2 Louse","floor":4.0,"turns":2.0},{"damage":11.0,"enemies":"Gremlin Nob","floor":7.0,"turns":3.0},{"damage":13.0,"enemies":"2 Fungi Beasts","floor":10.0,"turns":4.0},{"damage":21.0,"enemies":"Exordium Thugs","floor":12.0,"turns":3.0},{"damage":14.0,"enemies":"3 Louse","floor":13.0,"turns":2.0},{"damage":18.0,"enemies":"Slime Boss","floor":16.0,"turns":8.0},{"damage":4.0,"enemies":"Chosen","floor":18.0,"turns":3.0},{"damage":0,"enemies":"Spheric Guardian","floor":19,"turns":3},{"damage":75,"enemies":"Slavers","floor":23,"turns":5},{"damage":13,"enemies":"Snake Plant","floor":25,"turns":1}],"seed_played":"2003727262375751348","potions_obtained":[{"floor":2.0,"key":"Strength Potion"},{"floor":4.0,"key":"AttackPotion"},{"floor":12.0,"key":"Fire Potion"},{"floor":13.0,"key":"FearPotion"},{"floor":16.0,"key":"AttackPotion"},{"floor":23,"key":"Fire Potion"}],"is_trial":false,"path_per_floor":["M","M","?","M","$","R","E","R","T","M","$","M","M","$","R","B",null,"M","M","?","$","?","E","$","M"],"character_chosen":"IRONCLAD","items_purchased":["Sling","Inflame"],"campfire_rested":0,"item_purchase_floors":[5,14],"current_hp_per_floor":[80,80,80,80,80,80,75,75,75,68,68,53,45,45,45,33,68,74,80,65,65,57,8,8,0],"gold":37,"neow_bonus":"HUNDRED_GOLD","is_prod":false,"is_daily":false,"chose_seed":false,"campfire_upgraded":3,"win_rate":0,"timestamp":1551654324,"path_taken":["M","M","?","M","$","R","E","R","T","?","$","M","M","?","R","BOSS","M","M","?","$","?","E","$","?"],"build_version":"2019-01-23","purchased_purges":3,"victory":false,"max_hp_per_floor":[80,80,80,80,80,80,80,80,80,80,80,80,80,80,80,80,80,80,80,85,85,85,85,85,85],"card_choices":[{"not_picked":["Thunderclap","Clothesline"],"picked":"Carnage","floor":1.0},{"not_picked":["True Grit","Anger"],"picked":"Pommel Strike","floor":2.0},{"not_picked":["Clothesline","Sever Soul"],"picked":"Armaments","floor":4.0},{"not_picked":["Barricade","Reaper"],"picked":"Spot Weakness","floor":7.0},{"not_picked":["Body Slam","Clash"],"picked":"Carnage","floor":10.0},{"not_picked":["Anger","Blood for Blood"],"picked":"Uppercut","floor":12.0},{"not_picked":["Combust","Infernal Blade"],"picked":"Searing Blow","floor":13.0},{"not_picked":["Double Tap","Impervious"],"picked":"Reaper","floor":16.0},{"not_picked":["Warcry","Havoc+1"],"picked":"Heavy Blade+1","floor":18.0},{"not_picked":["Armaments","Sever Soul","Burning Pact+1"],"picked":"SKIP","floor":19},{"not_picked":["Disarm","Power Through"],"picked":"Twin Strike+1","floor":23}],"player_experience":287186,"relics_obtained":[{"floor":7.0,"key":"Regal Pillow"},{"floor":9.0,"key":"Bronze Scales"},{"floor":23,"key":"Smiling Mask"}],"event_choices":[{"damage_healed":0.0,"max_hp_gain":0.0,"max_hp_loss":0.0,"gold_gain":0.0,"event_name":"Accursed Blacksmith","player_choice":"Forge","floor":3.0,"gold_loss":0.0,"damage_taken":0.0,"cards_upgraded":["Carnage"]},{"damage_healed":0,"gold_gain":0,"player_choice":"Shed Blood","damage_taken":20,"max_hp_gain":5,"max_hp_loss":0,"event_name":"Forgotten Altar","floor":20,"gold_loss":0},{"damage_healed":0,"gold_gain":0,"player_choice":"Damaged","damage_taken":8,"max_hp_gain":0,"max_hp_loss":0,"event_name":"Wheel of Change","floor":22,"gold_loss":0}],"is_beta":false,"boss_relics":[{"not_picked":["Black Star","Black Blood"],"picked":"Philosopher\u0027s Stone"}],"items_purged_floors":[11,21,24],"is_endless":false,"potions_floor_spawned":[2,4,12,13,16,23],"killed_by":"Snake Plant","ascension_level":5}