{"gold_per_floor":[115,130,148,161,181,181,181,181,181,356,376,326,94,129,129,230,230,242,257,257,257,268,268],"floor_reached":23,"playtime":1420,"items_purged":[],"score":251,"play_id":"3ddaed12-bc87-4c30-9b71-d10afc96c0c9","local_time":"20190220235500","is_ascension_mode":true,"campfire_choices":[{"data":"Neutralize","floor":6,"key":"SMITH"},{"floor":8,"key":"REST"},{"floor":15,"key":"REST"}],"neow_cost":"PERCENT_DAMAGE","seed_source_timestamp":451944053749448,"circlet_count":0,"master_deck":["Defend_G+1","Defend_G+1","Defend_G+1","Defend_G+1","Strike_G+1","Strike_G+1","Strike_G+1","Strike_G+1","Survivor","Neutralize+1","Slice","Dagger Spray","Crippling Poison","Leg Sweep","Backflip","Infinite Blades","All Out Attack","Dash","Tools of the Trade","Prepared+1","Backstab+1","Shame","All Out Attack"],"relics":["Ring of the Snake","Art of War","Bag of Marbles","Dream Catcher","Sozu","Matryoshka"],"potions_floor_usage":[16,19],"damage_taken":[{"damage":4,"enemies":"Cultist","floor":1,"turns":4},{"damage":0,"enemies":"2 Louse","floor":2,"turns":3},{"damage":0,"enemies":"Small Slimes","floor":3,"turns":2},{"damage":3,"enemies":"2 Fungi Beasts","floor":4,"turns":3},{"damage":0,"enemies":"Exordium Wildlife","floor":5,"turns":3},{"damage":2,"enemies":"Blue Slaver","floor":11,"turns":5},{"damage":14,"enemies":"3 Sentries","floor":14,"turns":6},{"damage":32,"enemies":"Slime Boss","floor":16,"turns":15},{"damage":9,"enemies":"Spheric Guardian","floor":18,"turns":5},{"damage":17,"enemies":"2 Thieves","floor":19,"turns":4},{"damage":21,"enemies":"Snake Plant","floor":22,"turns":4},{"damage":33,"enemies":"Book of Stabbing","floor":23,"turns":6}],"seed_played":"-6697769028154028968","potions_obtained":[{"floor":3,"key":"FairyPotion"},{"floor":4,"key":"SteroidPotion"},{"floor":11,"key":"Energy Potion"}],"is_trial":false,"path_per_floor":["M","M","M","M","M","R","?","R","T","?","M","?","$","E","R","B",null,"M","M","?","?","M","E"],"character_chosen":"THE_SILENT","items_purchased":["Bag of Marbles","Infinite Blades"],"campfire_rested":2,"item_purchase_floors":[13,13],"current_hp_per_floor":[41,41,41,38,38,38,24,45,45,45,43,43,43,29,50,18,57,48,31,31,31,10,0],"gold":268,"neow_bonus":"REMOVE_TWO","is_prod":false,"is_daily":false,"chose_seed":false,"campfire_upgraded":1,"win_rate":0,"timestamp":1550735700,"path_taken":["M","?","M","M","?","R","?","R","T","?","M","?","$","E","R","BOSS","M","M","?","?","M","E"],"build_version":"2019-01-23","purchased_purges":0,"victory":false,"max_hp_per_floor":[70,70,70,70,70,70,70,70,70,70,70,70,70,70,70,70,70,70,70,70,70,70,70],"card_choices":[{"not_picked":["Concentrate","Dodge and Roll"],"picked":"Slice","floor":1},{"not_picked":["Poisoned Stab","Outmaneuver"],"picked":"Dagger Spray","floor":2},{"not_picked":["Dodge and Roll","Deadly Poison"],"picked":"Crippling Poison","floor":3},{"not_picked":["Flechettes","Poisoned Stab"],"picked":"Leg Sweep","floor":4},{"not_picked":["Setup","Prepared","Reflex"],"picked":"SKIP","floor":5},{"not_picked":["Bane","Catalyst"],"picked":"Backflip","floor":11},{"not_picked":["Quick Slash","Poisoned Stab"],"picked":"All Out Attack","floor":14},{"not_picked":["Tactician","PiercingWail"],"picked":"Dash","floor":15},{"not_picked":["Storm of Steel","Adrenaline"],"picked":"Tools of the Trade","floor":16},{"not_picked":["Slice","Outmaneuver"],"picked":"Prepared+1","floor":18},{"not_picked":["Concentrate+1","Poisoned Stab"],"picked":"Backstab+1","floor":19},{"not_picked":["Cloak And Dagger","Dash"],"picked":"All Out Attack","floor":22}],"player_experience":306888,"relics_obtained":[{"floor":9,"key":"Art of War"},{"floor":14,"key":"Dream Catcher"}],"event_choices":[{"damage_healed":0,"gold_gain":0,"player_choice":"Entered Light","damage_taken":14,"max_hp_gain":0,"max_hp_loss":0,"event_name":"Shining Light","floor":7,"gold_loss":0,"cards_upgraded":["Defend_G","Strike_G"]},{"damage_healed":0,"gold_gain":175,"player_choice":"AGREE","damage_taken":0,"max_hp_gain":0,"max_hp_loss":0,"event_name":"Liars Game","floor":10,"gold_loss":0,"cards_obtained":["Doubt"]},{"cards_removed":["Doubt"],"damage_healed":0,"gold_gain":0,"player_choice":"Card Removal","damage_taken":0,"max_hp_gain":0,"max_hp_loss":0,"event_name":"The Cleric","floor":12,"gold_loss":50},{"damage_healed":0,"gold_gain":0,"player_choice":"Simplicity","damage_taken":0,"max_hp_gain":0,"max_hp_loss":0,"event_name":"Back to Basics","floor":20,"gold_loss":0,"cards_upgraded":["Defend_G","Defend_G","Defend_G","Strike_G","Strike_G","Strike_G"]},{"damage_healed":0,"gold_gain":0,"player_choice":"Stole Relic","damage_taken":0,"relics_obtained":["Matryoshka"],"max_hp_gain":0,"max_hp_loss":0,"event_name":"Addict","floor":21,"gold_loss":0,"cards_obtained":["Shame"]}],"is_beta":false,"boss_relics":[{"not_picked":["Ectoplasm","Fusion Hammer"],"picked":"Sozu"}],"items_purged_floors":[],"is_endless":false,"potions_floor_spawned":[3,4,11,19],"killed_by":"Book of Stabbing","ascension_level":6}