{"path_per_floor":["M","?","?","M","M","R","E","M","T","E","$","T","M","?","R","B",null,"M","?","$","?","M","R","?","M","T"],"character_chosen":"IRONCLAD","items_purchased":["Double Tap","Rampage"],"gold_per_floor":[111,111,111,125,140,140,167,186,186,217,10,310,325,325,325,428,428,447,362,282,282,295,295,295,312,312],"floor_reached":27,"campfire_rested":1,"playtime":1352,"current_hp_per_floor":[70,70,54,57,63,63,29,32,32,16,16,16,14,14,38,14,80,68,68,68,68,50,50,50,18,18],"items_purged":["Strike_R","Strike_R"],"gold":312,"score":254,"play_id":"909e11f3-0ccd-4e13-ae6c-4a68c4142595","local_time":"20180304192802","is_prod":false,"is_daily":false,"is_ascension_mode":true,"campfire_upgraded":2,"timestamp":1520202482,"path_taken":["M","?","?","M","M","R","E","M","T","E","$","?","?","?","R","BOSS","M","?","$","?","?","R","?","?","T","M"],"build_version":"2018-03-01-PROD1","purchased_purges":2,"victory":false,"master_deck":["Strike_R","Strike_R","Strike_R","Defend_R","Defend_R+1","Defend_R","Defend_R","Bash+1","Impervious","Body Slam","Flex+1","Double Tap+1","Rampage"],"max_hp_per_floor":[80,80,80,80,80,80,80,80,80,80,80,80,80,80,80,80,80,80,80,80,80,80,80,80,80,80],"relics":["Burning Blood","The Courier","Self Forming Clay","Art of War","Old Coin","Black Star","Toolbox","Du-Vu Doll"],"card_choices":[{"not_picked":["Uppercut","Inflame"],"picked":"Body Slam"},{"not_picked":["Sever Soul","Immolate"],"picked":"Flex"}],"player_experience":417254,"potions_floor_usage":[10,13,16,25,27],"damage_taken":[{"damage":16,"enemies":"Cultist","floor":1,"turns":4},{"damage":3,"enemies":"Jaw Worm","floor":4,"turns":5},{"damage":0,"enemies":"2 Louse","floor":5,"turns":3},{"damage":40,"enemies":"Gremlin Nob","floor":7,"turns":5},{"damage":3,"enemies":"Looter","floor":8,"turns":2},{"damage":22,"enemies":"3 Sentries","floor":10,"turns":8},{"damage":8,"enemies":"2 Fungi Beasts","floor":13,"turns":3},{"damage":30,"enemies":"The Guardian","floor":16,"turns":10},{"damage":18,"enemies":"3 Byrds","floor":18,"turns":8},{"damage":24,"enemies":"Spheric Guardian","floor":22,"turns":6},{"damage":38,"enemies":"Slaver and Parasite","floor":25,"turns":9},{"damage":16,"enemies":"Snecko","floor":27,"turns":5}],"event_choices":[{"event_name":"The Woman in Blue","player_choice":"Bought 0 Potions","floor":2,"damage_taken":0},{"event_name":"Shining Light","player_choice":"Entered Light","floor":3,"damage_taken":0},{"event_name":"Dead Adventurer","player_choice":"Searched \u00270\u0027 times","floor":14,"damage_taken":0},{"event_name":"Addict","player_choice":"Obtained Relic","floor":19,"damage_taken":0},{"event_name":"Drug Dealer","player_choice":"Ignored","floor":21,"damage_taken":0},{"event_name":"The Mausoleum","player_choice":"No","floor":24,"damage_taken":0}],"boss_relics":[{"not_picked":["Eternal Feather","Philosopher\u0027s Stone"],"picked":"Black Star"}],"potions_floor_spawned":[8,10,13,18,25],"seed_played":"4354570138412364642","killed_by":"Snecko","ascension_level":3,"is_trial":false}