{"gold_per_floor":[112,112,112,36,55,87,107,126,177,189,189,219,219,246,246,350,350,360,379,36,52,67,67,67,67,67,77,77,77],"floor_reached":29,"playtime":1486,"items_purged":[],"score":282,"play_id":"19ac56e1-effc-42c8-a6db-b72a2b94f517","local_time":"20190213190743","is_ascension_mode":true,"campfire_choices":[{"floor":15,"key":"REST"},{"floor":23,"key":"REST"},{"floor":28,"key":"REST"}],"neow_cost":"NONE","seed_source_timestamp":28769625136582,"circlet_count":0,"master_deck":["Strike_R+1","Defend_R","Defend_R","Defend_R","Defend_R","Bash","True Grit","Ghostly Armor","Thunderclap","Power Through","Pommel Strike+1","Armaments+1","Iron Wave","Rampage","Limit Break","Cleave+1","Sweeping Beam","Flying Knee+1"],"relics":["Burning Blood","Shuriken","Regal Pillow","PreservedInsect","Whetstone","Strawberry","Empty Cage","Anchor","PrismaticShard","Molten Egg 2"],"potions_floor_usage":[8,8,14,16,16],"damage_taken":[{"damage":0,"enemies":"2 Louse","floor":1,"turns":3},{"damage":8,"enemies":"Jaw Worm","floor":5,"turns":3},{"damage":54,"enemies":"3 Sentries","floor":6,"turns":18},{"damage":5,"enemies":"Small Slimes","floor":7,"turns":5},{"damage":12,"enemies":"Gremlin Gang","floor":8,"turns":3},{"damage":1,"enemies":"Exordium Thugs","floor":10,"turns":5},{"damage":21,"enemies":"Lagavulin","floor":12,"turns":6},{"damage":9,"enemies":"Gremlin Nob","floor":14,"turns":3},{"damage":54,"enemies":"The Guardian","floor":16,"turns":14},{"damage":29,"enemies":"Spheric Guardian","floor":18,"turns":6},{"damage":33,"enemies":"2 Thieves","floor":19,"turns":4},{"damage":12,"enemies":"Snecko","floor":21,"turns":5},{"damage":35,"enemies":"Shelled Parasite and Fungi","floor":22,"turns":7},{"damage":46,"enemies":"Sentry and Sphere","floor":27,"turns":8},{"damage":66,"enemies":"Gremlin Leader","floor":29,"turns":7}],"seed_played":"-5877739875705700367","potions_obtained":[{"floor":6,"key":"PowerPotion"},{"floor":7,"key":"Regen Potion"},{"floor":10,"key":"Dexterity Potion"},{"floor":12,"key":"PowerPotion"},{"floor":16,"key":"Fruit Juice"},{"floor":19,"key":"EssenceOfSteel"}],"is_trial":false,"path_per_floor":["M","?","?","$","M","E","M","M","T","M","?","E","?","E","R","B",null,"M","M","$","M","M","R","?","$","T","M","R","E"],"character_chosen":"IRONCLAD","items_purchased":["Ghostly Armor","Anchor","PrismaticShard"],"campfire_rested":3,"item_purchase_floors":[4,20,20],"current_hp_per_floor":[88,81,74,74,72,24,25,28,28,33,33,18,18,22,65,22,100,77,50,50,44,15,60,60,60,60,20,65,0],"gold":77,"neow_bonus":"TEN_PERCENT_HP_BONUS","is_prod":false,"is_daily":false,"chose_seed":false,"campfire_upgraded":0,"win_rate":0,"timestamp":1550106463,"path_taken":["M","?","?","$","M","E","M","M","T","M","?","E","?","E","R","BOSS","M","?","$","M","M","R","?","?","T","M","R","E"],"build_version":"2019-01-23","purchased_purges":0,"victory":false,"max_hp_per_floor":[88,88,88,88,88,88,88,88,88,88,88,88,88,95,95,100,100,100,100,100,100,100,100,100,100,100,100,100,100],"card_choices":[{"not_picked":["Warcry","Carnage"],"picked":"True Grit","floor":1},{"not_picked":["Sword Boomerang","Battle Trance"],"picked":"Thunderclap","floor":5},{"not_picked":["Feel No Pain","Sever Soul"],"picked":"Power Through","floor":6},{"not_picked":["Body Slam","Seeing Red"],"picked":"Pommel Strike","floor":7},{"not_picked":["Carnage","Havoc"],"picked":"Armaments","floor":8},{"not_picked":["Spot Weakness","Burning Pact","Inflame"],"picked":"SKIP","floor":10},{"not_picked":["Feed","Shrug It Off"],"picked":"Iron Wave","floor":12},{"not_picked":["Flex","Twin Strike"],"picked":"Rampage","floor":14},{"not_picked":["Dark Embrace","Brutality"],"picked":"Limit Break","floor":16},{"not_picked":["Uppercut","True Grit"],"picked":"Cleave+1","floor":18},{"not_picked":["Hemokinesis","Dropkick","Flex"],"picked":"SKIP","floor":19},{"not_picked":["Barrage","Tempest"],"picked":"Sweeping Beam","floor":21},{"not_picked":["Pommel Strike","Riddle With Holes","Armaments"],"picked":"SKIP","floor":22},{"not_picked":["Hologram+1","Capacitor"],"picked":"Flying Knee+1","floor":27}],"player_experience":160052,"relics_obtained":[{"floor":6,"key":"Regal Pillow"},{"floor":9,"key":"PreservedInsect"},{"floor":12,"key":"Whetstone"},{"floor":14,"key":"Strawberry"},{"floor":26,"key":"Molten Egg 2"}],"event_choices":[{"cards_removed":["Strike_R"],"damage_healed":0,"gold_gain":0,"player_choice":"Card Removal","damage_taken":7,"max_hp_gain":0,"max_hp_loss":0,"event_name":"Golden Wing","floor":2,"gold_loss":0},{"damage_healed":0,"gold_gain":0,"player_choice":"Success","damage_taken":7,"relics_obtained":["Shuriken"],"max_hp_gain":0,"max_hp_loss":0,"event_name":"Scrap Ooze","floor":3,"gold_loss":0},{"damage_healed":0,"gold_gain":0,"player_choice":"Ignored","damage_taken":0,"max_hp_gain":0,"max_hp_loss":0,"event_name":"Liars Game","floor":11,"gold_loss":0},{"damage_healed":0,"gold_gain":0,"player_choice":"Forge","damage_taken":0,"max_hp_gain":0,"max_hp_loss":0,"event_name":"Accursed Blacksmith","floor":13,"gold_loss":0,"cards_upgraded":["Armaments"]},{"cards_removed":["Strike_R"],"damage_healed":0,"gold_gain":0,"player_choice":"Elegance","damage_taken":0,"max_hp_gain":0,"max_hp_loss":0,"event_name":"Back to Basics","floor":24,"gold_loss":0}],"is_beta":false,"boss_relics":[{"not_picked":["Lizard Tail","Busted Crown"],"picked":"Empty Cage"}],"items_purged_floors":[],"is_endless":false,"potions_floor_spawned":[6,7,10,12,16,19],"killed_by":"Gremlin Leader","ascension_level":1}