{"path_per_floor":["M","M","?","M","$","R","E","M","T","?","R","M","M","?","R","B",null,"M","$","?","M","M","R","M","$","T","R","M","?","?","M","R"],"character_chosen":"THE_SILENT","items_purchased":["Predator","Ninja Scroll","Deflect","Finisher"],"gold_per_floor":[218,229,229,242,96,96,137,161,161,161,161,179,199,199,199,322,322,336,68,68,93,118,118,141,73,73,73,94,94,344,363,363],"floor_reached":33,"campfire_rested":4,"playtime":1773,"current_hp_per_floor":[69,69,69,65,65,65,29,29,29,46,67,67,57,57,57,51,65,65,65,65,62,26,47,20,20,20,41,40,40,40,17,38],"items_purged":["Injury"],"gold":363,"score":311,"play_id":"0c6d3fe9-c553-49d8-9cbb-3bd4572ebbb0","is_prod":false,"is_daily":false,"is_ascension_mode":true,"campfire_upgraded":2,"path_taken":["M","M","?","?","$","R","E","M","T","?","R","M","M","?","R","BOSS","M","$","?","?","M","R","M","$","T","R","M","?","?","M","R","BOSS"],"build_version":"2018-02-15-PROD1","purchased_purges":1,"victory":false,"master_deck":["Defend_G","Defend_G","Defend_G","Defend_G","Defend_G","Strike_G","Strike_G","Strike_G","Strike_G","Survivor","Neutralize+1","Sucker Punch","Noxious Fumes+1","Predator","PiercingWail","Dagger Spray","Parasite","Backstab","Dagger Spray","Leg Sweep+1","Deflect","Cloak And Dagger","Backflip+1","Dagger Throw","Finisher","Well Laid Plans+1","Neutralize","After Image","Regret"],"max_hp_per_floor":[70,70,70,70,70,70,70,70,70,70,70,70,70,70,70,70,70,70,70,70,70,70,70,70,70,70,70,70,70,70,70,70],"relics":["Ring of the Snake","Golden Idol","Du-Vu Doll","Tingsha","Black Star","Ninja Scroll","Torii"],"card_choices":[{"not_picked":["Bane","Slice"],"picked":"Sucker Punch"},{"not_picked":["Blur","Backflip"],"picked":"Noxious Fumes"},{"not_picked":["Deflect","Venomology"],"picked":"PiercingWail"},{"not_picked":["Masterful Stab","Prepared"],"picked":"Dagger Spray"},{"not_picked":["Crippling Poison","Deadly Poison"],"picked":"Backstab"},{"not_picked":["Sucker Punch","Concentrate"],"picked":"Dagger Spray"},{"not_picked":["Well Laid Plans","Dagger Spray"],"picked":"Leg Sweep"},{"not_picked":["Crippling Poison","Escape Plan"],"picked":"Cloak And Dagger"},{"not_picked":["Deflect","Cloak And Dagger"],"picked":"Backflip"},{"not_picked":["Flying Knee","Underhanded Strike"],"picked":"Dagger Throw"},{"not_picked":["Cloak And Dagger","Deadly Poison"],"picked":"Well Laid Plans"}],"player_experience":226099,"potions_floor_usage":[16,16,22,24,33,33],"damage_taken":[{"damage":1,"enemies":"Jaw Worm","floor":1,"turns":7},{"damage":0,"enemies":"Cultist","floor":2,"turns":3},{"damage":4,"enemies":"Small Slimes","floor":4,"turns":4},{"damage":36,"enemies":"Lagavulin","floor":7,"turns":7},{"damage":0,"enemies":"Red Slaver","floor":8,"turns":5},{"damage":0,"enemies":"Looter","floor":12,"turns":3},{"damage":10,"enemies":"Exordium Thugs","floor":13,"turns":4},{"damage":6,"enemies":"Slime Boss","floor":16,"turns":6},{"damage":0,"enemies":"3 Byrds","floor":18,"turns":5},{"damage":3,"enemies":"Chosen","floor":21,"turns":4},{"damage":36,"enemies":"Sentry and Sphere","floor":22,"turns":6},{"damage":27,"enemies":"Chosen and Byrds","floor":24,"turns":7},{"damage":1,"enemies":"Centurion and Healer","floor":28,"turns":5},{"damage":23,"enemies":"Snake Plant","floor":31,"turns":3},{"damage":37,"enemies":"Champ","floor":33,"turns":14}],"event_choices":[{"event_name":"Golden Idol","player_choice":"Take Wound","floor":3,"damage_taken":0},{"event_name":"Mushrooms","player_choice":"Healed and dodged fight","floor":10,"damage_taken":0},{"event_name":"Bonfire Elementals","player_choice":"BASIC","floor":14,"damage_taken":0},{"event_name":"Beggar","player_choice":"Ignored","floor":20,"damage_taken":0},{"event_name":"Match and Keep!","player_choice":"2 cards matched","floor":29,"damage_taken":0},{"event_name":"Golden Shrine","player_choice":"Desecrate","floor":30,"damage_taken":0}],"boss_relics":[{"not_picked":["Ectoplasm","Lizard Tail"],"picked":"Black Star"}],"potions_floor_spawned":[8,12,13,21,24,31],"seed_played":"-7963519839494516155","killed_by":"Champ","ascension_level":5,"is_trial":false}