{"gold_per_floor":[117,17,17,36,36,67,96,128,128,148,73,73,84,96,96,196,196,211,310,310,235,284,284,109,109,136,166,166,179,16,47,47,142,142,154,254,254,254,273,273,273,273,273,273],"floor_reached":44,"playtime":1603,"items_purged":["Defend_R","Defend_R","Defend_R"],"score":693,"play_id":"785f371a-1897-46e7-bac0-6311eb7f655e","local_time":"20181108180613","is_ascension_mode":true,"campfire_choices":[{"floor":12,"key":"REST"},{"floor":15,"key":"REST"},{"data":"Limit Break","floor":23,"key":"SMITH"},{"data":"Rage","floor":25,"key":"SMITH"},{"data":"Rampage","floor":28,"key":"SMITH"},{"floor":32,"key":"REST"},{"data":"1","floor":40,"key":"LIFT"},{"floor":42,"key":"REST"}],"neow_cost":"NONE","seed_source_timestamp":36629104026351,"circlet_count":0,"master_deck":["Strike_R","Strike_R","Strike_R+1","Strike_R","Bash","Clash","True Grit+1","Flex+1","Cleave","Headbutt","Dual Wield","Rage","Rage+1","Rampage+1","Limit Break+1","Whirlwind","Dropkick","Juggernaut"],"relics":["Burning Blood","Bag of Preparation","Odd Mushroom","PreservedInsect","Mercury Hourglass","Lizard Tail","Anchor","Orichalcum","Red Skull","Regal Pillow","Busted Crown","Girya","Darkstone Periapt"],"potions_floor_usage":[7,31,31,33,36,41],"damage_taken":[{"damage":7,"enemies":"Small Slimes","floor":1,"turns":4},{"damage":0,"enemies":"Cultist","floor":4,"turns":2},{"damage":30,"enemies":"3 Sentries","floor":6,"turns":7},{"damage":0,"enemies":"The Mushroom Lair","floor":7,"turns":3},{"damage":35,"enemies":"Lagavulin","floor":8,"turns":6},{"damage":0,"enemies":"Jaw Worm","floor":10,"turns":2},{"damage":0,"enemies":"Large Slime","floor":13,"turns":2},{"damage":9,"enemies":"Exordium Thugs","floor":14,"turns":2},{"damage":45,"enemies":"The Guardian","floor":16,"turns":8},{"damage":7,"enemies":"Chosen","floor":18,"turns":4},{"damage":2,"enemies":"Slavers","floor":27,"turns":4},{"damage":3,"enemies":"3 Byrds","floor":29,"turns":3},{"damage":18,"enemies":"Gremlin Leader","floor":31,"turns":4},{"damage":98,"enemies":"Champ","floor":33,"turns":10},{"damage":13,"enemies":"Orb Walker","floor":35,"turns":3},{"damage":32,"enemies":"Mind Bloom Boss Battle","floor":36,"turns":7},{"damage":4,"enemies":"3 Darklings","floor":39,"turns":3},{"damage":26,"enemies":"Giant Head","floor":41,"turns":6},{"damage":71,"enemies":"Nemesis","floor":44,"turns":4}],"seed_played":"-1502237911886645730","potions_obtained":[{"floor":1,"key":"Swift Potion"},{"floor":6,"key":"SkillPotion"},{"floor":7,"key":"LiquidBronze"},{"floor":13,"key":"FearPotion"},{"floor":27,"key":"Block Potion"},{"floor":33,"key":"Block Potion"},{"floor":36,"key":"SpeedPotion"},{"floor":39,"key":"SmokeBomb"}],"is_trial":false,"path_per_floor":["M","$","?","M","?","E","?","E","T","M","$","R","M","M","R","B",null,"M","?","?","?","T","R","$","R","T","E","R","M","$","E","R","B",null,"M","?","?","?","M","R","E","R","T","E"],"character_chosen":"IRONCLAD","items_purchased":["True Grit","Flex","Whirlwind","Dropkick"],"campfire_rested":4,"item_purchase_floors":[2,2,24,30],"current_hp_per_floor":[71,71,71,77,61,37,43,14,14,20,20,44,50,47,71,32,68,67,67,52,52,52,52,52,52,52,56,56,59,59,47,85,48,76,69,43,43,43,45,45,25,65,65,0],"gold":273,"neow_bonus":"TRANSFORM_CARD","is_prod":false,"is_daily":false,"chose_seed":false,"campfire_upgraded":3,"win_rate":0,"timestamp":1541707573,"path_taken":["M","$","?","?","?","E","?","E","T","M","$","R","M","M","R","BOSS","M","?","?","?","?","R","$","R","T","E","R","M","$","E","R","BOSS","M","?","?","?","?","R","E","R","T","E"],"build_version":"2018-11-07","purchased_purges":3,"victory":false,"max_hp_per_floor":[80,80,80,80,80,80,80,80,80,80,80,80,80,80,80,80,80,80,80,85,85,85,85,85,85,85,85,85,85,85,85,85,85,85,85,85,85,85,85,85,85,85,85,85],"card_choices":[{"not_picked":["Ghostly Armor","Thunderclap"],"picked":"Clash","floor":1},{"not_picked":["Twin Strike","Havoc"],"picked":"Cleave","floor":4},{"not_picked":["Armaments","Flex"],"picked":"Headbutt","floor":6},{"not_picked":["Reaper","Infernal Blade"],"picked":"Dual Wield","floor":7},{"not_picked":["Wild Strike","Shrug It Off"],"picked":"Rage","floor":8},{"not_picked":["Clash","Body Slam"],"picked":"Rage","floor":10},{"not_picked":["Twin Strike","Havoc"],"picked":"Rampage","floor":13},{"not_picked":["Flame Barrier","Fiend Fire","Flex"],"picked":"SKIP","floor":14},{"not_picked":["Demon Form","Double Tap"],"picked":"Limit Break","floor":16},{"not_picked":["Pommel Strike","Iron Wave+1","Reckless Charge"],"picked":"SKIP","floor":18},{"not_picked":["Armaments","Second Wind","Uppercut"],"picked":"SKIP","floor":27},{"not_picked":["Perfected Strike+1","Clothesline","Power Through"],"picked":"SKIP","floor":29},{"not_picked":["Sword Boomerang+1","Pommel Strike","Intimidate"],"picked":"SKIP","floor":31},{"not_picked":["Bludgeon","Berserk"],"picked":"Juggernaut","floor":33},{"not_picked":["Corruption"],"picked":"SKIP","floor":35},{"not_picked":["Corruption"],"picked":"SKIP","floor":35},{"not_picked":["Warcry"],"picked":"SKIP","floor":39}],"player_experience":870073,"relics_obtained":[{"floor":6,"key":"Bag of Preparation"},{"floor":7,"key":"Odd Mushroom"},{"floor":8,"key":"PreservedInsect"},{"floor":9,"key":"Mercury Hourglass"},{"floor":22,"key":"Anchor"},{"floor":26,"key":"Orichalcum"},{"floor":27,"key":"Red Skull"},{"floor":31,"key":"Regal Pillow"},{"floor":36,"key":"Girya"},{"floor":43,"key":"Darkstone Periapt"}],"event_choices":[{"damage_healed":0,"gold_gain":0,"player_choice":"Forge","damage_taken":0,"max_hp_gain":0,"max_hp_loss":0,"event_name":"Accursed Blacksmith","floor":3,"gold_loss":0,"cards_upgraded":["True Grit"]},{"damage_healed":0,"gold_gain":0,"player_choice":"Entered Light","damage_taken":16,"max_hp_gain":0,"max_hp_loss":0,"event_name":"Shining Light","floor":5,"gold_loss":0,"cards_upgraded":["Flex","Strike_R"]},{"damage_healed":0,"gold_gain":0,"player_choice":"Fought Mushrooms","damage_taken":0,"max_hp_gain":0,"max_hp_loss":0,"event_name":"Mushrooms","floor":7,"gold_loss":0},{"damage_healed":0,"gold_gain":99,"player_choice":"Stole From Cult","damage_taken":0,"max_hp_gain":0,"max_hp_loss":0,"event_name":"Nest","floor":19,"gold_loss":0},{"damage_healed":0,"gold_gain":0,"player_choice":"Shed Blood","damage_taken":20,"max_hp_gain":5,"max_hp_loss":0,"event_name":"Forgotten Altar","floor":20,"gold_loss":0},{"cards_removed":["Strike_R"],"damage_healed":0,"gold_gain":0,"player_choice":"Gave Gold","damage_taken":0,"max_hp_gain":0,"max_hp_loss":0,"event_name":"Beggar","floor":21,"gold_loss":75},{"damage_healed":0,"gold_gain":0,"player_choice":"Fight","damage_taken":0,"max_hp_gain":0,"max_hp_loss":0,"event_name":"MindBloom","floor":36,"gold_loss":0},{"cards_removed":["Iron Wave"],"damage_healed":0,"gold_gain":0,"player_choice":"Removed Attack","damage_taken":0,"max_hp_gain":0,"max_hp_loss":0,"event_name":"Falling","floor":37,"gold_loss":0},{"damage_healed":0,"gold_gain":0,"player_choice":"Ignored","damage_taken":0,"max_hp_gain":0,"max_hp_loss":0,"event_name":"Mysterious Sphere","floor":38,"gold_loss":0}],"is_beta":true,"boss_relics":[{"not_picked":["Runic Dome","Snecko Eye"],"picked":"Lizard Tail"},{"not_picked":["Runic Cube","Cursed Key"],"picked":"Busted Crown"}],"items_purged_floors":[11,24,30],"is_endless":false,"potions_floor_spawned":[1,6,7,13,14,18,27,33,36,39,41],"killed_by":"Nemesis","ascension_level":9}