{"path_per_floor":["M","?","M","?","?","R","M","?","T","R","?","?","M","M","R","B",null,"M","$","?","?","?","R","E","M","T","R","M","$","?","M","R","B",null,"M","M","M","?","?","R"],"character_chosen":"THE_SILENT","items_purchased":["Sadistic Nature","Noxious Fumes"],"gold_per_floor":[109,59,71,71,146,146,158,158,158,158,158,179,194,210,210,313,313,300,13,13,13,13,13,41,58,58,58,75,0,0,16,16,121,121,141,152,162,162,162,162],"floor_reached":41,"campfire_rested":4,"playtime":2056,"current_hp_per_floor":[53,53,53,46,35,55,54,54,54,54,47,33,32,30,50,27,57,54,54,54,54,54,54,4,4,4,24,10,10,10,10,30,10,53,50,42,22,67,67,67],"items_purged":["Strike_G"],"gold":162,"score":638,"play_id":"0e997da0-9b8c-4c2f-ae2e-044a17ef87ad","local_time":"20180311150122","is_prod":false,"is_daily":false,"is_ascension_mode":true,"campfire_upgraded":3,"timestamp":1520791282,"path_taken":["M","?","M","?","?","R","M","?","T","R","?","?","M","M","R","BOSS","M","$","?","?","?","R","E","M","T","R","M","$","?","M","R","BOSS","M","M","M","?","?","R","E"],"build_version":"2018-03-09","purchased_purges":2,"victory":false,"master_deck":["Defend_G","Defend_G","Defend_G+1","Strike_G","Strike_G","Survivor","Neutralize+1","Flying Knee","Noxious Fumes+1","Backstab","PiercingWail","Escape Plan","Corpse Explosion+1","Sadistic Nature","Noxious Fumes","Sadistic Nature","Dash","Writhe","Bullet Time","Blur"],"max_hp_per_floor":[70,67,67,67,67,67,67,67,67,67,67,67,67,67,67,67,67,67,67,67,67,67,67,67,67,67,67,67,67,67,67,67,67,67,67,67,67,67,67,67],"relics":["Ring of the Snake","War Paint","Bag of Preparation","Juzu Bracelet","Odd Mushroom","Runic Pyramid","Bronze Scales","Ice Cream","Snake Skull","Lizard Tail"],"card_choices":[{"not_picked":["Sucker Punch","Masterful Stab"],"picked":"Flying Knee"},{"not_picked":["Malaise","Distraction"],"picked":"Noxious Fumes"},{"not_picked":["Sucker Punch","Flying Knee"],"picked":"Backstab"},{"not_picked":["Backstab","Sucker Punch"],"picked":"PiercingWail"},{"not_picked":["Bouncing Flask","Slice"],"picked":"Escape Plan"},{"not_picked":["A Thousand Cuts","After Image"],"picked":"Corpse Explosion"},{"not_picked":["Infinite Blades","Quick Slash"],"picked":"Dash"},{"not_picked":["Tools of the Trade","Wraith Form"],"picked":"Bullet Time"},{"not_picked":["Cloak And Dagger","Noxious Fumes"],"picked":"Blur"}],"player_experience":569014,"potions_floor_usage":[13,16,16,16,24,33,33,36,37],"damage_taken":[{"damage":10,"enemies":"Small Slimes","floor":1,"turns":5},{"damage":0,"enemies":"2 Louse","floor":3,"turns":3},{"damage":1,"enemies":"Jaw Worm","floor":7,"turns":3},{"damage":14,"enemies":"The Mushroom Lair","floor":12,"turns":6},{"damage":1,"enemies":"Large Slime","floor":13,"turns":7},{"damage":2,"enemies":"3 Louse","floor":14,"turns":3},{"damage":23,"enemies":"The Guardian","floor":16,"turns":14},{"damage":3,"enemies":"2 Thieves","floor":18,"turns":4},{"damage":50,"enemies":"Gremlin Leader","floor":24,"turns":8},{"damage":0,"enemies":"3 Byrds","floor":25,"turns":2},{"damage":14,"enemies":"Snake Plant","floor":28,"turns":4},{"damage":0,"enemies":"Chosen and Byrds","floor":31,"turns":5},{"damage":20,"enemies":"Collector","floor":33,"turns":9},{"damage":3,"enemies":"Orb Walker","floor":35,"turns":4},{"damage":20,"enemies":"3 Shapes","floor":36,"turns":5},{"damage":67,"enemies":"Sphere and 2 Shapes","floor":37,"turns":10},{"damage":68,"enemies":"Nemesis","floor":41,"turns":7}],"event_choices":[{"event_name":"The Cleric","player_choice":"Card Removal","floor":2,"damage_taken":0},{"event_name":"Scrap Ooze","player_choice":"success","floor":4,"damage_taken":7},{"event_name":"World of Goop","player_choice":"Gather Gold","floor":5,"damage_taken":0},{"event_name":"Bonfire Elementals","player_choice":"BASIC","floor":8,"damage_taken":0},{"event_name":"Golden Wing","player_choice":"Card Removal","floor":11,"damage_taken":0},{"event_name":"Mushrooms","player_choice":"Fought Mushrooms","floor":12,"damage_taken":0},{"event_name":"Beggar","player_choice":"Ignored","floor":20,"damage_taken":0},{"event_name":"Back to Basics","player_choice":"Elegance","floor":21,"damage_taken":0},{"event_name":"Duplicator","player_choice":"One dupe","floor":22,"damage_taken":0},{"event_name":"The Mausoleum","player_choice":"Yes","floor":30,"damage_taken":0},{"event_name":"Wheel of Change","player_choice":"Full Heal","floor":38,"damage_taken":0}],"boss_relics":[{"not_picked":["Eternal Feather","Question Card"],"picked":"Runic Pyramid"},{"not_picked":["Tiny House","Philosopher\u0027s Stone"],"picked":"Lizard Tail"}],"potions_floor_spawned":[7,12,13,14,18,28,31,33,36],"seed_played":"-2291006032520348202","killed_by":"Nemesis","ascension_level":12,"is_trial":false}