{"path_per_floor":["M","$","?","$","M","R","?","R","T","M","E","R","$","?","R","B",null,"M","M","?","M","?","R","E","R","T","R","M","M","$","E","R","B",null,"M","?","?","M","?","E","T","R","T","M","$","R"],"character_chosen":"IRONCLAD","items_purchased":["Armaments","True Grit","Panache","Sentinel","Infernal Blade"],"gold_per_floor":[119,44,44,22,35,35,35,35,35,50,84,84,32,61,61,157,157,171,189,114,128,128,128,153,153,204,204,220,231,10,41,41,146,146,162,162,162,178,178,207,207,207,207,222,47,47],"floor_reached":47,"campfire_rested":5,"playtime":2615,"current_hp_per_floor":[76,76,76,76,80,80,80,80,80,76,79,79,79,79,79,34,80,53,33,33,16,22,47,43,43,43,68,64,53,53,25,50,78,86,74,74,74,29,51,11,11,36,50,21,21,51],"items_purged":["Strike_R","Defend_R"],"gold":47,"score":579,"play_id":"c46e73f2-548c-4d6f-b2cc-5b4eabf1786e","local_time":"20180306232034","is_prod":false,"is_daily":false,"is_ascension_mode":true,"campfire_upgraded":5,"timestamp":1520389234,"path_taken":["M","$","?","?","M","R","?","R","T","?","E","R","$","?","R","BOSS","M","M","?","M","?","R","E","R","T","R","M","?","?","E","R","BOSS","M","?","?","M","?","E","?","R","T","M","$","R","E"],"build_version":"2018-03-01-PROD1","purchased_purges":2,"victory":false,"master_deck":["Strike_R+1","Strike_R+1","Defend_R","Defend_R","Bash+1","Rampage+1","Armaments+1","True Grit+1","Double Tap+1","Second Wind+1","Corruption","Writhe","Dual Wield","Pummel","Panache","Sentinel","Spot Weakness+1","Infernal Blade"],"max_hp_per_floor":[80,80,80,80,80,80,80,80,80,80,80,80,80,80,80,80,80,80,80,80,80,86,86,86,86,86,86,86,86,86,86,86,86,86,86,86,86,86,86,86,86,86,100,100,100,100],"relics":["Burning Blood","Dead Branch","Darkstone Periapt","Odd Mushroom","Sozu","Paper Frog","Pantograph","Omamori","Blue Candle","Mark of Pain","Vajra","Whetstone","Mango"],"card_choices":[{"not_picked":["Metallicize","Anger"],"picked":"Rampage"},{"not_picked":["Immolate","Barricade"],"picked":"Double Tap"},{"not_picked":["Sword Boomerang","Reckless Charge"],"picked":"Second Wind"},{"not_picked":["Searing Blow","Clothesline"],"picked":"Corruption"},{"not_picked":["Headbutt","True Grit"],"picked":"Dual Wield"},{"not_picked":["Anger","Thunderclap"],"picked":"Pummel"},{"not_picked":["Corruption","Thunderclap"],"picked":"Spot Weakness"}],"player_experience":506424,"potions_floor_usage":[14,16,19],"damage_taken":[{"damage":10,"enemies":"2 Louse","floor":1,"turns":3},{"damage":1,"enemies":"Cultist","floor":5,"turns":3},{"damage":10,"enemies":"Small Slimes","floor":10,"turns":3},{"damage":18,"enemies":"3 Sentries","floor":11,"turns":7},{"damage":6,"enemies":"The Mushroom Lair","floor":14,"turns":5},{"damage":51,"enemies":"The Guardian","floor":16,"turns":11},{"damage":33,"enemies":"Shell Parasite","floor":18,"turns":5},{"damage":26,"enemies":"2 Thieves","floor":19,"turns":4},{"damage":23,"enemies":"Centurion and Healer","floor":21,"turns":6},{"damage":10,"enemies":"Gremlin Leader","floor":24,"turns":4},{"damage":10,"enemies":"Snake Plant","floor":28,"turns":2},{"damage":17,"enemies":"Sentry and Sphere","floor":29,"turns":6},{"damage":34,"enemies":"Slavers","floor":31,"turns":4},{"damage":3,"enemies":"Automaton","floor":33,"turns":5},{"damage":18,"enemies":"3 Shapes","floor":35,"turns":5},{"damage":51,"enemies":"3 Darklings","floor":38,"turns":3},{"damage":46,"enemies":"Giant Head","floor":40,"turns":6},{"damage":35,"enemies":"Sphere and 2 Shapes","floor":44,"turns":6},{"damage":57,"enemies":"Nemesis","floor":47,"turns":6}],"event_choices":[{"event_name":"Purifier","player_choice":"One Purge","floor":3,"damage_taken":0},{"event_name":"The Cleric","player_choice":"Leave","floor":7,"damage_taken":0},{"event_name":"Mushrooms","player_choice":"Fought Mushrooms","floor":14,"damage_taken":0},{"event_name":"Beggar","player_choice":"Gave Gold","floor":20,"damage_taken":0},{"event_name":"The Mausoleum","player_choice":"Yes","floor":22,"damage_taken":0},{"event_name":"Mysterious Sphere","player_choice":"Ignore","floor":36,"damage_taken":0},{"event_name":"Bonfire Elementals","player_choice":"BASIC","floor":37,"damage_taken":0},{"event_name":"Winding Halls","player_choice":"Writhe","floor":39,"damage_taken":0}],"boss_relics":[{"not_picked":["Runic Pyramid","Black Blood"],"picked":"Sozu"},{"not_picked":["Snecko Eye","Philosopher\u0027s Stone"],"picked":"Mark of Pain"}],"potions_floor_spawned":[1,10,16,18,24,35,44],"seed_played":"-2798643107382464254","killed_by":"Nemesis","ascension_level":4,"is_trial":false}