{"gold_per_floor":[115,115,134,134,134,169,179,104,104,115,15,15,15,46,46,46],"floor_reached":16,"playtime":393,"items_purged":["Strike_G","Night Terror"],"score":226,"play_id":"d3f128e1-e830-4800-90f1-bf03e870a47c","local_time":"20181117121131","is_ascension_mode":true,"campfire_choices":[{"floor":15,"key":"REST"}],"neow_cost":"NONE","seed_source_timestamp":4831077140674,"circlet_count":0,"master_deck":["AscendersBane","Defend_G","Defend_G","Defend_G","Defend_G","Defend_G","Strike_G","Strike_G","Strike_G","Strike_G","Survivor","Neutralize","Deadly Poison","Dagger Spray","Reflex"],"relics":["Ring of the Snake","NeowsBlessing","Strawberry","Omamori","Thread and Needle","Unceasing Top","Shovel"],"potions_floor_usage":[7,10],"damage_taken":[{"damage":0,"enemies":"Cultist","floor":1,"turns":1},{"damage":0,"enemies":"2 Louse","floor":3,"turns":1},{"damage":0,"enemies":"Lagavulin","floor":6,"turns":1},{"damage":0,"enemies":"Jaw Worm","floor":7,"turns":4},{"damage":0,"enemies":"Large Slime","floor":10,"turns":5},{"damage":35,"enemies":"Gremlin Nob","floor":14,"turns":5},{"damage":7,"enemies":"Hexaghost","floor":16,"turns":8}],"seed_played":"-3021699995789972228","potions_obtained":[{"floor":3,"key":"Dexterity Potion"},{"floor":5,"key":"AttackPotion"},{"floor":7,"key":"Explosive Potion"},{"floor":14,"key":"Block Potion"}],"is_trial":false,"path_per_floor":["M","T","M","?","?","E","M","$","T","M","$","$","?","E","R","B"],"character_chosen":"THE_SILENT","items_purchased":[],"campfire_rested":1,"item_purchase_floors":[],"current_hp_per_floor":[59,66,66,59,59,59,59,59,59,59,59,59,59,24,45,38],"gold":46,"neow_bonus":"THREE_ENEMY_KILL","is_prod":false,"is_daily":false,"chose_seed":false,"campfire_upgraded":0,"win_rate":0,"timestamp":1542463891,"path_taken":["M","?","?","?","?","E","?","$","T","M","?","$","?","E","R","BOSS"],"build_version":"2018-11-15","purchased_purges":2,"victory":false,"max_hp_per_floor":[66,73,73,73,73,73,73,73,73,73,73,73,73,73,73,73],"card_choices":[{"not_picked":["Bane","PiercingWail","Underhanded Strike"],"picked":"SKIP","floor":1},{"not_picked":["Dagger Throw","Flying Knee"],"picked":"Deadly Poison","floor":3},{"not_picked":["Blade Dance","Dagger Throw"],"picked":"Night Terror","floor":6},{"not_picked":["Riddle With Holes","Dagger Throw"],"picked":"Dagger Spray","floor":7},{"not_picked":["Well Laid Plans","Expertise","Cloak And Dagger"],"picked":"SKIP","floor":10},{"not_picked":["Backflip","Cloak And Dagger"],"picked":"Reflex","floor":14}],"player_experience":883945,"relics_obtained":[{"floor":2,"key":"Strawberry"},{"floor":6,"key":"Thread and Needle"},{"floor":9,"key":"Unceasing Top"},{"floor":14,"key":"Shovel"}],"event_choices":[{"damage_healed":0,"gold_gain":0,"player_choice":"Success","damage_taken":7,"relics_obtained":["Omamori"],"max_hp_gain":0,"max_hp_loss":0,"event_name":"Scrap Ooze","floor":4,"gold_loss":0},{"damage_healed":0,"gold_gain":0,"player_choice":"Got Potions","damage_taken":0,"max_hp_gain":0,"max_hp_loss":0,"event_name":"Lab","floor":5,"gold_loss":0},{"damage_healed":0,"gold_gain":0,"player_choice":"Ignored","damage_taken":0,"max_hp_gain":0,"max_hp_loss":0,"event_name":"Golden Idol","floor":13,"gold_loss":0}],"is_beta":true,"boss_relics":[],"items_purged_floors":[8,11],"is_endless":false,"potions_floor_spawned":[3,7,14],"killed_by":"Hexaghost","ascension_level":14}