{"path_per_floor":["M","?","$","?","?","R","M","E","T","$","?","M","M","?","R","B",null,"M","?","M","?","M","E","R","M","T","E","?","$","?","?","R","B",null,"M","?","M","M","?","R","M","$","T","M","M","R","M"],"character_chosen":"IRONCLAD","items_purchased":["Whirlwind","Clash","Flex","Regen Potion"],"gold_per_floor":[113,113,37,112,112,112,130,155,155,29,29,46,61,61,61,165,165,165,165,165,165,165,165,165,165,165,165,90,67,67,67,67,67,67,67,67,67,67,67,67,67,15,15,15,15,15,15],"floor_reached":48,"campfire_rested":3,"playtime":2848,"current_hp_per_floor":[80,80,80,69,62,62,50,47,47,47,39,45,51,51,51,26,80,80,80,72,72,64,35,74,56,56,47,47,47,31,31,70,20,80,71,71,50,42,42,42,29,29,29,22,15,54,60],"items_purged":["Strike_R"],"gold":15,"score":529,"play_id":"a0b6a5db-d42e-4e7a-a5bd-5a16dcf3d10f","local_time":"20180306201629","is_prod":false,"is_daily":false,"is_ascension_mode":true,"campfire_upgraded":3,"timestamp":1520378189,"path_taken":["M","?","$","?","?","R","M","E","T","?","?","?","M","?","R","BOSS","M","?","M","?","M","E","R","M","T","E","?","$","?","?","R","BOSS","M","?","M","M","?","R","M","?","T","M","M","R","M","M"],"build_version":"2018-03-01-PROD1","purchased_purges":1,"victory":false,"master_deck":["Strike_R","Defend_R","Bash","Dual Wield+1","Whirlwind+1","Clothesline","Reckless Charge","Clash","Headbutt","Fiend Fire","True Grit+1","Burning Pact+1","Demon Form","Havoc","Flex","Necronomicurse","True Grit+1"],"max_hp_per_floor":[80,80,80,80,80,80,80,80,80,80,80,80,80,80,80,80,80,80,80,80,80,80,80,80,80,80,80,80,80,80,80,80,80,80,80,80,80,80,80,80,80,80,80,80,80,80,80],"relics":["Burning Blood","Ornamental Fan","Red Skull","Orichalcum","Ectoplasm","Regal Pillow","Bottled Tornado","War Paint","Necronomicon","Mark of Pain","Anchor"],"card_choices":[{"not_picked":["Body Slam","Pommel Strike"],"picked":"Dual Wield"},{"not_picked":["Heavy Blade","Sword Boomerang"],"picked":"Clothesline"},{"not_picked":["Brutality","Perfected Strike"],"picked":"Reckless Charge"},{"not_picked":["Shrug It Off","Dropkick"],"picked":"Headbutt"},{"not_picked":["Offering","Barricade"],"picked":"Fiend Fire"},{"not_picked":["Second Wind","Cleave"],"picked":"True Grit"},{"not_picked":["Pummel","Ghostly Armor"],"picked":"Demon Form"},{"not_picked":["Immolate","Dropkick"],"picked":"Havoc"},{"not_picked":["Dropkick","Iron Wave"],"picked":"True Grit"}],"player_experience":495323,"potions_floor_usage":[8,20,27,27,41,44,44,44,48],"damage_taken":[{"damage":0,"enemies":"2 Louse","floor":1,"turns":2},{"damage":18,"enemies":"Jaw Worm","floor":7,"turns":4},{"damage":9,"enemies":"3 Sentries","floor":8,"turns":3},{"damage":0,"enemies":"Small Slimes","floor":12,"turns":2},{"damage":0,"enemies":"Exordium Wildlife","floor":13,"turns":2},{"damage":31,"enemies":"The Guardian","floor":16,"turns":10},{"damage":1,"enemies":"3 Byrds","floor":18,"turns":3},{"damage":14,"enemies":"Shell Parasite","floor":20,"turns":3},{"damage":14,"enemies":"3 Cultists","floor":22,"turns":4},{"damage":35,"enemies":"Book of Stabbing","floor":23,"turns":5},{"damage":24,"enemies":"Snake Plant","floor":25,"turns":3},{"damage":15,"enemies":"Gremlin Leader","floor":27,"turns":6},{"damage":56,"enemies":"Champ","floor":33,"turns":8},{"damage":15,"enemies":"3 Darklings","floor":35,"turns":3},{"damage":27,"enemies":"3 Shapes","floor":37,"turns":2},{"damage":14,"enemies":"3 Darklings","floor":38,"turns":2},{"damage":19,"enemies":"4 Shapes","floor":41,"turns":3},{"damage":28,"enemies":"Sphere and 2 Shapes","floor":44,"turns":12},{"damage":13,"enemies":"Maw","floor":45,"turns":6},{"damage":0,"enemies":"3 Darklings","floor":47,"turns":1},{"damage":86,"enemies":"4 Shapes","floor":48,"turns":13}],"event_choices":[{"event_name":"Living Wall","player_choice":"Forget","floor":2,"damage_taken":0},{"event_name":"World of Goop","player_choice":"Gather Gold","floor":4,"damage_taken":0},{"event_name":"Golden Wing","player_choice":"Card Removal","floor":5,"damage_taken":0},{"event_name":"Wheel of Change","player_choice":"Damage","floor":11,"damage_taken":0},{"event_name":"Dead Adventurer","player_choice":"Searched \u00271\u0027 times","floor":14,"damage_taken":0},{"event_name":"The Woman in Blue","player_choice":"Bought 0 Potions","floor":19,"damage_taken":0},{"event_name":"The Library","player_choice":"Read","floor":21,"damage_taken":0},{"event_name":"Beggar","player_choice":"Gave Gold","floor":28,"damage_taken":0},{"event_name":"Cursed Tome","player_choice":"Obtained Book","floor":30,"damage_taken":0},{"event_name":"Bonfire Elementals","player_choice":"BASIC","floor":31,"damage_taken":0},{"event_name":"Mysterious Sphere","player_choice":"Ignore","floor":36,"damage_taken":0}],"boss_relics":[{"not_picked":["Snecko Eye","Tiny House"],"picked":"Ectoplasm"},{"not_picked":["Runic Pyramid","Sozu"],"picked":"Mark of Pain"}],"potions_floor_spawned":[7,8,23,25,35,37,38,45],"seed_played":"-9040289215661976428","killed_by":"4 Shapes","ascension_level":4,"is_trial":false}