{"gold_per_floor":[368,368,368,381,396,396,416,416,416,44,57,57,57,71,71,175,175,191,236,253,253,215,215,248,258,258,258,53,68,79,113,113,211,211,225,225,240,257,170,204,204,236,261,261,261],"floor_reached":45,"playtime":2951,"items_purged":["Strike_B","Strike_B"],"score":654,"play_id":"3ac9e362-7b48-4dde-b433-cb0b3632770c","local_time":"20190303113516","is_ascension_mode":true,"campfire_choices":[{"data":"Zap","floor":6,"key":"SMITH"},{"data":"Self Repair","floor":8,"key":"SMITH"},{"data":"Static Discharge","floor":13,"key":"SMITH"},{"floor":15,"key":"REST"},{"data":"Dualcast","floor":23,"key":"SMITH"},{"data":"Defragment","floor":27,"key":"SMITH"},{"floor":32,"key":"REST"},{"data":"Loop","floor":41,"key":"SMITH"},{"data":"Machine Learning","floor":44,"key":"SMITH"}],"neow_cost":"CURSE","seed_source_timestamp":80032426668213,"circlet_count":0,"master_deck":["Defend_B","Defend_B","Defend_B","Defend_B","Zap+1","Dualcast+1","Conserve Battery","Self Repair+1","Static Discharge+1","Coolheaded","Chaos+1","Go for the Eyes","FTL","BootSequence","All For One","Beam Cell+1","Rip and Tear","Defragment+1","Beam Cell","Defragment+1","Seek","Machine Learning+1","Go for the Eyes","Tempest","Go for the Eyes+1","Steam+1","Loop+1","Rebound","All For One"],"relics":["Cracked Core","Shuriken","Ginger","Eternal Feather","PreservedInsect","Smiling Mask","Mummified Hand","Oddly Smooth Stone","Bottled Flame","Empty Cage","Bottled Lightning","Strawberry","Pen Nib"],"potions_floor_usage":[7,18,29,31,35,40,45,45],"damage_taken":[{"damage":13,"enemies":"2 Louse","floor":1,"turns":2},{"damage":6,"enemies":"Small Slimes","floor":4,"turns":3},{"damage":0,"enemies":"Cultist","floor":5,"turns":3},{"damage":0,"enemies":"Gremlin Gang","floor":7,"turns":2},{"damage":17,"enemies":"Exordium Thugs","floor":11,"turns":4},{"damage":14,"enemies":"3 Louse","floor":14,"turns":3},{"damage":39,"enemies":"Hexaghost","floor":16,"turns":10},{"damage":10,"enemies":"Chosen","floor":18,"turns":4},{"damage":16,"enemies":"Shell Parasite","floor":20,"turns":4},{"damage":15,"enemies":"Book of Stabbing","floor":24,"turns":3},{"damage":27,"enemies":"Snake Plant","floor":25,"turns":4},{"damage":26,"enemies":"Snecko","floor":29,"turns":5},{"damage":12,"enemies":"Sentry and Sphere","floor":30,"turns":3},{"damage":21,"enemies":"Slavers","floor":31,"turns":4},{"damage":35,"enemies":"Automaton","floor":33,"turns":7},{"damage":45,"enemies":"3 Darklings","floor":35,"turns":5},{"damage":3,"enemies":"3 Shapes","floor":37,"turns":4},{"damage":15,"enemies":"3 Darklings","floor":38,"turns":5},{"damage":29,"enemies":"Reptomancer","floor":40,"turns":4},{"damage":1,"enemies":"Giant Head","floor":42,"turns":6},{"damage":94,"enemies":"Writhing Mass","floor":45,"turns":3}],"seed_played":"-8226616313641143543","potions_obtained":[{"floor":1,"key":"Swift Potion"},{"floor":3,"key":"PowerPotion"},{"floor":3,"key":"SmokeBomb"},{"floor":5,"key":"Strength Potion"},{"floor":11,"key":"Energy Potion"},{"floor":25,"key":"FearPotion"},{"floor":29,"key":"EssenceOfSteel"},{"floor":31,"key":"Ancient Potion"},{"floor":38,"key":"AttackPotion"},{"floor":42,"key":"Dexterity Potion"}],"is_trial":false,"path_per_floor":["M","?","?","M","M","R","M","R","T","$","M","?","R","M","R","B",null,"M","T","M","?","$","R","E","M","T","R","$","M","M","E","R","B",null,"M","?","M","M","$","E","R","E","T","R","M"],"character_chosen":"DEFECT","items_purchased":["Chaos","Go for the Eyes","Ginger","Rip and Tear","Oddly Smooth Stone","Loop"],"campfire_rested":2,"item_purchase_floors":[10,10,10,22,28,39],"current_hp_per_floor":[55,48,48,42,49,49,56,56,56,56,49,49,49,35,57,28,63,63,63,57,75,75,75,70,53,53,65,65,49,47,36,70,45,68,33,33,40,35,35,16,31,47,47,62,0],"gold":261,"neow_bonus":"TWO_FIFTY_GOLD","is_prod":false,"is_daily":false,"chose_seed":false,"campfire_upgraded":7,"win_rate":0,"timestamp":1551641716,"path_taken":["M","?","?","?","M","R","?","R","T","?","M","?","R","M","R","BOSS","M","?","M","?","?","R","E","M","T","R","$","M","M","E","R","BOSS","M","?","?","?","?","E","R","E","T","R","M"],"build_version":"2019-01-23","purchased_purges":2,"victory":false,"max_hp_per_floor":[75,75,75,75,75,75,75,75,75,75,75,75,75,75,75,75,75,75,75,75,75,75,75,75,75,75,75,75,75,75,75,75,75,75,75,75,75,75,75,75,75,82,82,82,82],"card_choices":[{"not_picked":["Auto Shields","Sweeping Beam"],"picked":"Conserve Battery","floor":1},{"not_picked":["Stack","Barrage"],"picked":"Self Repair","floor":4},{"not_picked":["Fission","Redo"],"picked":"Static Discharge","floor":5},{"not_picked":["Barrage","Hologram"],"picked":"Coolheaded","floor":7},{"not_picked":["Compile Driver","Leap"],"picked":"FTL","floor":11},{"not_picked":["Doom and Gloom","Rebound"],"picked":"BootSequence","floor":14},{"not_picked":["Rainbow","Hyperbeam"],"picked":"All For One","floor":16},{"not_picked":["Stack+1","Cold Snap+1"],"picked":"Beam Cell+1","floor":18},{"not_picked":["Sunder","Compile Driver","Coolheaded"],"picked":"SKIP","floor":20},{"not_picked":["Meteor Strike","Coolheaded"],"picked":"Defragment","floor":24},{"not_picked":["Heatsinks","Cold Snap"],"picked":"Beam Cell","floor":25},{"not_picked":["Barrage","Compile Driver"],"picked":"Defragment+1","floor":29},{"not_picked":["Aggregate","Ball Lightning","Sweeping Beam"],"picked":"SKIP","floor":30},{"not_picked":["Sweeping Beam","Capacitor"],"picked":"Seek","floor":31},{"not_picked":["Core Surge","Biased Cognition"],"picked":"Machine Learning","floor":33},{"not_picked":["Genetic Algorithm+1","Rebound"],"picked":"Go for the Eyes","floor":35},{"not_picked":["Conserve Battery","Rip and Tear+1"],"picked":"Go for the Eyes+1","floor":37},{"not_picked":["Hello World+1","Coolheaded+1"],"picked":"Steam+1","floor":38},{"not_picked":["Compile Driver+1","Turbo"],"picked":"Rebound","floor":40},{"not_picked":["Rebound+1","White Noise+1"],"picked":"All For One","floor":42}],"player_experience":385391,"relics_obtained":[{"floor":9,"key":"Shuriken"},{"floor":19,"key":"PreservedInsect"},{"floor":24,"key":"Smiling Mask"},{"floor":26,"key":"Mummified Hand"},{"floor":31,"key":"Bottled Flame"},{"floor":40,"key":"Bottled Lightning"},{"floor":42,"key":"Strawberry"},{"floor":43,"key":"Pen Nib"}],"event_choices":[{"cards_removed":["Pain"],"damage_healed":0,"gold_gain":0,"player_choice":"Card Removal","damage_taken":7,"max_hp_gain":0,"max_hp_loss":0,"event_name":"Golden Wing","floor":2,"gold_loss":0},{"damage_healed":0,"gold_gain":0,"player_choice":"Got Potions","damage_taken":0,"max_hp_gain":0,"max_hp_loss":0,"event_name":"Lab","floor":3,"gold_loss":0},{"damage_healed":0,"gold_gain":0,"player_choice":"Upgraded","damage_taken":0,"max_hp_gain":0,"max_hp_loss":0,"event_name":"Upgrade Shrine","floor":12,"gold_loss":0,"cards_upgraded":["Chaos"]},{"damage_healed":25,"gold_gain":0,"player_choice":"Heal","damage_taken":0,"max_hp_gain":0,"max_hp_loss":0,"event_name":"The Library","floor":21,"gold_loss":0},{"damage_healed":0,"gold_gain":0,"player_choice":"1 cards matched","damage_taken":0,"max_hp_gain":0,"max_hp_loss":0,"event_name":"Match and Keep!","floor":36,"gold_loss":0,"cards_obtained":["Tempest"]}],"is_beta":false,"boss_relics":[{"not_picked":["Lizard Tail","Sozu"],"picked":"Eternal Feather"},{"not_picked":["Orrery","Pandora\u0027s Box"],"picked":"Empty Cage"}],"items_purged_floors":[28,39],"is_endless":false,"potions_floor_spawned":[1,5,11,25,29,31,38,42],"killed_by":"Writhing Mass","ascension_level":6}