{"gold_per_floor":[144,34,34,79,124,124,214,259,259,304,182,182,231,280,280,605,605,654,703,752,801,801],"floor_reached":22,"playtime":1650,"items_purged":["Strike_R","Strike_R"],"score":217,"play_id":"c3b573cb-ee41-416b-ab67-ad92c7d956fb","local_time":"20180723204229","daily_mods":["Diverse","Midas","Uncertain Future"],"is_ascension_mode":false,"campfire_choices":[{"floor":6,"key":"REST"},{"floor":15,"key":"REST"}],"neow_cost":"","seed_source_timestamp":0,"circlet_count":0,"master_deck":["Strike_R","Strike_R","Strike_R","Defend_R","Defend_R","Defend_R","Defend_R","Bash","Warcry","Darkness","Static Discharge","Beam Cell","Offering","Concentrate","Combust","Dagger Throw","Injury","Leap","Sweeping Beam","Seek","Conserve Battery+1","Body Slam+1","Leap+1"],"special_seed":17736,"relics":["Burning Blood","Potion Belt","Nunchaku","Golden Idol","Eternal Feather"],"potions_floor_usage":[16,16,19,20,21,21,21,21,21,21,22],"damage_taken":[{"damage":0,"enemies":"2 Louse","floor":1,"turns":2},{"damage":15,"enemies":"Jaw Worm","floor":4,"turns":5},{"damage":1,"enemies":"Cultist","floor":5,"turns":3},{"damage":25,"enemies":"3 Sentries","floor":7,"turns":7},{"damage":34,"enemies":"Exordium Thugs","floor":8,"turns":4},{"damage":15,"enemies":"Large Slime","floor":10,"turns":4},{"damage":8,"enemies":"Looter","floor":13,"turns":3},{"damage":11,"enemies":"3 Louse","floor":14,"turns":3},{"damage":40,"enemies":"Hexaghost","floor":16,"turns":9},{"damage":24,"enemies":"3 Byrds","floor":18,"turns":4},{"damage":32,"enemies":"2 Thieves","floor":19,"turns":5},{"damage":32,"enemies":"Snake Plant","floor":20,"turns":3},{"damage":1,"enemies":"Centurion and Healer","floor":21,"turns":2},{"damage":19,"enemies":"Sentry and Sphere","floor":22,"turns":4}],"seed_played":"-218002140433653239","potions_obtained":[{"floor":4,"key":"SteroidPotion"},{"floor":7,"key":"PowerPotion"},{"floor":8,"key":"Block Potion"},{"floor":16,"key":"EntropicBrew"},{"floor":18,"key":"Block Potion"},{"floor":19,"key":"Explosive Potion"}],"is_trial":false,"path_per_floor":["M","$","?","M","M","R","E","M","T","M","$","?","M","M","R","B",null,"M","M","M","M"],"character_chosen":"IRONCLAD","items_purchased":["Darkness","Dagger Throw"],"campfire_rested":2,"item_purchase_floors":[2,11],"current_hp_per_floor":[80,80,80,71,76,80,61,33,33,24,24,24,22,17,41,7,80,62,36,10,15,0],"gold":801,"neow_bonus":"","is_prod":false,"is_daily":true,"chose_seed":false,"campfire_upgraded":0,"win_rate":0,"timestamp":1532403749,"path_taken":["M","$","?","M","M","R","E","M","T","M","?","?","M","M","R","BOSS","M","M","M","M","M"],"build_version":"2018-07-19v2","purchased_purges":2,"victory":false,"max_hp_per_floor":[80,80,80,80,80,80,80,80,80,80,80,80,80,80,80,80,80,80,80,80,80,80],"card_choices":[{"not_picked":["Underhanded Strike","Body Slam"],"picked":"Warcry","floor":1},{"not_picked":["Expertise","Disarm"],"picked":"Static Discharge","floor":4},{"not_picked":["Lockon","Dodge and Roll"],"picked":"Beam Cell","floor":5},{"not_picked":["Calculated Gamble","All For One"],"picked":"Offering","floor":7},{"not_picked":["True Grit","Blizzard"],"picked":"Concentrate","floor":8},{"not_picked":["Deflect","Poisoned Stab"],"picked":"Combust","floor":10},{"not_picked":["Cold Snap","Stack"],"picked":"Leap","floor":13},{"not_picked":["Outmaneuver","Clash"],"picked":"Sweeping Beam","floor":14},{"not_picked":["Barricade","Biased Cognition"],"picked":"Seek","floor":16},{"not_picked":["Havoc","Armaments"],"picked":"Conserve Battery+1","floor":18},{"not_picked":["Endless Agony+1","Outmaneuver"],"picked":"Body Slam+1","floor":19},{"not_picked":["Quick Slash","Anger"],"picked":"Leap+1","floor":20},{"not_picked":["Catalyst","Clash","Barrage+1"],"picked":"SKIP","floor":21}],"player_experience":80261,"relics_obtained":[{"floor":7,"key":"Potion Belt"},{"floor":9,"key":"Nunchaku"}],"event_choices":[{"event_name":"Liars Game","player_choice":"disagreed","floor":3,"damage_taken":0},{"event_name":"Golden Idol","player_choice":"Take Wound","floor":12,"damage_taken":0}],"is_beta":false,"boss_relics":[{"not_picked":["Sozu","Runic Cube"],"picked":"Eternal Feather"}],"items_purged_floors":[2,11],"is_endless":false,"potions_floor_spawned":[4,7,8,16,18,19],"killed_by":"Sentry and Sphere","ascension_level":0}