{"gold_per_floor":[113,113,24,24,41,41,68,68,139,18,18,18,18,31,31,132,132,145,156,156,20,36,36,56,56,56,56,71,106,57,74,74,170,170,187,187,204,204,204,204,220,220,220,231,64,82,1,18,18,18],"floor_reached":50,"playtime":1911,"items_purged":["Strike_B","Strike_B"],"score":552,"play_id":"9275034e-1cec-4791-827d-1113db80dd11","local_time":"20190228114142","is_ascension_mode":true,"campfire_choices":[{"data":"Sunder","floor":6.0,"key":"SMITH"},{"data":"Fusion","floor":8.0,"key":"SMITH"},{"data":"Steam","floor":11.0,"key":"SMITH"},{"data":"Leap","floor":15.0,"key":"SMITH"},{"data":"Fission","floor":23,"key":"SMITH"},{"data":"Chill","floor":25,"key":"SMITH"},{"data":"1","floor":27,"key":"LIFT"},{"floor":32,"key":"REST"},{"data":"2","floor":40,"key":"LIFT"},{"floor":42,"key":"REST"},{"floor":49,"key":"REST"}],"neow_cost":"NONE","seed_source_timestamp":0,"circlet_count":0,"master_deck":["Strike_B","Defend_B","Defend_B","Defend_B+1","Zap","Dualcast+1","Fusion+1","Sunder+1","Cold Snap","Chill+1","Steam+1","Leap+1","FTL","Fission+1","Undo","FTL","Barrage","Doom and Gloom","Ball Lightning","Secret Technique","Hologram+1","Rip and Tear","Defragment","Glacier","Beam Cell","Defragment","Capacitor","Parasite"],"special_seed":0,"relics":["Cracked Core","Kunai","Mummified Hand","Busted Crown","Girya","Vajra","Black Star","Happy Flower"],"potions_floor_usage":[33,33,41,41],"damage_taken":[{"damage":1.0,"enemies":"2 Louse","floor":1.0,"turns":3.0},{"damage":2.0,"enemies":"Small Slimes","floor":5.0,"turns":2.0},{"damage":4.0,"enemies":"Gremlin Nob","floor":7.0,"turns":3.0},{"damage":0.0,"enemies":"Jaw Worm","floor":14.0,"turns":4.0},{"damage":8.0,"enemies":"Slime Boss","floor":16.0,"turns":11.0},{"damage":6.0,"enemies":"2 Thieves","floor":18.0,"turns":5.0},{"damage":11,"enemies":"3 Byrds","floor":19,"turns":6},{"damage":0,"enemies":"Snecko","floor":22,"turns":5},{"damage":5,"enemies":"Sentry and Sphere","floor":24,"turns":8},{"damage":0,"enemies":"Centurion and Healer","floor":28,"turns":6},{"damage":5,"enemies":"Slavers","floor":29,"turns":8},{"damage":5,"enemies":"Cultist and Chosen","floor":31,"turns":4},{"damage":43,"enemies":"Champ","floor":33,"turns":13},{"damage":35,"enemies":"3 Shapes","floor":35,"turns":4},{"damage":0,"enemies":"Orb Walker","floor":37,"turns":3},{"damage":35,"enemies":"Transient","floor":41,"turns":5},{"damage":5,"enemies":"Maw","floor":44,"turns":7},{"damage":0,"enemies":"Sphere and 2 Shapes","floor":46,"turns":3},{"damage":22,"enemies":"Writhing Mass","floor":48,"turns":5},{"damage":45,"enemies":"Time Eater","floor":50,"turns":2}],"seed_played":"-8280542681387670690","potions_obtained":[{"floor":0.0,"key":"Ancient Potion"},{"floor":0.0,"key":"Swift Potion"},{"floor":0.0,"key":"Swift Potion"},{"floor":16.0,"key":"Ancient Potion"},{"floor":24,"key":"SpeedPotion"},{"floor":33,"key":"Regen Potion"},{"floor":35,"key":"SkillPotion"},{"floor":48,"key":"Poison Potion"}],"is_trial":false,"path_per_floor":["M","?","$","?","M","R","E","R","T","$","R","?","$","M","R","B",null,"M","M","?","$","M","R","M","R","T","R","M","E","$","M","R","B",null,"M","?","M","?","?","R","M","R","T","M","$","M","$","M","R","B"],"character_chosen":"DEFECT","items_purchased":["Sunder","Cold Snap","Leap","FTL","Ball Lightning","Defragment","Glacier","Beam Cell","Capacitor"],"campfire_rested":3,"item_purchase_floors":[3,3,10,21,30,45,45,45,47],"current_hp_per_floor":[74,59,59,52,50,50,46,46,46,46,46,46,46,46,46,38,75,69,58,44,44,44,44,39,39,39,39,39,34,34,29,53,10,80,45,45,45,45,45,45,24,48,48,43,43,43,43,21,45,0],"gold":18,"neow_bonus":"THREE_SMALL_POTIONS","is_prod":false,"is_daily":false,"chose_seed":false,"campfire_upgraded":6,"win_rate":0,"timestamp":1551375702,"path_taken":["M","?","$","?","M","R","E","R","T","$","R","?","?","M","R","BOSS","M","M","?","$","M","R","M","R","T","R","M","E","$","M","R","BOSS","M","?","M","?","?","R","M","R","T","M","$","M","$","M","R","BOSS"],"build_version":"2019-01-23","purchased_purges":2,"victory":false,"max_hp_per_floor":[75,75,75,75,75,75,75,75,75,75,75,75,75,75,75,75,75,75,75,80,80,80,80,80,80,80,80,80,80,80,80,80,80,80,80,80,80,80,80,80,80,80,80,80,80,80,80,80,80,80],"card_choices":[{"not_picked":["Streamline","Compile Driver"],"picked":"Fusion","floor":1.0},{"not_picked":["Cold Snap","Sweeping Beam"],"picked":"Chill","floor":5.0},{"not_picked":["Consume","Sunder"],"picked":"Steam","floor":7.0},{"not_picked":["Static Discharge","Ball Lightning"],"picked":"FTL","floor":14.0},{"not_picked":["Buffer","Meteor Strike"],"picked":"Fission","floor":16.0},{"not_picked":[],"picked":"Undo","floor":18},{"not_picked":["Leap"],"picked":"SKIP","floor":19},{"not_picked":["Gash"],"picked":"SKIP","floor":22},{"not_picked":["Steam+1"],"picked":"SKIP","floor":24},{"not_picked":[],"picked":"Barrage","floor":28},{"not_picked":[],"picked":"Doom and Gloom","floor":29},{"not_picked":["Redo"],"picked":"SKIP","floor":31},{"not_picked":["Go for the Eyes"],"picked":"SKIP","floor":35},{"not_picked":[],"picked":"Secret Technique","floor":36},{"not_picked":[],"picked":"Hologram+1","floor":37},{"not_picked":["Reprogram"],"picked":"SKIP","floor":41},{"not_picked":[],"picked":"Rip and Tear","floor":44},{"not_picked":[],"picked":"Defragment","floor":46},{"not_picked":["Coolheaded+1"],"picked":"SKIP","floor":48}],"player_experience":271964,"relics_obtained":[{"floor":7.0,"key":"Kunai"},{"floor":9.0,"key":"Mummified Hand"},{"floor":26,"key":"Girya"},{"floor":29,"key":"Vajra"},{"floor":43,"key":"Happy Flower"}],"event_choices":[{"damage_healed":0.0,"max_hp_gain":0.0,"max_hp_loss":0.0,"gold_gain":0.0,"event_name":"Shining Light","player_choice":"Entered Light","floor":2.0,"gold_loss":0.0,"damage_taken":15.0,"cards_upgraded":["Defend_B","Dualcast"]},{"cards_removed":["Strike_B"],"damage_healed":0.0,"max_hp_gain":0.0,"max_hp_loss":0.0,"gold_gain":0.0,"event_name":"Golden Wing","player_choice":"Card Removal","floor":4.0,"gold_loss":0.0,"damage_taken":7.0},{"damage_healed":0.0,"max_hp_gain":0.0,"max_hp_loss":0.0,"gold_gain":0.0,"event_name":"The Cleric","player_choice":"Leave","floor":12.0,"gold_loss":0.0,"damage_taken":0.0},{"damage_healed":0,"gold_gain":0,"player_choice":"Shed Blood","damage_taken":19,"max_hp_gain":5,"max_hp_loss":0,"event_name":"Forgotten Altar","floor":20,"gold_loss":0},{"damage_healed":0,"gold_gain":0,"player_choice":"Memory 1","damage_taken":0,"max_hp_gain":0,"max_hp_loss":0,"event_name":"SensoryStone","floor":36,"gold_loss":0},{"cards_removed":["Defend_B"],"damage_healed":0,"gold_gain":0,"player_choice":"Removed Skill","damage_taken":0,"max_hp_gain":0,"max_hp_loss":0,"event_name":"Falling","floor":38,"gold_loss":0},{"damage_healed":0,"gold_gain":0,"player_choice":"Ignored","damage_taken":0,"max_hp_gain":0,"max_hp_loss":0,"event_name":"Tomb of Lord Red Mask","floor":39,"gold_loss":0}],"is_beta":false,"boss_relics":[{"not_picked":["Nuclear Battery","Empty Cage"],"picked":"Busted Crown"},{"not_picked":["White Beast Statue","Philosopher\u0027s Stone"],"picked":"Black Star"}],"items_purged_floors":[10,21],"is_endless":false,"potions_floor_spawned":[7,16,24,28,33,35,48],"killed_by":"Time Eater","ascension_level":4}