{"gold_per_floor":[212,223,43,43,55,55,80,80,80,35,35,70,82,82,82,208,208,232,142,158,172,193,236,151,189,265,265,20,20,44,87,87,207,207,221,221,239,262,287,320,358,71,71,71,71,96,96,117,117,117],"floor_reached":51,"playtime":3392,"items_purged":["Strike_R","Strike_R"],"score":873,"play_id":"90d79b28-0867-42a8-aa09-9b2f2dafef4a","local_time":"20190312032513","is_ascension_mode":false,"campfire_choices":[{"data":"Disarm","floor":6,"key":"SMITH"},{"data":"Whirlwind","floor":8,"key":"SMITH"},{"data":"Bash","floor":11,"key":"SMITH"},{"data":"Clothesline","floor":15,"key":"SMITH"},{"data":"Body Slam","floor":29,"key":"SMITH"},{"data":"Metallicize","floor":32,"key":"SMITH"}],"neow_cost":"NONE","seed_source_timestamp":13795587605628,"circlet_count":0,"master_deck":["Strike_R+1","Strike_R+1","Defend_R+1","Defend_R+1","Defend_R+1","Bash+1","Flame Barrier+1","Whirlwind+1","Disarm+1","Shrug It Off+1","Clothesline+1","Shrug It Off+1","Battle Trance+1","Shockwave+1","Impervious+1","Corruption+1","Shrug It Off+1","Body Slam+1","Ghostly+1","Ghostly+1","Ghostly+1","Ghostly+1","Ghostly+1","Disarm+1","Metallicize+1","Dark Embrace+1","Warcry+1","Reaper+1","Armaments+1","Dual Wield+1"],"relics":["Burning Blood","WingedGreaves","Ginger","Nunchaku","Golden Idol","Philosopher\u0027s Stone","Blood Vial","Torii","Champion Belt","Letter Opener","Anchor","Omamori","Coffee Dripper","Red Skull","PreservedInsect","War Paint","Kunai","Sundial","Mark of the Bloom"],"potions_floor_usage":[16,23,25,40,50,50,50],"damage_taken":[{"damage":1,"enemies":"Cultist","floor":1,"turns":3},{"damage":0,"enemies":"Small Slimes","floor":2,"turns":3},{"damage":0,"enemies":"Jaw Worm","floor":5,"turns":6},{"damage":20,"enemies":"Lagavulin","floor":7,"turns":9},{"damage":13,"enemies":"Gremlin Nob","floor":12,"turns":5},{"damage":1,"enemies":"2 Fungi Beasts","floor":13,"turns":3},{"damage":39,"enemies":"Slime Boss","floor":16,"turns":11},{"damage":8,"enemies":"Shell Parasite","floor":18,"turns":7},{"damage":22,"enemies":"2 Thieves","floor":20,"turns":4},{"damage":0,"enemies":"Centurion and Healer","floor":21,"turns":5},{"damage":1,"enemies":"Snecko","floor":22,"turns":3},{"damage":22,"enemies":"Gremlin Leader","floor":23,"turns":8},{"damage":21,"enemies":"Slavers","floor":25,"turns":4},{"damage":3,"enemies":"Chosen and Byrds","floor":30,"turns":9},{"damage":1,"enemies":"Book of Stabbing","floor":31,"turns":7},{"damage":0,"enemies":"Collector","floor":33,"turns":15},{"damage":0,"enemies":"3 Darklings","floor":35,"turns":5},{"damage":1,"enemies":"Orb Walker","floor":37,"turns":4},{"damage":0,"enemies":"4 Shapes","floor":38,"turns":6},{"damage":3,"enemies":"Giant Head","floor":40,"turns":11},{"damage":9,"enemies":"Nemesis","floor":41,"turns":11},{"damage":0,"enemies":"Transient","floor":46,"turns":5},{"damage":1,"enemies":"Maw","floor":48,"turns":9},{"damage":12,"enemies":"Awakened One","floor":50,"turns":13}],"seed_played":"7701221338845242064","potions_obtained":[{"floor":1,"key":"FearPotion"},{"floor":5,"key":"Swift Potion"},{"floor":12,"key":"FearPotion"},{"floor":13,"key":"AttackPotion"},{"floor":22,"key":"Poison Potion"},{"floor":23,"key":"Swift Potion"},{"floor":25,"key":"Energy Potion"},{"floor":30,"key":"SpeedPotion"},{"floor":37,"key":"Regen Potion"},{"floor":40,"key":"Ancient Potion"},{"floor":46,"key":"Strength Potion"}],"is_trial":false,"path_per_floor":["M","M","$","?","M","R","E","R","T","$","R","E","M","?","R","B",null,"M","?","M","M","M","E","?","E","T","?","$","R","M","E","R","B",null,"M","?","M","M","T","E","E","$","T","?","?","M","R","M","R","B",null],"character_chosen":"IRONCLAD","items_purchased":["Disarm","Shrug It Off","Shrug It Off","Anchor","Kunai","Dexterity Potion"],"campfire_rested":0,"item_purchase_floors":[3,3,10,28,42,42],"current_hp_per_floor":[80,80,80,64,70,70,56,56,56,56,56,49,54,54,54,21,74,72,72,56,62,67,51,51,38,38,37,37,37,37,37,37,37,37,37,37,37,37,37,37,34,34,34,34,34,34,34,33,33,21],"gold":117,"neow_bonus":"HUNDRED_GOLD","is_prod":false,"is_daily":false,"chose_seed":false,"campfire_upgraded":6,"win_rate":0,"timestamp":1552375513,"path_taken":["M","M","?","?","M","R","E","R","T","$","R","E","M","?","R","BOSS","M","?","M","?","M","E","?","E","T","?","$","R","M","E","R","BOSS","M","?","M","?","?","E","E","?","T","?","?","M","R","?","R","BOSS"],"build_version":"2019-01-23","purchased_purges":2,"victory":true,"max_hp_per_floor":[80,80,80,80,80,80,80,80,80,80,80,80,80,74,74,74,74,74,74,74,74,74,74,74,74,74,37,37,37,37,37,37,37,37,37,37,37,37,37,37,37,37,37,37,37,37,37,37,37,37],"card_choices":[{"not_picked":["Perfected Strike","Clash"],"picked":"Flame Barrier","floor":1},{"not_picked":["Shrug It Off","Clothesline"],"picked":"Whirlwind","floor":2},{"not_picked":["Sword Boomerang","Dark Embrace"],"picked":"Clothesline","floor":5},{"not_picked":["Whirlwind","True Grit","Pommel Strike"],"picked":"SKIP","floor":7},{"not_picked":["Pommel Strike","Heavy Blade"],"picked":"Battle Trance","floor":12},{"not_picked":["Rage","Flex"],"picked":"Shockwave","floor":13},{"not_picked":["Fiend Fire","Berserk"],"picked":"Impervious","floor":16},{"not_picked":["Seeing Red+1","Havoc","Entrench"],"picked":"SKIP","floor":18},{"not_picked":["Warcry","Dropkick+1"],"picked":"Corruption","floor":20},{"not_picked":["True Grit","Rupture","Perfected Strike+1"],"picked":"SKIP","floor":21},{"not_picked":["Pummel+1","Iron Wave"],"picked":"Shrug It Off","floor":22},{"not_picked":["Cleave","Brutality","Iron Wave+1"],"picked":"SKIP","floor":23},{"not_picked":["Shockwave","Hemokinesis"],"picked":"Body Slam","floor":25},{"not_picked":["Armaments","Iron Wave+1"],"picked":"Disarm","floor":30},{"not_picked":["Twin Strike+1","Immolate"],"picked":"Metallicize","floor":31},{"not_picked":["Brutality","Limit Break"],"picked":"Dark Embrace","floor":33},{"not_picked":["Pommel Strike+1","Iron Wave","Flex"],"picked":"SKIP","floor":35},{"not_picked":["Anger+1","Heavy Blade+1"],"picked":"Warcry+1","floor":37},{"not_picked":["Clothesline+1","Reckless Charge+1"],"picked":"Reaper","floor":38},{"not_picked":["Pommel Strike","Bludgeon","Wild Strike"],"picked":"SKIP","floor":40},{"not_picked":["Feed","Perfected Strike"],"picked":"Armaments+1","floor":41},{"not_picked":["Shrug It Off","Flex+1"],"picked":"Dual Wield+1","floor":46},{"not_picked":["Burning Pact","Clothesline","Infernal Blade+1"],"picked":"SKIP","floor":48}],"player_experience":568716,"relics_obtained":[{"floor":7,"key":"WingedGreaves"},{"floor":9,"key":"Ginger"},{"floor":12,"key":"Nunchaku"},{"floor":23,"key":"Blood Vial"},{"floor":25,"key":"Champion Belt"},{"floor":26,"key":"Letter Opener"},{"floor":31,"key":"Omamori"},{"floor":39,"key":"Red Skull"},{"floor":40,"key":"PreservedInsect"},{"floor":41,"key":"War Paint"},{"floor":43,"key":"Sundial"}],"event_choices":[{"damage_healed":0,"gold_gain":0,"player_choice":"Entered Light","damage_taken":16,"max_hp_gain":0,"max_hp_loss":0,"event_name":"Shining Light","floor":4,"gold_loss":0,"cards_upgraded":["Strike_R","Defend_R"]},{"damage_healed":0,"gold_gain":0,"player_choice":"Lose Max HP","damage_taken":0,"relics_obtained":["Golden Idol"],"max_hp_gain":0,"max_hp_loss":6,"event_name":"Golden Idol","floor":14,"gold_loss":0},{"cards_removed":["Strike_R"],"damage_healed":0,"gold_gain":0,"player_choice":"Upgrade and Remove","damage_taken":0,"max_hp_gain":0,"max_hp_loss":0,"event_name":"Designer","floor":19,"gold_loss":90,"cards_upgraded":["Strike_R"]},{"damage_healed":0,"gold_gain":0,"player_choice":"Obtained Relic","damage_taken":0,"relics_obtained":["Torii"],"max_hp_gain":0,"max_hp_loss":0,"event_name":"Addict","floor":24,"gold_loss":85},{"damage_healed":0,"gold_gain":0,"player_choice":"Became a Ghost","damage_taken":0,"max_hp_gain":0,"max_hp_loss":37,"event_name":"Ghosts","floor":27,"gold_loss":0,"cards_obtained":["Ghostly","Ghostly","Ghostly","Ghostly","Ghostly"]},{"cards_removed":["Defend_R"],"damage_healed":0,"gold_gain":0,"player_choice":"Purged","damage_taken":0,"max_hp_gain":0,"max_hp_loss":0,"event_name":"Purifier","floor":36,"gold_loss":0},{"damage_healed":0,"gold_gain":0,"player_choice":"Upgrade","damage_taken":0,"relics_obtained":["Mark of the Bloom"],"max_hp_gain":0,"max_hp_loss":0,"event_name":"MindBloom","floor":44,"gold_loss":0,"cards_upgraded":["Defend_R","Defend_R","Flame Barrier","Shrug It Off","Shockwave","Impervious","Corruption","Shrug It Off","Ghostly","Ghostly","Ghostly","Ghostly","Ghostly","Disarm","Dark Embrace","Reaper"]},{"damage_healed":0,"gold_gain":0,"player_choice":"Ignored","damage_taken":0,"max_hp_gain":0,"max_hp_loss":0,"event_name":"Mysterious Sphere","floor":45,"gold_loss":0}],"is_beta":false,"boss_relics":[{"not_picked":["Eternal Feather","Ectoplasm"],"picked":"Philosopher\u0027s Stone"},{"not_picked":["Cursed Key","Busted Crown"],"picked":"Coffee Dripper"}],"items_purged_floors":[3,28],"is_endless":false,"potions_floor_spawned":[1,5,12,13,22,23,25,30,37,40,41,46,48],"ascension_level":0}