{"path_per_floor":["M","$","?","M","M","R","M","M","T","R","M","R","?","M","R","B",null,"M","?","T","$","M","R"],"character_chosen":"IRONCLAD","items_purchased":["Dropkick","Peace Pipe"],"gold_per_floor":[360,285,235,253,268,268,282,298,324,324,334,334,334,347,347,446,446,462,462,462,80,98,98],"floor_reached":24,"campfire_rested":1,"playtime":503,"current_hp_per_floor":[33,33,33,33,38,62,68,64,64,64,62,62,80,80,80,21,80,61,61,61,61,53,53],"items_purged":["Defend_R"],"gold":98,"score":188,"play_id":"16df1437-78c1-4877-96a0-ae55c1637e6a","local_time":"20180318153635","is_prod":false,"is_daily":false,"is_ascension_mode":false,"campfire_upgraded":3,"timestamp":1521398195,"path_taken":["M","$","?","M","M","R","M","M","T","R","?","R","?","?","R","BOSS","M","?","?","$","M","R","E"],"build_version":"2018-03-15v3","purchased_purges":2,"victory":false,"master_deck":["Strike_R","Strike_R","Strike_R","Strike_R","Strike_R","Defend_R","Bash","Clash+1","Spot Weakness+1","Flex","Dual Wield+1","Limit Break","Whirlwind","Dropkick"],"max_hp_per_floor":[80,80,80,80,80,80,80,80,80,80,80,80,80,80,80,80,80,80,80,80,80,80,80],"relics":["Burning Blood","Oddly Smooth Stone","Peace Pipe"],"card_choices":[{"not_picked":["Pummel","Combust"],"picked":"Clash"},{"not_picked":["Combust","Bloodletting"],"picked":"Spot Weakness"},{"not_picked":["Wild Strike","Anger"],"picked":"Flex"},{"not_picked":["Cleave","Carnage"],"picked":"Dual Wield"},{"not_picked":["Barricade","Feed"],"picked":"Limit Break"}],"player_experience":602292,"potions_floor_usage":[11,14],"damage_taken":[{"damage":13,"enemies":"2 Louse","floor":1,"turns":2},{"damage":6,"enemies":"Jaw Worm","floor":4,"turns":2},{"damage":1,"enemies":"Cultist","floor":5,"turns":3},{"damage":0,"enemies":"Large Slime","floor":7,"turns":4},{"damage":10,"enemies":"Looter","floor":8,"turns":2},{"damage":8,"enemies":"Lots of Slimes","floor":11,"turns":2},{"damage":6,"enemies":"Exordium Thugs","floor":14,"turns":4},{"damage":65,"enemies":"Hexaghost","floor":16,"turns":9},{"damage":25,"enemies":"Spheric Guardian","floor":18,"turns":4},{"damage":14,"enemies":"Shell Parasite","floor":22,"turns":3},{"damage":57,"enemies":"Book of Stabbing","floor":24,"turns":4}],"event_choices":[{"event_name":"The Cleric","player_choice":"Card Removal","floor":3,"damage_taken":0},{"event_name":"Big Fish","player_choice":"Banana","floor":13,"damage_taken":0},{"event_name":"The Library","player_choice":"Read","floor":19,"damage_taken":0}],"boss_relics":[{"not_picked":["Cursed Key","Astrolabe","Lizard Tail"]}],"potions_floor_spawned":[1,8,11],"seed_played":"-4003178364224962184","killed_by":"Book of Stabbing","ascension_level":0,"is_trial":false}