{"gold_per_floor":[115,130,130,55,69,98,98,116,116,116,132,132,132,150,150,246,246,265,265,22,22,40,72,72,91,91,91,109,134,145,162,162,258,258,276,151,165,15,28,28,46,71,71,71,91,191,206,206,206,206],"floor_reached":50,"playtime":4366,"items_purged":["Strike_R","Strike_R","Strike_R","Defend_R"],"score":568,"play_id":"97e07bb2-6a05-4e93-bb14-7186a95d5985","local_time":"20180927222959","is_ascension_mode":true,"campfire_choices":[{"data":"Bash","floor":7,"key":"SMITH"},{"data":"Cleave","floor":10,"key":"SMITH"},{"data":"Double Tap","floor":13,"key":"SMITH"},{"data":"Headbutt","floor":15,"key":"SMITH"},{"data":"Armaments","floor":24,"key":"SMITH"},{"data":"Infernal Blade","floor":27,"key":"SMITH"},{"data":"Iron Wave","floor":32,"key":"SMITH"},{"data":"Iron Wave","floor":40,"key":"SMITH"},{"data":"Blood for Blood","floor":44,"key":"SMITH"},{"data":"Body Slam","floor":49,"key":"SMITH"}],"neow_cost":"PERCENT_DAMAGE","seed_source_timestamp":1251187013271083,"circlet_count":0,"master_deck":["Defend_R+1","Bash+1","Sword Boomerang","Battle Trance","Blood for Blood+1","Twin Strike","Headbutt+1","Cleave+1","Headbutt","Double Tap+1","Brutality+1","Twin Strike","Juggernaut+1","Armaments+1","Shrug It Off+1","RitualDagger","Iron Wave+1","Infernal Blade+1","Sentinel+1","Metallicize+1","Iron Wave+1","True Grit+1","Dual Wield+1","Headbutt","Shrug It Off+1","Seeing Red","Battle Trance+1","Body Slam+1","Burning Pact","Dramatic Entrance"],"relics":["Burning Blood","Frozen Egg 2","Meat on the Bone","Coffee Dripper","War Paint","Letter Opener","Regal Pillow","Ginger","White Beast Statue","Bag of Preparation","Matryoshka"],"potions_floor_usage":[6,16,16,16,23,28,30,33,33,41,42,50,50],"damage_taken":[{"damage":2,"enemies":"Small Slimes","floor":1,"turns":3},{"damage":0,"enemies":"Cultist","floor":2,"turns":4},{"damage":0,"enemies":"2 Louse","floor":5,"turns":2},{"damage":40,"enemies":"Lagavulin","floor":6,"turns":6},{"damage":0,"enemies":"2 Fungi Beasts","floor":8,"turns":2},{"damage":17,"enemies":"Exordium Wildlife","floor":11,"turns":2},{"damage":16,"enemies":"Red Slaver","floor":14,"turns":4},{"damage":43,"enemies":"The Guardian","floor":16,"turns":6},{"damage":0,"enemies":"Spheric Guardian","floor":18,"turns":3},{"damage":2,"enemies":"3 Byrds","floor":22,"turns":3},{"damage":14,"enemies":"Book of Stabbing","floor":23,"turns":4},{"damage":19,"enemies":"Shelled Parasite and Fungi","floor":25,"turns":4},{"damage":10,"enemies":"Centurion and Healer","floor":28,"turns":4},{"damage":0,"enemies":"Gremlin Leader","floor":29,"turns":5},{"damage":7,"enemies":"Snake Plant","floor":30,"turns":4},{"damage":10,"enemies":"Cultist and Chosen","floor":31,"turns":4},{"damage":9,"enemies":"Champ","floor":33,"turns":7},{"damage":24,"enemies":"3 Shapes","floor":35,"turns":3},{"damage":12,"enemies":"Orb Walker","floor":37,"turns":4},{"damage":21,"enemies":"Sphere and 2 Shapes","floor":39,"turns":6},{"damage":15,"enemies":"Transient","floor":41,"turns":5},{"damage":54,"enemies":"2 Orb Walkers","floor":42,"turns":5},{"damage":20,"enemies":"Maw","floor":45,"turns":6},{"damage":11,"enemies":"4 Shapes","floor":47,"turns":3},{"damage":47,"enemies":"Awakened One","floor":50,"turns":8}],"seed_played":"2065431673833027099","potions_obtained":[{"floor":1,"key":"Regen Potion"},{"floor":11,"key":"SmokeBomb"},{"floor":14,"key":"EntropicBrew"},{"floor":16,"key":"Weak Potion"},{"floor":22,"key":"Ancient Potion"},{"floor":25,"key":"EssenceOfSteel"},{"floor":30,"key":"Ancient Potion"},{"floor":35,"key":"SpeedPotion"},{"floor":37,"key":"FairyPotion"},{"floor":39,"key":"Weak Potion"},{"floor":41,"key":"LiquidBronze"},{"floor":42,"key":"Strength Potion"},{"floor":47,"key":"Block Potion"}],"is_trial":false,"path_per_floor":["M","M","?","$","M","E","R","M","T","R","M","?","R","M","R","B",null,"M","?","$","?","M","E","R","M","T","R","M","E","M","M","R","B",null,"M","$","M","$","M","R","M","E","T","R","M","?","M","?","R"],"character_chosen":"IRONCLAD","items_purchased":["War Paint"],"campfire_rested":0,"item_purchase_floors":[20],"current_hp_per_floor":[60,66,66,66,72,50,50,56,56,56,57,57,57,47,47,22,80,80,80,80,74,78,70,70,57,57,57,53,59,58,54,54,51,80,62,62,56,56,53,53,56,23,23,23,21,21,28,28,28,0],"gold":206,"neow_bonus":"TRANSFORM_TWO_CARDS","is_prod":false,"is_daily":false,"chose_seed":false,"campfire_upgraded":10,"win_rate":0,"timestamp":1538112599,"path_taken":["M","M","?","$","M","E","R","M","T","R","M","?","R","M","R","BOSS","M","?","$","?","M","E","R","M","T","R","M","E","?","?","R","BOSS","M","$","M","$","M","R","M","E","T","R","M","?","?","?","R","BOSS"],"build_version":"2018-09-27","purchased_purges":4,"victory":false,"max_hp_per_floor":[80,80,80,80,80,80,80,80,80,80,80,80,80,80,80,80,80,80,80,80,80,80,80,80,80,80,80,80,80,80,80,80,80,80,80,80,80,80,80,80,80,83,83,83,83,83,83,83,83,83],"card_choices":[{"not_picked":["Wild Strike","Sever Soul"],"picked":"Blood for Blood","floor":1},{"not_picked":["Sword Boomerang","Clash"],"picked":"Twin Strike","floor":2},{"not_picked":["Blood for Blood","Whirlwind"],"picked":"Headbutt","floor":5},{"not_picked":["Hemokinesis","Heavy Blade"],"picked":"Cleave","floor":6},{"not_picked":["Sword Boomerang","Perfected Strike"],"picked":"Headbutt","floor":8},{"not_picked":["Shockwave","Heavy Blade"],"picked":"Double Tap","floor":11},{"not_picked":["Heavy Blade","Clash"],"picked":"Twin Strike","floor":14},{"not_picked":["Impervious","Offering"],"picked":"Juggernaut+1","floor":16},{"not_picked":["Sword Boomerang","Feel No Pain+1"],"picked":"Armaments","floor":18},{"not_picked":["Entrench","Rage+1"],"picked":"Iron Wave","floor":22},{"not_picked":["Twin Strike+1","Juggernaut+1"],"picked":"Infernal Blade","floor":23},{"not_picked":["Body Slam","True Grit"],"picked":"Sentinel+1","floor":25},{"not_picked":["Feel No Pain+1","Clothesline+1","Anger"],"picked":"SKIP","floor":28},{"not_picked":["Twin Strike","Sword Boomerang"],"picked":"Metallicize+1","floor":29},{"not_picked":["Clash","Immolate"],"picked":"Iron Wave","floor":30},{"not_picked":["Perfected Strike","Burning Pact"],"picked":"True Grit+1","floor":31},{"not_picked":["Twin Strike+1","Heavy Blade"],"picked":"Dual Wield+1","floor":35},{"not_picked":["Sword Boomerang+1","Perfected Strike"],"picked":"Headbutt","floor":37},{"not_picked":["Whirlwind+1","Spot Weakness+1"],"picked":"Shrug It Off+1","floor":39},{"not_picked":["Berserk+1","Hemokinesis+1"],"picked":"Seeing Red","floor":41},{"not_picked":["Infernal Blade","Sword Boomerang"],"picked":"Battle Trance+1","floor":42},{"not_picked":["Pummel","Wild Strike+1"],"picked":"Body Slam","floor":45},{"not_picked":["Thunderclap+1","Sword Boomerang+1"],"picked":"Burning Pact","floor":47},{"not_picked":["Blind","PanicButton"],"picked":"Dramatic Entrance","floor":48}],"player_experience":158133,"relics_obtained":[{"floor":6,"key":"Frozen Egg 2"},{"floor":9,"key":"Meat on the Bone"},{"floor":23,"key":"Letter Opener"},{"floor":26,"key":"Regal Pillow"},{"floor":29,"key":"Ginger"},{"floor":42,"key":"Bag of Preparation"},{"floor":43,"key":"Matryoshka"}],"event_choices":[{"event_name":"Purifier","player_choice":"One Purge","floor":3,"damage_taken":0},{"event_name":"Living Wall","player_choice":"Change","floor":12,"damage_taken":0},{"event_name":"The Library","player_choice":"Read","floor":19,"damage_taken":0},{"event_name":"Nest","player_choice":"Joined the Cult","floor":21,"damage_taken":0},{"event_name":"Golden Shrine","player_choice":"Pray","floor":46,"damage_taken":0},{"event_name":"SensoryStone","player_choice":"Memory 1","floor":48,"damage_taken":0}],"is_beta":false,"boss_relics":[{"not_picked":["Ectoplasm","Black Star"],"picked":"Coffee Dripper"},{"not_picked":["Astrolabe","Fusion Hammer"],"picked":"White Beast Statue"}],"items_purged_floors":[4,20,36,38],"is_endless":false,"potions_floor_spawned":[1,11,14,16,22,25,30,35,37,39,41,42,45,47],"killed_by":"Awakened One","ascension_level":1}