{"gold_per_floor":[365,365,376,70,84,115,115,40,66,96,271,288,288,314,314,411,411,426,341,360,19,36,36,135,135,135,135,154,154,81,91,91,91],"floor_reached":33,"playtime":1113,"items_purged":["Strike_R","Strike_R"],"score":346,"play_id":"bcf521b9-9627-4dd0-b36e-aae4f81fe1b9","local_time":"20190227111744","is_ascension_mode":true,"campfire_choices":[{"data":"Limit Break","floor":7,"key":"SMITH"},{"floor":15,"key":"REST"},{"floor":23,"key":"REST"},{"data":"Demon Form","floor":27,"key":"SMITH"},{"data":"Whirlwind","floor":32,"key":"SMITH"}],"neow_cost":"CURSE","seed_source_timestamp":54558016689099,"circlet_count":0,"master_deck":["Strike_R","Strike_R","Defend_R","Defend_R","Defend_R","Defend_R","Bash","True Grit","Limit Break+1","Demon Form+1","Cleave","Whirlwind","Doubt","Double Tap","Blood for Blood","Metallicize+1","Berserk","Whirlwind+1","Clothesline"],"relics":["Burning Blood","Oddly Smooth Stone","Lantern","Mummified Hand","Sundial","Snecko Eye","Blood Vial","Question Card","Ornamental Fan"],"potions_floor_usage":[10,12,20,28,31],"damage_taken":[{"damage":0,"enemies":"Small Slimes","floor":1,"turns":3},{"damage":7,"enemies":"Jaw Worm","floor":3,"turns":4},{"damage":5,"enemies":"2 Louse","floor":5,"turns":4},{"damage":22,"enemies":"Lagavulin","floor":6,"turns":7},{"damage":22,"enemies":"3 Sentries","floor":10,"turns":6},{"damage":15,"enemies":"Exordium Wildlife","floor":12,"turns":6},{"damage":40,"enemies":"Gremlin Nob","floor":14,"turns":5},{"damage":11,"enemies":"The Guardian","floor":16,"turns":10},{"damage":44,"enemies":"2 Thieves","floor":18,"turns":4},{"damage":0,"enemies":"Spheric Guardian","floor":20,"turns":3},{"damage":26,"enemies":"Centurion and Healer","floor":22,"turns":5},{"damage":12,"enemies":"3 Cultists","floor":28,"turns":4},{"damage":7,"enemies":"Sentry and Sphere","floor":31,"turns":4},{"damage":59,"enemies":"Collector","floor":33,"turns":6}],"seed_played":"-7117639117366842137","potions_obtained":[{"floor":3,"key":"Swift Potion"},{"floor":6,"key":"Block Potion"},{"floor":10,"key":"Explosive Potion"},{"floor":14,"key":"BloodPotion"},{"floor":20,"key":"Ancient Potion"},{"floor":22,"key":"FearPotion"}],"is_trial":false,"path_per_floor":["M","?","M","$","M","E","R","$","T","E","?","M","?","E","R","B",null,"M","?","M","$","M","R","?","?","T","R","M","?","$","M","R","B"],"character_chosen":"IRONCLAD","items_purchased":["Limit Break","Demon Form","Question Card","Whirlwind"],"campfire_rested":2,"item_purchase_floors":[4,4,21,30],"current_hp_per_floor":[80,73,72,72,73,57,57,57,57,41,41,32,58,24,48,43,80,42,42,50,50,32,56,56,41,41,41,45,45,45,46,46,0],"gold":91,"neow_bonus":"TWO_FIFTY_GOLD","is_prod":false,"is_daily":false,"chose_seed":false,"campfire_upgraded":3,"win_rate":0,"timestamp":1551287864,"path_taken":["M","?","M","$","M","E","R","$","T","E","?","M","?","E","R","BOSS","M","?","M","$","M","R","?","?","T","R","M","?","$","M","R","BOSS"],"build_version":"2019-01-23","purchased_purges":2,"victory":false,"max_hp_per_floor":[80,80,80,80,80,80,80,80,80,80,80,80,80,80,80,80,80,80,80,80,80,80,80,80,85,85,85,85,85,85,85,85,85],"card_choices":[{"not_picked":["Second Wind","Wild Strike"],"picked":"True Grit","floor":1},{"not_picked":["Heavy Blade","Sentinel","Wild Strike"],"picked":"SKIP","floor":3},{"not_picked":["Feel No Pain","Armaments"],"picked":"Cleave","floor":5},{"not_picked":["Perfected Strike","True Grit","Clothesline"],"picked":"SKIP","floor":6},{"not_picked":["Perfected Strike","Shrug It Off"],"picked":"Whirlwind","floor":10},{"not_picked":["Wild Strike","Havoc","Berserk"],"picked":"SKIP","floor":12},{"not_picked":["Iron Wave","Shrug It Off","Hemokinesis"],"picked":"SKIP","floor":14},{"not_picked":["Barricade","Feed"],"picked":"Double Tap","floor":16},{"not_picked":["Thunderclap","Clash+1","Infernal Blade+1"],"picked":"SKIP","floor":18},{"not_picked":["Anger","Intimidate"],"picked":"Blood for Blood","floor":20},{"not_picked":["Shrug It Off","Anger","Body Slam","Iron Wave"],"picked":"SKIP","floor":22},{"not_picked":["Havoc","Evolve","Iron Wave"],"picked":"Metallicize+1","floor":28},{"not_picked":["Feed","Thunderclap","Armaments"],"picked":"Clothesline","floor":31}],"player_experience":256264,"relics_obtained":[{"floor":6,"key":"Oddly Smooth Stone"},{"floor":9,"key":"Lantern"},{"floor":10,"key":"Mummified Hand"},{"floor":14,"key":"Sundial"},{"floor":26,"key":"Ornamental Fan"}],"event_choices":[{"cards_removed":["Shame"],"damage_healed":0,"gold_gain":0,"player_choice":"Card Removal","damage_taken":7,"max_hp_gain":0,"max_hp_loss":0,"event_name":"Golden Wing","floor":2,"gold_loss":0},{"damage_healed":0,"gold_gain":175,"player_choice":"AGREE","damage_taken":0,"max_hp_gain":0,"max_hp_loss":0,"event_name":"Liars Game","floor":11,"gold_loss":0,"cards_obtained":["Doubt"]},{"damage_healed":26,"gold_gain":0,"player_choice":"Banana","damage_taken":0,"max_hp_gain":0,"max_hp_loss":0,"event_name":"Big Fish","floor":13,"gold_loss":0},{"damage_healed":0,"gold_gain":0,"player_choice":"Obtained Relic","damage_taken":0,"relics_obtained":["Blood Vial"],"max_hp_gain":0,"max_hp_loss":0,"event_name":"Addict","floor":19,"gold_loss":85},{"damage_healed":0,"gold_gain":99,"player_choice":"Stole From Cult","damage_taken":0,"max_hp_gain":0,"max_hp_loss":0,"event_name":"Nest","floor":24,"gold_loss":0},{"damage_healed":0,"gold_gain":0,"player_choice":"Shed Blood","damage_taken":20,"max_hp_gain":5,"max_hp_loss":0,"event_name":"Forgotten Altar","floor":25,"gold_loss":0},{"damage_healed":0,"gold_gain":0,"cards_transformed":["Strike_R"],"player_choice":"Transformed","damage_taken":0,"max_hp_gain":0,"max_hp_loss":0,"event_name":"Transmorgrifier","floor":29,"gold_loss":0,"cards_obtained":["Berserk"]}],"is_beta":false,"boss_relics":[{"not_picked":["Eternal Feather","Philosopher\u0027s Stone"],"picked":"Snecko Eye"}],"items_purged_floors":[8,21],"is_endless":false,"potions_floor_spawned":[3,6,10,14,20,22],"killed_by":"Collector","ascension_level":4}