{"gold_per_floor":[118,132,37,37,37,68,80,115,178,190,202,71,105,121,121,242,242],"floor_reached":17,"playtime":380,"items_purged":["Strike_B"],"score":207,"play_id":"9a97cc74-8d41-4e56-af30-081a0ce7aa31","local_time":"20190223134353","is_ascension_mode":true,"campfire_choices":[{"data":"Streamline","floor":7.0,"key":"SMITH"},{"data":"Leap","floor":11.0,"key":"SMITH"},{"data":"Steam","floor":15.0,"key":"SMITH"}],"neow_cost":"NONE","seed_source_timestamp":0,"circlet_count":0,"master_deck":["Strike_B","Strike_B","Strike_B","Defend_B","Defend_B","Defend_B","Defend_B","Zap","Dualcast","Defragment","Streamline","Defragment","Steam+1","Streamline+1","Leap+1","Defragment","Coolheaded","Go for the Eyes","Machine Learning"],"special_seed":0,"relics":["Cracked Core","NeowsBlessing","Golden Idol","Dream Catcher","MawBank","Anchor","Kunai","Cursed Key"],"potions_floor_usage":[],"damage_taken":[{"damage":0.0,"enemies":"Cultist","floor":1.0,"turns":1.0},{"damage":0.0,"enemies":"2 Louse","floor":2.0,"turns":1.0},{"damage":0.0,"enemies":"Gremlin Nob","floor":6.0,"turns":1.0},{"damage":9.0,"enemies":"Small Slimes","floor":8.0,"turns":3.0},{"damage":14.0,"enemies":"Lagavulin","floor":13.0,"turns":5.0},{"damage":3.0,"enemies":"Exordium Wildlife","floor":14.0,"turns":3.0},{"damage":17.0,"enemies":"Hexaghost","floor":16.0,"turns":11.0}],"seed_played":"-902544420599114366","potions_obtained":[{"floor":1.0,"key":"FocusPotion"},{"floor":6.0,"key":"FocusPotion"},{"floor":13.0,"key":"SpeedPotion"},{"floor":16.0,"key":"Dexterity Potion"}],"is_trial":false,"path_per_floor":["M","M","$","?","?","E","R","M","T","?","R","$","E","M","R","B",null],"character_chosen":"DEFECT","items_purchased":["Defragment","Steam","Defragment"],"campfire_rested":0,"item_purchase_floors":[3,3,12],"current_hp_per_floor":[75,75,75,57,54,54,54,45,45,50,50,50,36,33,33,16,16],"gold":242,"neow_bonus":"THREE_ENEMY_KILL","is_prod":false,"is_daily":false,"chose_seed":false,"campfire_upgraded":3,"win_rate":0,"timestamp":1550951033,"path_taken":["M","M","$","?","?","E","R","M","T","?","R","$","E","?","R","BOSS"],"build_version":"2019-01-23","purchased_purges":1,"victory":false,"max_hp_per_floor":[75,75,75,75,75,75,75,75,75,80,80,80,80,80,80,80,80],"card_choices":[{"not_picked":["Hello World","Barrage"],"picked":"Defragment","floor":1.0},{"not_picked":["Compile Driver","Reprogram"],"picked":"Streamline","floor":2.0},{"not_picked":["Reprogram","Hologram"],"picked":"Streamline","floor":6.0},{"not_picked":["Beam Cell","Echo Form"],"picked":"Leap","floor":8.0},{"not_picked":["Aggregate","Go for the Eyes"],"picked":"Coolheaded","floor":13.0},{"not_picked":["Gash","Sweeping Beam"],"picked":"Go for the Eyes","floor":14.0},{"not_picked":["Creative AI","Fission"],"picked":"Machine Learning","floor":16.0}],"player_experience":208870,"relics_obtained":[{"floor":6.0,"key":"MawBank"},{"floor":9.0,"key":"Anchor"},{"floor":13.0,"key":"Kunai"}],"event_choices":[{"damage_healed":0.0,"max_hp_gain":0.0,"max_hp_loss":0.0,"gold_gain":0.0,"event_name":"Golden Idol","player_choice":"Take Damage","floor":4.0,"gold_loss":0.0,"damage_taken":18.0,"relics_obtained":["Golden Idol"]},{"damage_healed":0.0,"max_hp_gain":0.0,"max_hp_loss":0.0,"gold_gain":0.0,"event_name":"Scrap Ooze","player_choice":"Success","floor":5.0,"gold_loss":0.0,"damage_taken":3.0,"relics_obtained":["Dream Catcher"]},{"damage_healed":0.0,"max_hp_gain":5.0,"max_hp_loss":0.0,"gold_gain":0.0,"event_name":"Big Fish","player_choice":"Donut","floor":10.0,"gold_loss":0.0,"damage_taken":0.0}],"is_beta":false,"boss_relics":[{"not_picked":["Nuclear Battery","FrozenCore"],"picked":"Cursed Key"}],"items_purged_floors":[12],"is_endless":false,"potions_floor_spawned":[1,6,13,16],"ascension_level":2}