{"path_per_floor":["M","?","M","?","M","R","M","R","T","?","M","E","M","M","R","B",null,"M","$","?","?","M","R","M","M","T","M"],"character_chosen":"IRONCLAD","items_purchased":["Peace Pipe"],"gold_per_floor":[113,113,132,132,152,152,171,171,194,194,210,242,258,276,276,375,375,390,4,4,4,14,14,24,40,40,52],"floor_reached":28,"campfire_rested":2,"playtime":1829,"current_hp_per_floor":[40,40,46,46,46,46,41,65,65,49,34,44,50,56,56,46,80,50,50,50,50,31,54,41,38,38,11],"items_purged":["Decay"],"gold":52,"score":246,"play_id":"2f489f5c-21c0-43ae-8955-662c4cee3fe2","is_prod":false,"is_daily":false,"is_ascension_mode":true,"campfire_upgraded":2,"path_taken":["M","?","M","?","?","R","M","R","T","?","?","E","M","M","R","BOSS","M","$","?","?","M","R","M","M","T","M","M"],"build_version":"2018-02-15-PROD1","purchased_purges":1,"victory":false,"master_deck":["Strike_R","Strike_R+1","Strike_R+1","Defend_R","Defend_R","Defend_R","Defend_R","Bash","Whirlwind+1","Headbutt","Reaper","Warcry+1","Dropkick","Pommel Strike","Barricade","Armaments+1","Warcry+1","Rampage"],"max_hp_per_floor":[80,80,80,80,80,80,80,80,80,80,80,80,80,80,80,80,80,80,80,77,77,77,77,77,77,77,77],"relics":["Burning Blood","Red Skull","Happy Flower","Mercury Hourglass","Calling Bell","Omamori","Pen Nib","Sundial","Peace Pipe","Du-Vu Doll"],"card_choices":[{"not_picked":["Flex","Battle Trance"],"picked":"Whirlwind"},{"not_picked":["Body Slam","Pommel Strike"],"picked":"Headbutt"},{"not_picked":["Infernal Blade","Twin Strike"],"picked":"Reaper"},{"not_picked":["Headbutt","Carnage"],"picked":"Warcry"},{"not_picked":["Sentinel","Reckless Charge"],"picked":"Dropkick"},{"not_picked":["Twin Strike","Sever Soul"],"picked":"Pommel Strike"},{"not_picked":["Bludgeon","Limit Break"],"picked":"Barricade"},{"not_picked":["Iron Wave","Battle Trance"],"picked":"Armaments"},{"not_picked":["Dual Wield","Wild Strike"],"picked":"Warcry"},{"not_picked":["Cleave","Entrench"],"picked":"Rampage"}],"player_experience":180080,"potions_floor_usage":[12,16,22,24,24,27,28],"damage_taken":[{"damage":6,"enemies":"2 Louse","floor":1,"turns":3},{"damage":0,"enemies":"Cultist","floor":3,"turns":3},{"damage":6,"enemies":"Jaw Worm","floor":5,"turns":4},{"damage":11,"enemies":"Blue Slaver","floor":7,"turns":3},{"damage":21,"enemies":"Exordium Thugs","floor":11,"turns":3},{"damage":10,"enemies":"3 Sentries","floor":12,"turns":6},{"damage":0,"enemies":"Lots of Slimes","floor":13,"turns":1},{"damage":0,"enemies":"Large Slime","floor":14,"turns":3},{"damage":16,"enemies":"Slime Boss","floor":16,"turns":6},{"damage":36,"enemies":"Chosen","floor":18,"turns":5},{"damage":25,"enemies":"Shell Parasite","floor":22,"turns":8},{"damage":22,"enemies":"Snecko","floor":24,"turns":4},{"damage":23,"enemies":"3 Cultists","floor":25,"turns":4},{"damage":33,"enemies":"Snake Plant","floor":27,"turns":4},{"damage":1,"enemies":"Sentry and Sphere","floor":28,"turns":3}],"event_choices":[{"event_name":"The Woman in Blue","player_choice":"Bought 0 Potions","floor":2,"damage_taken":0},{"event_name":"Bonfire Elementals","player_choice":"BASIC","floor":4,"damage_taken":0},{"event_name":"Shining Light","player_choice":"Entered Light","floor":10,"damage_taken":0},{"event_name":"Fountain of Cleansing","player_choice":"Removed Curse","floor":20,"damage_taken":0},{"event_name":"Purifier","player_choice":"One Purge","floor":21,"damage_taken":0}],"boss_relics":[{"not_picked":["Lizard Tail","Runic Pyramid"],"picked":"Calling Bell"}],"potions_floor_spawned":[1,7,11,14,16,18,24,27],"seed_played":"8164795963039350017","killed_by":"Sentry and Sphere","ascension_level":2,"is_trial":false}