{"path_per_floor":["M","M","M","$","?","R","M","?","T","R","M","$","?","M","R","B",null,"M","M","?"],"character_chosen":"IRONCLAD","items_purchased":["Dropkick"],"gold_per_floor":[109,127,143,71,71,71,85,160,160,160,181,106,106,121,121,241,241,266,287,287],"floor_reached":21,"campfire_rested":1,"playtime":512,"current_hp_per_floor":[65,69,69,69,69,69,55,44,44,44,47,47,47,42,64,35,74,41,19,19],"items_purged":["Defend_R"],"gold":287,"score":171,"play_id":"45743d4a-fef9-4896-918c-4002cfdea39a","local_time":"20180318152755","is_prod":false,"is_daily":false,"is_ascension_mode":false,"campfire_upgraded":2,"timestamp":1521397675,"path_taken":["M","M","M","$","?","R","M","?","T","R","M","$","?","?","R","BOSS","M","M","?","M"],"build_version":"2018-03-15v3","purchased_purges":1,"victory":false,"master_deck":["Strike_R","Strike_R","Strike_R","Strike_R","Strike_R","Defend_R","Bash","Feel No Pain","Clash+1","Dropkick+1","Combust","Double Tap"],"max_hp_per_floor":[80,80,80,80,74,74,74,74,74,74,74,74,74,74,74,74,74,74,74,74],"relics":["Burning Blood","Golden Idol","Pen Nib","Lizard Tail","Blue Candle"],"card_choices":[{"not_picked":["Bloodletting","Perfected Strike"],"picked":"Clash"},{"not_picked":["Berserk","Reaper"],"picked":"Double Tap"}],"player_experience":601780,"potions_floor_usage":[11,16,16,21,21,21],"damage_taken":[{"damage":21,"enemies":"Jaw Worm","floor":1,"turns":4},{"damage":2,"enemies":"2 Louse","floor":2,"turns":3},{"damage":6,"enemies":"Cultist","floor":3,"turns":3},{"damage":20,"enemies":"3 Louse","floor":7,"turns":3},{"damage":3,"enemies":"Red Slaver","floor":11,"turns":2},{"damage":11,"enemies":"Looter","floor":14,"turns":2},{"damage":50,"enemies":"Hexaghost","floor":16,"turns":6},{"damage":39,"enemies":"Shell Parasite","floor":18,"turns":4},{"damage":28,"enemies":"Spheric Guardian","floor":19,"turns":4},{"damage":14,"enemies":"Slaver and Parasite","floor":21,"turns":2}],"event_choices":[{"event_name":"Golden Idol","player_choice":"Lose Max HP","floor":5,"damage_taken":0},{"event_name":"World of Goop","player_choice":"Gather Gold","floor":8,"damage_taken":0},{"event_name":"Transmorgrifier","player_choice":"Transform","floor":13,"damage_taken":0},{"event_name":"The Mausoleum","player_choice":"Yes","floor":20,"damage_taken":0}],"boss_relics":[{"not_picked":["Tiny House","Black Star"],"picked":"Lizard Tail"}],"potions_floor_spawned":[1,7,11,14,18,19],"seed_played":"6900189202694319587","killed_by":"Slaver and Parasite","ascension_level":0,"is_trial":false}