{"path_per_floor":["M","?","?","M","M","R","E","?","T","$","M","R","M","M","R","B",null,"M","M"],"character_chosen":"IRONCLAD","items_purchased":[],"gold_per_floor":[114,114,114,127,142,142,170,170,193,118,138,138,156,174,174,304,304,318,334],"floor_reached":20,"campfire_rested":1,"playtime":848,"current_hp_per_floor":[74,74,74,68,74,74,45,45,45,45,52,52,44,28,50,36,74,71,15],"items_purged":["Strike_R"],"gold":334,"score":211,"play_id":"b66b1b0c-018c-40a6-9658-035892c3ed51","local_time":"20180306203105","is_prod":false,"is_daily":false,"is_ascension_mode":true,"campfire_upgraded":2,"timestamp":1520379065,"path_taken":["M","?","?","M","M","R","E","?","T","$","?","R","?","M","R","BOSS","M","M","?"],"build_version":"2018-03-01-PROD1","purchased_purges":1,"victory":false,"master_deck":["Strike_R","Strike_R","Strike_R","Defend_R","Defend_R","Defend_R","Bash","Clash+1","Sever Soul","Dual Wield+1","Cleave","Disarm","Immolate","Wild Strike","True Grit"],"max_hp_per_floor":[80,80,80,80,80,80,80,74,74,74,74,74,74,74,74,74,74,74,74],"relics":["Burning Blood","Ancient Tea Set","Centennial Puzzle","Golden Idol","Blood Vial","White Beast Statue"],"card_choices":[{"not_picked":["Hemokinesis","Heavy Blade"],"picked":"Clash"},{"not_picked":["Entrench","Body Slam"],"picked":"Sever Soul"},{"not_picked":["Reaper","True Grit"],"picked":"Dual Wield"},{"not_picked":["Warcry","Limit Break"],"picked":"Cleave"},{"not_picked":["Seeing Red","Heavy Blade"],"picked":"Disarm"},{"not_picked":["Juggernaut","Feed"],"picked":"Immolate"},{"not_picked":["Sword Boomerang","Fire Breathing"],"picked":"Wild Strike"},{"not_picked":["Thunderclap","Combust"],"picked":"True Grit"}],"player_experience":498171,"potions_floor_usage":[14,14,14,20,20],"damage_taken":[{"damage":12,"enemies":"Jaw Worm","floor":1,"turns":2},{"damage":12,"enemies":"Small Slimes","floor":4,"turns":3},{"damage":0,"enemies":"2 Louse","floor":5,"turns":2},{"damage":35,"enemies":"Lagavulin","floor":7,"turns":4},{"damage":1,"enemies":"Exordium Thugs","floor":11,"turns":3},{"damage":16,"enemies":"Lots of Slimes","floor":13,"turns":3},{"damage":39,"enemies":"Large Slime","floor":14,"turns":7},{"damage":22,"enemies":"Hexaghost","floor":16,"turns":6},{"damage":9,"enemies":"Chosen","floor":18,"turns":5},{"damage":64,"enemies":"Shell Parasite","floor":19,"turns":8},{"damage":20,"enemies":"Cultist and Chosen","floor":20,"turns":4}],"event_choices":[{"event_name":"Living Wall","player_choice":"Forget","floor":2,"damage_taken":0},{"event_name":"Purifier","player_choice":"One Purge","floor":3,"damage_taken":0},{"event_name":"Golden Idol","player_choice":"Lose Max HP","floor":8,"damage_taken":0}],"boss_relics":[{"not_picked":["Black Star","Velvet Choker"],"picked":"White Beast Statue"}],"potions_floor_spawned":[1,11,13,18,19],"seed_played":"7043514016881427294","killed_by":"Cultist and Chosen","ascension_level":4,"is_trial":false}