{"path_per_floor":["M","?","M","M","$","E","R","?","T","$","R","?","R","T","R","B",null,"M","M","M","?","$","R","M","?","T","R","M","M","T","M","R"],"character_chosen":"IRONCLAD","items_purchased":["Dropkick"],"gold_per_floor":[109,109,132,145,70,136,136,311,356,185,185,285,285,340,340,471,471,492,508,533,533,408,408,423,423,447,447,471,492,516,536,536],"floor_reached":33,"campfire_rested":1,"playtime":971,"current_hp_per_floor":[75,55,56,60,60,39,39,39,39,39,63,63,63,63,63,7,80,80,61,63,63,63,63,60,56,56,56,48,39,39,54,54],"items_purged":["Defend_R","Doubt","Defend_R"],"gold":536,"score":271,"play_id":"f749b45b-5098-46b3-85d2-f7ddd11e5543","local_time":"20180319183734","is_prod":false,"is_daily":false,"is_ascension_mode":false,"campfire_upgraded":6,"timestamp":1521495454,"path_taken":["M","?","M","M","$","E","R","?","T","$","R","?","R","?","R","BOSS","M","M","M","?","$","R","?","?","T","R","M","M","?","M","R","BOSS"],"build_version":"2018-03-15v3","purchased_purges":3,"victory":false,"master_deck":["Defend_R","Defend_R","Bash+1","Dropkick+1","Dropkick+1","Rage+1","Thunderclap+1","Bite+1","Bite","Bite","Bite","Bite+1","Dual Wield+1"],"max_hp_per_floor":[80,80,80,80,80,80,80,80,80,80,80,80,80,80,80,80,80,80,80,80,80,80,80,80,56,56,56,56,56,56,56,56],"relics":["Burning Blood","Golden Idol","Tiny Chest","Orichalcum","Bronze Scales","Orrery","Regal Pillow","Whetstone"],"card_choices":[{"not_picked":["Flex","True Grit"],"picked":"Dropkick"},{"not_picked":["Clothesline","Power Through"],"picked":"Rage"},{"not_picked":["Shrug It Off","Sword Boomerang"],"picked":"Thunderclap"},{"not_picked":["Warcry","Inflame"],"picked":"Dual Wield"}],"player_experience":621672,"potions_floor_usage":[6,6,24,24,29,33],"damage_taken":[{"damage":11,"enemies":"Jaw Worm","floor":1,"turns":2},{"damage":5,"enemies":"Small Slimes","floor":3,"turns":3},{"damage":2,"enemies":"2 Louse","floor":4,"turns":3},{"damage":36,"enemies":"Lagavulin","floor":6,"turns":5},{"damage":62,"enemies":"The Guardian","floor":16,"turns":12},{"damage":1,"enemies":"3 Byrds","floor":18,"turns":3},{"damage":25,"enemies":"Spheric Guardian","floor":19,"turns":5},{"damage":4,"enemies":"Centurion and Healer","floor":20,"turns":6},{"damage":9,"enemies":"Snake Plant","floor":24,"turns":4},{"damage":16,"enemies":"Snecko","floor":28,"turns":4},{"damage":29,"enemies":"Sentry and Sphere","floor":29,"turns":6},{"damage":10,"enemies":"Chosen and Byrds","floor":31,"turns":5},{"damage":80,"enemies":"Automaton","floor":33,"turns":8}],"event_choices":[{"event_name":"Golden Idol","player_choice":"Take Damage","floor":2,"damage_taken":0},{"event_name":"Liars Game","player_choice":"agreed","floor":8,"damage_taken":0},{"event_name":"Golden Shrine","player_choice":"Pray","floor":12,"damage_taken":0},{"event_name":"The Mausoleum","player_choice":"No","floor":21,"damage_taken":0},{"event_name":"Vampires","player_choice":"Became a vampire","floor":25,"damage_taken":0}],"boss_relics":[{"not_picked":["Sozu","Question Card"],"picked":"Orrery"}],"potions_floor_spawned":[3,4,16,19,20,29],"seed_played":"4975759147286597000","killed_by":"Automaton","ascension_level":0,"is_trial":false}