{"gold_per_floor":[366,336,356,431,446,477,200,200,200,153,187,199,199,212,212,212],"floor_reached":16,"playtime":733,"items_purged":["Strike_G"],"score":193,"play_id":"01060388-6cc6-48dd-a21e-9bcc17e1b20c","local_time":"20190114160131","is_ascension_mode":true,"campfire_choices":[{"floor":8,"key":"REST"},{"floor":13,"key":"REST"},{"data":"Footwork","floor":15,"key":"SMITH"}],"neow_cost":"PERCENT_DAMAGE","seed_source_timestamp":21365126891182,"circlet_count":0,"master_deck":["AscendersBane","Defend_G","Defend_G","Defend_G","Defend_G","Defend_G","Strike_G","Strike_G","Strike_G","Strike_G","Survivor","Neutralize","PiercingWail","Footwork+1","Backstab","Dagger Spray","Backflip","Dodge and Roll+1","Cloak And Dagger+1","Dagger Throw"],"relics":["Ring of the Snake","The Specimen","Oddly Smooth Stone","Du-Vu Doll","Toxic Egg 2"],"potions_floor_usage":[6,6],"damage_taken":[{"damage":0,"enemies":"Small Slimes","floor":1,"turns":6},{"damage":5,"enemies":"Cultist","floor":3,"turns":5},{"damage":0,"enemies":"2 Louse","floor":5,"turns":3},{"damage":25,"enemies":"Gremlin Nob","floor":6,"turns":5},{"damage":20,"enemies":"3 Sentries","floor":11,"turns":12},{"damage":0,"enemies":"Looter","floor":12,"turns":4},{"damage":2,"enemies":"Red Slaver","floor":14,"turns":4},{"damage":19,"enemies":"Hexaghost","floor":16,"turns":11}],"seed_played":"3525142328066815892","potions_obtained":[{"floor":2,"key":"Strength Potion"},{"floor":2,"key":"GamblersBrew"},{"floor":12,"key":"GhostInAJar"}],"is_trial":false,"path_per_floor":["M","?","M","?","M","E","$","R","T","$","E","M","R","M","R","B"],"character_chosen":"THE_SILENT","items_purchased":["Oddly Smooth Stone","Dagger Spray","Backflip"],"campfire_rested":2,"item_purchase_floors":[7,7,10],"current_hp_per_floor":[44,44,39,28,28,3,3,22,22,22,2,2,21,19,19,0],"gold":212,"neow_bonus":"TWO_FIFTY_GOLD","is_prod":false,"is_daily":false,"chose_seed":false,"campfire_upgraded":1,"win_rate":0,"timestamp":1547488891,"path_taken":["M","?","?","?","M","E","$","R","T","$","E","M","R","M","R","BOSS"],"build_version":"2019-01-10","purchased_purges":1,"victory":false,"max_hp_per_floor":[66,66,66,66,66,66,66,66,66,66,66,66,66,66,66,66],"card_choices":[{"not_picked":["Outmaneuver","Bane"],"picked":"PiercingWail","floor":1},{"not_picked":["Prepared","Dodge and Roll"],"picked":"Footwork","floor":3},{"not_picked":["Slice","Storm of Steel"],"picked":"Backstab","floor":5},{"not_picked":["Underhanded Strike","Prepared","Skewer"],"picked":"SKIP","floor":6},{"not_picked":["Expertise","Skewer"],"picked":"Dodge and Roll","floor":11},{"not_picked":["Sucker Punch","Tools of the Trade"],"picked":"Cloak And Dagger+1","floor":12},{"not_picked":["Backstab","Infinite Blades"],"picked":"Dagger Throw","floor":14}],"player_experience":907517,"relics_obtained":[{"floor":6,"key":"The Specimen"},{"floor":9,"key":"Du-Vu Doll"},{"floor":11,"key":"Toxic Egg 2"}],"event_choices":[{"damage_healed":0,"gold_gain":0,"player_choice":"Bought 2 Potions","damage_taken":0,"max_hp_gain":0,"max_hp_loss":0,"event_name":"The Woman in Blue","floor":2,"gold_loss":0},{"damage_healed":0,"gold_gain":75,"player_choice":"Gather Gold","damage_taken":11,"max_hp_gain":0,"max_hp_loss":0,"event_name":"World of Goop","floor":4,"gold_loss":0}],"is_beta":true,"boss_relics":[],"items_purged_floors":[7],"is_endless":false,"potions_floor_spawned":[12],"killed_by":"Hexaghost","ascension_level":15}