{"gold_per_floor":[119,136,211,82,82,112,112,125,125,135,210,229,229,242,242,340,340,340,340,340,340,310,310,310,310,310,310,310,310,310,310,310,310],"floor_reached":33,"playtime":1408,"items_purged":["Strike_B"],"score":371,"play_id":"f39d232e-e9d8-4e28-964c-2cfa5b76121d","local_time":"20190120192246","is_ascension_mode":true,"campfire_choices":[{"data":"Sunder","floor":7,"key":"SMITH"},{"floor":13,"key":"REST"},{"data":"Gash","floor":15,"key":"SMITH"},{"floor":23,"key":"DIG"},{"floor":25,"key":"DIG"},{"floor":29,"key":"REST"},{"floor":32,"key":"DIG"}],"neow_cost":"PERCENT_DAMAGE","seed_source_timestamp":26167848926611,"circlet_count":0,"master_deck":["Strike_B","Strike_B","Strike_B","Defend_B","Defend_B","Defend_B+1","Defend_B","Zap+1","Dualcast","Thunder Strike","Sweeping Beam","Sunder+1","Gash+1","Glacier","Ball Lightning","Gash","Machine Learning","Electrodynamics","Melter","Darkness","Hologram","Glacier","Creative AI+1"],"relics":["Cracked Core","Question Card","Orichalcum","Meat on the Bone","Ectoplasm","DataDisk","Shovel","Dodecahedron","War Paint","Gambling Chip","PreservedInsect","Frozen Egg 2","Pen Nib","Omamori"],"potions_floor_usage":[6,8,24,30,33],"damage_taken":[{"damage":0,"enemies":"Small Slimes","floor":1,"turns":3},{"damage":2,"enemies":"2 Louse","floor":2,"turns":3},{"damage":20,"enemies":"3 Sentries","floor":6,"turns":6},{"damage":2,"enemies":"Jaw Worm","floor":8,"turns":2},{"damage":10,"enemies":"Lots of Slimes","floor":10,"turns":3},{"damage":7,"enemies":"Blue Slaver","floor":12,"turns":2},{"damage":0,"enemies":"Large Slime","floor":14,"turns":3},{"damage":21,"enemies":"The Guardian","floor":16,"turns":11},{"damage":17,"enemies":"Shell Parasite","floor":18,"turns":5},{"damage":14,"enemies":"Colosseum Slavers","floor":21,"turns":4},{"damage":6,"enemies":"Colosseum Nobs","floor":21,"turns":3},{"damage":12,"enemies":"2 Thieves","floor":22,"turns":2},{"damage":40,"enemies":"Book of Stabbing","floor":24,"turns":4},{"damage":8,"enemies":"Cultist and Chosen","floor":27,"turns":6},{"damage":1,"enemies":"Slavers","floor":30,"turns":4},{"damage":4,"enemies":"Snecko","floor":31,"turns":3},{"damage":43,"enemies":"Collector","floor":33,"turns":7}],"seed_played":"3998251113249229787","potions_obtained":[{"floor":2,"key":"PowerPotion"},{"floor":6,"key":"Fruit Juice"},{"floor":14,"key":"Strength Potion"},{"floor":16,"key":"Dexterity Potion"},{"floor":27,"key":"Dexterity Potion"},{"floor":30,"key":"SteroidPotion"},{"floor":31,"key":"PowerPotion"}],"is_trial":false,"path_per_floor":["M","M","?","$","?","E","R","M","T","M","T","M","R","M","R","B",null,"M","$","T","?","M","R","E","R","T","M","?","R","E","M","R","B"],"character_chosen":"DEFECT","items_purchased":["Gash"],"campfire_rested":2,"item_purchase_floors":[4],"current_hp_per_floor":[50,48,37,37,37,17,17,20,20,10,10,15,39,51,51,42,71,54,54,54,46,46,46,18,18,18,22,22,46,45,41,41,0],"gold":310,"neow_bonus":"THREE_RARE_CARDS","is_prod":false,"is_daily":false,"chose_seed":false,"campfire_upgraded":2,"win_rate":0,"timestamp":1548019366,"path_taken":["M","M","?","$","?","E","R","M","T","M","?","?","R","M","R","BOSS","M","$","?","?","M","R","E","R","T","M","?","R","E","M","R","BOSS"],"build_version":"2019-01-19","purchased_purges":1,"victory":false,"max_hp_per_floor":[75,75,75,75,75,75,75,80,80,80,80,80,80,80,80,80,80,80,80,80,80,80,80,80,80,80,80,80,80,80,80,80,80],"card_choices":[{"not_picked":["All For One","Multi-Cast"],"picked":"Thunder Strike","floor":0},{"not_picked":["Sunder","Steam Power"],"picked":"Sweeping Beam","floor":1},{"not_picked":["Reprogram","Recycle"],"picked":"Sunder","floor":2},{"not_picked":["Sunder","Cold Snap"],"picked":"Glacier","floor":6},{"not_picked":["FTL","Steam","Redo"],"picked":"Ball Lightning","floor":8},{"not_picked":["Cold Snap","Redo","Beam Cell","Turbo"],"picked":"SKIP","floor":10},{"not_picked":["Go for the Eyes","Turbo","Rebound"],"picked":"Gash","floor":12},{"not_picked":["Melter","Sweeping Beam","Redo"],"picked":"Machine Learning","floor":14},{"not_picked":["Multi-Cast","All For One","Reboot"],"picked":"Electrodynamics","floor":16},{"not_picked":["Aggregate","Reprogram","Leap+1"],"picked":"Melter","floor":18},{"not_picked":["Barrage+1","Reinforced Body","Hologram"],"picked":"Darkness","floor":21},{"not_picked":["Sweeping Beam+1","Beam Cell","Cold Snap"],"picked":"Hologram","floor":22},{"not_picked":["Barrage","Rainbow","Loop"],"picked":"Glacier","floor":24},{"not_picked":["Redo+1","Skim","Stack","Streamline+1"],"picked":"SKIP","floor":27},{"not_picked":["Sunder","BootSequence","Go for the Eyes"],"picked":"Creative AI+1","floor":30},{"not_picked":["Scrape","Steam","Compile Driver","Undo"],"picked":"SKIP","floor":31}],"player_experience":922063,"relics_obtained":[{"floor":6,"key":"Question Card"},{"floor":9,"key":"Orichalcum"},{"floor":11,"key":"Meat on the Bone"},{"floor":20,"key":"DataDisk"},{"floor":21,"key":"Shovel"},{"floor":21,"key":"Dodecahedron"},{"floor":23,"key":"War Paint"},{"floor":24,"key":"Gambling Chip"},{"floor":25,"key":"PreservedInsect"},{"floor":26,"key":"Frozen Egg 2"},{"floor":30,"key":"Pen Nib"},{"floor":32,"key":"Omamori"}],"event_choices":[{"damage_healed":0,"gold_gain":75,"player_choice":"Gather Gold","damage_taken":11,"max_hp_gain":0,"max_hp_loss":0,"event_name":"World of Goop","floor":3,"gold_loss":0},{"damage_healed":0,"gold_gain":0,"player_choice":"Ignored","damage_taken":0,"max_hp_gain":0,"max_hp_loss":0,"event_name":"Liars Game","floor":5,"gold_loss":0},{"damage_healed":0,"gold_gain":0,"player_choice":"Fight","damage_taken":0,"max_hp_gain":0,"max_hp_loss":0,"event_name":"Colosseum","floor":21,"gold_loss":0},{"damage_healed":0,"gold_gain":0,"player_choice":"Fought Nobs","damage_taken":0,"max_hp_gain":0,"max_hp_loss":0,"event_name":"Colosseum","floor":21,"gold_loss":0},{"damage_healed":0,"gold_gain":0,"player_choice":"Ignored","damage_taken":0,"max_hp_gain":0,"max_hp_loss":0,"event_name":"Ghosts","floor":28,"gold_loss":0}],"is_beta":true,"boss_relics":[{"not_picked":["Black Star","Fusion Hammer"],"picked":"Ectoplasm"}],"items_purged_floors":[4],"is_endless":false,"potions_floor_spawned":[2,6,14,16,27,30,31],"killed_by":"Collector","ascension_level":6}