{"gold_per_floor":[112,187,72,72,87,87,121,121,121,141,141,121,137,155,155,257,257,270,258,258],"floor_reached":20,"playtime":1088,"items_purged":[],"score":191,"play_id":"90afd3b8-fb44-4273-83d4-05647b86903f","local_time":"20190215225045","is_ascension_mode":true,"campfire_choices":[{"data":"Deep Breath","floor":6,"key":"SMITH"},{"floor":8,"key":"REST"},{"data":"Reflex","floor":11,"key":"SMITH"},{"floor":15,"key":"REST"}],"neow_cost":"CURSE","seed_source_timestamp":89615010466451,"circlet_count":0,"master_deck":["Defend_G","Defend_G","Defend_G","Defend_G","Defend_G","Strike_G","Strike_G","Strike_G","Strike_G","Strike_G","Survivor","Neutralize","Parasite","Storm of Steel","All Out Attack","Reflex+1","Eviscerate","Deep Breath+1","Dagger Throw","PiercingWail","Tools of the Trade","Acrobatics"],"relics":["Ring of the Snake","Torii","Gremlin Horn","Black Star"],"potions_floor_usage":[16,16,16],"damage_taken":[{"damage":5,"enemies":"Small Slimes","floor":1,"turns":3},{"damage":2,"enemies":"Jaw Worm","floor":5,"turns":6},{"damage":35,"enemies":"3 Sentries","floor":7,"turns":12},{"damage":7,"enemies":"Cultist","floor":10,"turns":4},{"damage":1,"enemies":"Looter","floor":13,"turns":4},{"damage":0,"enemies":"Lots of Slimes","floor":14,"turns":1},{"damage":39,"enemies":"Slime Boss","floor":16,"turns":9},{"damage":14,"enemies":"3 Byrds","floor":18,"turns":6},{"damage":12,"enemies":"2 Thieves","floor":19,"turns":5},{"damage":52,"enemies":"Masked Bandits","floor":20,"turns":3}],"seed_played":"-5452822356603332817","potions_obtained":[{"floor":12,"key":"Fire Potion"},{"floor":13,"key":"Swift Potion"},{"floor":14,"key":"Explosive Potion"}],"is_trial":false,"path_per_floor":["M","?","$","?","M","R","E","R","T","M","R","?","M","M","R","B",null,"M","M","?"],"character_chosen":"THE_SILENT","items_purchased":["Reflex","Eviscerate"],"campfire_rested":2,"item_purchase_floors":[3,3],"current_hp_per_floor":[65,54,54,54,52,52,17,38,38,31,31,31,30,30,51,12,70,56,44,0],"gold":258,"neow_bonus":"THREE_RARE_CARDS","is_prod":false,"is_daily":false,"chose_seed":false,"campfire_upgraded":2,"win_rate":0,"timestamp":1550292645,"path_taken":["M","?","$","?","?","R","E","R","T","M","R","?","?","M","R","BOSS","M","M","?"],"build_version":"2019-01-23","purchased_purges":0,"victory":false,"max_hp_per_floor":[70,70,70,70,70,70,70,70,70,70,70,70,70,70,70,70,70,70,70,70],"card_choices":[{"not_picked":["Unload","Phantasmal Killer"],"picked":"Storm of Steel","floor":0},{"not_picked":["Underhanded Strike","Deflect"],"picked":"All Out Attack","floor":1},{"not_picked":["Bane","Footwork"],"picked":"Dagger Throw","floor":5},{"not_picked":["Dodge and Roll","Wraith Form v2"],"picked":"PiercingWail","floor":7},{"not_picked":["Blade Dance","Choke","Sucker Punch"],"picked":"SKIP","floor":10},{"not_picked":["Dagger Spray","Infinite Blades","All Out Attack"],"picked":"SKIP","floor":13},{"not_picked":["Dodge and Roll","All Out Attack","Glass Knife"],"picked":"SKIP","floor":14},{"not_picked":["Night Terror","Die Die Die"],"picked":"Tools of the Trade","floor":16},{"not_picked":["Outmaneuver+1","Setup+1","Dagger Throw"],"picked":"SKIP","floor":18},{"not_picked":["Dagger Spray+1","Cloak And Dagger"],"picked":"Acrobatics","floor":19}],"player_experience":182950,"relics_obtained":[{"floor":7,"key":"Torii"},{"floor":9,"key":"Gremlin Horn"}],"event_choices":[{"damage_healed":0,"gold_gain":75,"player_choice":"Gather Gold","damage_taken":11,"max_hp_gain":0,"max_hp_loss":0,"event_name":"World of Goop","floor":2,"gold_loss":0},{"damage_healed":0,"gold_gain":0,"player_choice":"1 cards matched","damage_taken":0,"max_hp_gain":0,"max_hp_loss":0,"event_name":"Match and Keep!","floor":4,"gold_loss":0,"cards_obtained":["Deep Breath"]},{"damage_healed":0,"gold_gain":0,"player_choice":"Bought 1 Potion","damage_taken":0,"max_hp_gain":0,"max_hp_loss":0,"event_name":"The Woman in Blue","floor":12,"gold_loss":0},{"damage_healed":0,"gold_gain":0,"player_choice":"Fought Bandits","damage_taken":0,"max_hp_gain":0,"max_hp_loss":0,"event_name":"Masked Bandits","floor":20,"gold_loss":0}],"is_beta":false,"boss_relics":[{"not_picked":["Pandora\u0027s Box","Calling Bell"],"picked":"Black Star"}],"items_purged_floors":[],"is_endless":false,"potions_floor_spawned":[13,14],"killed_by":"Masked Bandits","ascension_level":2}