{"path_per_floor":["M","?","?","M","M","R","M","R","T","T","R","M","M","M","R","B",null,"M","?","?","$","M","R","M"],"character_chosen":"DEFECT","items_purchased":["Mummified Hand","Hello World"],"gold_per_floor":[114,114,114,127,140,140,160,160,160,183,183,196,219,240,240,363,363,378,378,419,39,40,40,63,63],"floor_reached":25,"campfire_rested":2,"playtime":1021,"current_hp_per_floor":[60,53,53,43,38,38,28,28,28,28,28,30,18,12,32,9,69,54,54,20,20,12,32,34,22],"items_purged":["Strike_B"],"gold":63,"score":205,"play_id":"e6417c67-d74e-4155-9acc-b4ff635a19af","local_time":"20180426230742","is_prod":false,"is_daily":false,"chose_seed":false,"is_ascension_mode":true,"campfire_upgraded":3,"timestamp":1524794862,"path_taken":["M","?","?","M","M","R","M","R","T","?","R","M","?","M","R","BOSS","M","?","?","$","M","R","M","E"],"build_version":"2018-04-26","seed_source_timestamp":63528726623712,"purchased_purges":1,"victory":false,"master_deck":["Strike_B","Strike_B","Strike_B","Defend_B","Defend_B","Defend_B","Defend_B","Zap+1","Dualcast+1","Streamline","Beam Cell","Defragment+1","Melter","Hologram","Sweeping Beam","Auto Shields","All For One","Impulse","Sunder","Hello World","Rebound+1","Doom and Gloom"],"max_hp_per_floor":[75,75,69,69,69,69,69,69,69,69,69,69,69,69,69,69,69,69,69,69,69,69,69,69,69],"relics":["Cracked Core","Blue Candle","Golden Idol","Kunai","Blood Vial","Lizard Tail","Red Mask","Mummified Hand"],"card_choices":[{"not_picked":["Storm","Turbo"],"picked":"Streamline","floor":1},{"not_picked":["Reinforced Body","Heatsinks"],"picked":"Beam Cell","floor":4},{"not_picked":["Beam Cell","Buffer"],"picked":"Defragment","floor":5},{"not_picked":["Beam Cell","Static Discharge"],"picked":"Melter","floor":7},{"not_picked":["Sweeping Beam","Self Repair"],"picked":"Hologram","floor":12},{"not_picked":["White Noise","Hello World"],"picked":"Sweeping Beam","floor":13},{"not_picked":["Gash","Blizzard"],"picked":"Auto Shields","floor":14},{"not_picked":["Fission","Creative AI"],"picked":"All For One","floor":16},{"not_picked":["Undo","Barrage"],"picked":"Impulse","floor":18},{"not_picked":["Tempest","Sweeping Beam"],"picked":"Sunder","floor":20},{"not_picked":["Self Repair","Tempest"],"picked":"Rebound","floor":22},{"not_picked":["Streamline","Skim"],"picked":"Doom and Gloom","floor":24}],"player_experience":759479,"potions_floor_usage":[16,22,25],"damage_taken":[{"damage":15,"enemies":"Jaw Worm","floor":1,"turns":4},{"damage":10,"enemies":"Small Slimes","floor":4,"turns":3},{"damage":5,"enemies":"2 Louse","floor":5,"turns":2},{"damage":10,"enemies":"Looter","floor":7,"turns":3},{"damage":0,"enemies":"Large Slime","floor":12,"turns":3},{"damage":14,"enemies":"Blue Slaver","floor":13,"turns":3},{"damage":8,"enemies":"Red Slaver","floor":14,"turns":2},{"damage":25,"enemies":"Hexaghost","floor":16,"turns":10},{"damage":15,"enemies":"Chosen","floor":18,"turns":4},{"damage":36,"enemies":"Masked Bandits","floor":20,"turns":4},{"damage":10,"enemies":"2 Thieves","floor":22,"turns":4},{"damage":41,"enemies":"3 Cultists","floor":24,"turns":5},{"damage":14,"enemies":"Slavers","floor":25,"turns":2}],"event_choices":[{"event_name":"Scrap Ooze","player_choice":"success","floor":2,"damage_taken":7},{"event_name":"Golden Idol","player_choice":"Lose Max HP","floor":3,"damage_taken":0},{"event_name":"Cursed Tome","player_choice":"Ignored","floor":19,"damage_taken":0},{"event_name":"Masked Bandits","player_choice":"Fought over 378 gold","floor":20,"damage_taken":0}],"boss_relics":[{"not_picked":["Velvet Choker","Eternal Feather"],"picked":"Lizard Tail"}],"potions_floor_spawned":[1,13,14,20,22],"seed_played":"1241121230098238059","killed_by":"Slavers","ascension_level":1,"is_trial":false}