{"path_per_floor":["M","?","$","?","?","E","M","M","T","M","R","M","E","M","R","B",null,"M","?","M","?","M"],"character_chosen":"IRONCLAD","items_purchased":[],"gold_per_floor":[116,116,41,41,41,76,96,120,120,133,133,157,218,242,242,366,366,386,386,409,409,421],"floor_reached":23,"campfire_rested":0,"playtime":1194,"current_hp_per_floor":[80,68,68,68,68,48,52,57,71,69,69,65,54,60,60,14,88,71,71,61,61,47],"items_purged":["Strike_R"],"gold":421,"score":223,"play_id":"75fef304-18ad-4b2e-b911-4d75af49e0fb","is_prod":false,"is_daily":false,"is_ascension_mode":true,"campfire_upgraded":2,"path_taken":["M","?","$","?","?","E","M","M","T","?","R","M","E","M","R","BOSS","M","?","?","?","?","E"],"build_version":"2018-02-22-PROD2","purchased_purges":1,"victory":false,"master_deck":["Strike_R","Strike_R","Strike_R","Strike_R","Defend_R","Defend_R","Defend_R","Defend_R","Bash","Clash+1","Armaments+1","Flame Barrier+1","Pommel Strike","Cleave","Headbutt+1","Dual Wield"],"max_hp_per_floor":[80,80,80,74,74,74,74,74,88,88,88,88,88,88,88,88,88,88,88,88,88,88],"relics":["Burning Blood","Dodecahedron","Bloody Idol","Vajra","Mango","Tiny Chest","Question Card"],"card_choices":[{"not_picked":["Flex","Shockwave"],"picked":"Clash"},{"not_picked":["Evolve","Havoc"],"picked":"Armaments"},{"not_picked":["Clothesline","Sword Boomerang"],"picked":"Flame Barrier"},{"not_picked":["Corruption","Warcry"],"picked":"Pommel Strike"},{"not_picked":["Fiend Fire","Iron Wave"],"picked":"Cleave"},{"not_picked":["Heavy Blade","Anger","Havoc"],"picked":"Headbutt"},{"not_picked":["Shockwave","Perfected Strike","Rupture"],"picked":"Dual Wield"}],"player_experience":302273,"potions_floor_usage":[12,13,22,23],"damage_taken":[{"damage":0,"enemies":"Small Slimes","floor":1,"turns":3},{"damage":26,"enemies":"Lagavulin","floor":6,"turns":7},{"damage":2,"enemies":"Jaw Worm","floor":7,"turns":3},{"damage":1,"enemies":"2 Louse","floor":8,"turns":2},{"damage":8,"enemies":"Exordium Thugs","floor":10,"turns":6},{"damage":10,"enemies":"Exordium Wildlife","floor":12,"turns":5},{"damage":17,"enemies":"Gremlin Nob","floor":13,"turns":4},{"damage":0,"enemies":"3 Louse","floor":14,"turns":3},{"damage":52,"enemies":"The Guardian","floor":16,"turns":15},{"damage":23,"enemies":"Shell Parasite","floor":18,"turns":9},{"damage":16,"enemies":"Spheric Guardian","floor":20,"turns":4},{"damage":25,"enemies":"Snecko","floor":22,"turns":6},{"damage":48,"enemies":"Book of Stabbing","floor":23,"turns":7}],"event_choices":[{"event_name":"Scrap Ooze","player_choice":"success","floor":2,"damage_taken":12},{"event_name":"Golden Idol","player_choice":"Lose Max HP","floor":4,"damage_taken":0},{"event_name":"Living Wall","player_choice":"Grow","floor":5,"damage_taken":0},{"event_name":"Drug Dealer","player_choice":"Ignored","floor":19,"damage_taken":0},{"event_name":"Forgotten Altar","player_choice":"Gave Idol","floor":21,"damage_taken":0}],"boss_relics":[{"not_picked":["Runic Dome","Velvet Choker"],"picked":"Question Card"}],"potions_floor_spawned":[6,8,14,18,22],"seed_played":"-1665106433301216249","killed_by":"Book of Stabbing","ascension_level":2,"is_trial":false}