{"gold_per_floor":[215,215,43,43,54,54,87,102,149,184,222,36,46,66,66,143,143,156,255,180,200,200,200,400,414,438,438,453,465,465,465,465,465],"floor_reached":33,"playtime":1027,"items_purged":["Defend_G"],"score":434,"play_id":"06e64552-7dfb-43c2-a7d4-cfd0d047be4f","local_time":"20181202201222","is_ascension_mode":true,"campfire_choices":[{"data":"Deadly Poison","floor":6.0,"key":"SMITH"},{"data":"Catalyst","floor":15.0,"key":"SMITH"},{"data":"A Thousand Cuts","floor":23.0,"key":"SMITH"},{"floor":27.0,"key":"REST"},{"floor":32.0,"key":"REST"}],"neow_cost":"NONE","seed_source_timestamp":0,"circlet_count":0,"master_deck":["AscendersBane","Defend_G+1","Defend_G+1","Defend_G+1","Defend_G+1","Strike_G+1","Strike_G+1","Strike_G+1","Strike_G+1","Survivor","Neutralize","Deadly Poison+1","Sucker Punch","Bane","Blur","Catalyst+1","A Thousand Cuts+1"],"special_seed":0,"relics":["Ring of the Snake","Snake Skull","Dream Catcher","Centennial Puzzle","MawBank","Anchor","TwistedFunnel","Busted Crown","Boot"],"potions_floor_usage":[33],"damage_taken":[{"damage":1.0,"enemies":"Small Slimes","floor":1.0,"turns":4.0},{"damage":0.0,"enemies":"2 Louse","floor":5.0,"turns":3.0},{"damage":25.0,"enemies":"Gremlin Nob","floor":7.0,"turns":4.0},{"damage":0.0,"enemies":"Jaw Worm","floor":8.0,"turns":4.0},{"damage":17.0,"enemies":"Lagavulin","floor":10.0,"turns":6.0},{"damage":0.0,"enemies":"2 Fungi Beasts","floor":13.0,"turns":2.0},{"damage":0.0,"enemies":"Blue Slaver","floor":14.0,"turns":3.0},{"damage":2.0,"enemies":"Hexaghost","floor":16.0,"turns":7.0},{"damage":14.0,"enemies":"2 Thieves","floor":18.0,"turns":4.0},{"damage":17.0,"enemies":"Chosen","floor":21.0,"turns":5.0},{"damage":37.0,"enemies":"Sentry and Sphere","floor":25.0,"turns":7.0},{"damage":28.0,"enemies":"Shelled Parasite and Fungi","floor":28.0,"turns":4.0},{"damage":0.0,"enemies":"Snecko","floor":29.0,"turns":4.0},{"damage":34,"enemies":"Collector","floor":33,"turns":5}],"seed_played":"-255704942022028080","potions_obtained":[{"floor":1.0,"key":"Fire Potion"},{"floor":5.0,"key":"LiquidBronze"},{"floor":10.0,"key":"Swift Potion"},{"floor":14.0,"key":"Poison Potion"},{"floor":25.0,"key":"GhostInAJar"},{"floor":28.0,"key":"Energy Potion"}],"is_trial":false,"path_per_floor":["M","?","$","?","M","R","E","M","T","E","T","$","M","M","R","B",null,"M","?","$","M","?","R","?","M","T","R","M","M","?","?","R","B"],"character_chosen":"THE_SILENT","items_purchased":["Snake Skull","Sucker Punch","TwistedFunnel"],"campfire_rested":2,"item_purchase_floors":[3,3,12],"current_hp_per_floor":[58,58,58,63,63,63,38,38,38,21,21,21,21,21,21,19,58,44,44,44,27,50,50,50,13,13,34,6,6,6,6,27,0],"gold":465,"neow_bonus":"HUNDRED_GOLD","is_prod":false,"is_daily":false,"chose_seed":false,"campfire_upgraded":3,"win_rate":0,"timestamp":1543788742,"path_taken":["M","?","$","?","M","R","E","M","T","E","?","$","M","M","R","BOSS","M","?","$","M","?","R","?","M","T","R","?","M","?","?","R","BOSS"],"build_version":"2018-11-15","purchased_purges":1,"victory":false,"max_hp_per_floor":[66,66,66,71,71,71,71,71,71,71,71,71,71,71,71,71,71,71,71,71,71,71,71,71,71,71,71,71,71,71,71,71,71],"card_choices":[{"not_picked":["Calculated Gamble","Terror"],"picked":"Deadly Poison","floor":1.0},{"not_picked":["Dagger Throw","Sucker Punch"],"picked":"Bane","floor":5.0},{"not_picked":["Blade Dance","Reflex"],"picked":"Blur","floor":7.0},{"not_picked":["Acrobatics","Cloak And Dagger","Quick Slash"],"picked":"SKIP","floor":8.0},{"not_picked":["Slice","PiercingWail"],"picked":"Catalyst","floor":10.0},{"not_picked":["Choke","Deflect","Outmaneuver"],"picked":"SKIP","floor":13.0},{"not_picked":["Riddle With Holes","Dagger Spray","Doppelganger"],"picked":"SKIP","floor":14.0},{"not_picked":["Adrenaline","Venomology"],"picked":"A Thousand Cuts","floor":16.0},{"not_picked":["Slice"],"picked":"SKIP","floor":18.0},{"not_picked":["Endless Agony"],"picked":"SKIP","floor":21.0},{"not_picked":["Sucker Punch+1"],"picked":"SKIP","floor":25.0},{"not_picked":["Dagger Throw"],"picked":"SKIP","floor":28.0},{"not_picked":["Poisoned Stab+1"],"picked":"SKIP","floor":29.0}],"player_experience":885325,"relics_obtained":[{"floor":7.0,"key":"Dream Catcher"},{"floor":9.0,"key":"Centennial Puzzle"},{"floor":10.0,"key":"MawBank"},{"floor":11.0,"key":"Anchor"},{"floor":26.0,"key":"Boot"}],"event_choices":[{"cards_removed":["Strike_G"],"damage_healed":0.0,"max_hp_gain":0.0,"max_hp_loss":0.0,"gold_gain":0.0,"event_name":"Living Wall","player_choice":"Forget","floor":2.0,"gold_loss":0.0,"damage_taken":0.0},{"damage_healed":0.0,"max_hp_gain":5.0,"max_hp_loss":0.0,"gold_gain":0.0,"event_name":"Big Fish","player_choice":"Donut","floor":4.0,"gold_loss":0.0,"damage_taken":0.0},{"damage_healed":0.0,"max_hp_gain":0.0,"max_hp_loss":0.0,"gold_gain":99.0,"event_name":"Nest","player_choice":"Stole From Cult","floor":19.0,"gold_loss":0.0,"damage_taken":0.0},{"damage_healed":23.0,"max_hp_gain":0.0,"max_hp_loss":0.0,"gold_gain":0.0,"event_name":"The Library","player_choice":"Heal","floor":22.0,"gold_loss":0.0,"damage_taken":0.0},{"damage_healed":0.0,"max_hp_gain":0.0,"max_hp_loss":0.0,"gold_gain":250.0,"event_name":"The Joust","player_choice":"Bet on Owner","floor":24.0,"gold_loss":50.0,"damage_taken":0.0},{"damage_healed":0.0,"max_hp_gain":0.0,"max_hp_loss":0.0,"gold_gain":0.0,"event_name":"Ghosts","player_choice":"Ignored","floor":30.0,"gold_loss":0.0,"damage_taken":0.0},{"damage_healed":0.0,"max_hp_gain":0.0,"max_hp_loss":0.0,"gold_gain":0.0,"event_name":"Back to Basics","player_choice":"Simplicity","floor":31.0,"gold_loss":0.0,"damage_taken":0.0,"cards_upgraded":["Defend_G","Defend_G","Defend_G","Defend_G","Strike_G","Strike_G","Strike_G","Strike_G"]}],"is_beta":true,"boss_relics":[{"not_picked":["Snecko Eye","Fusion Hammer"],"picked":"Busted Crown"}],"items_purged_floors":[20],"is_endless":false,"potions_floor_spawned":[1,5,10,14,25,28],"killed_by":"Collector","ascension_level":14}