{"path_per_floor":["M","?","?","M","M","R","?","R","T","M","?","M","M","M","R","B",null,"M","M","M","$","?","R"],"character_chosen":"IRONCLAD","items_purchased":[],"gold_per_floor":[15,15,15,32,43,43,43,43,43,54,54,69,89,99,99,197,197,213,228,246,171,86,86],"floor_reached":24,"campfire_rested":2,"playtime":494,"current_hp_per_floor":[79,79,79,74,74,74,58,58,58,51,51,50,49,48,72,23,80,69,53,47,47,47,80],"items_purged":["Defend_R"],"gold":86,"score":190,"play_id":"2a2bf081-0902-4a95-aba8-6615c94a3339","local_time":"20180309112703","is_prod":false,"is_daily":false,"is_ascension_mode":false,"campfire_upgraded":2,"timestamp":1520605623,"path_taken":["M","?","?","M","M","R","?","R","T","M","?","M","?","M","R","BOSS","M","M","M","$","?","R","E"],"build_version":"2018-03-01-PROD1","purchased_purges":1,"victory":false,"master_deck":["Strike_R","Strike_R","Strike_R+1","Strike_R+1","Strike_R+1","Defend_R","Defend_R+1","Bash+1","Limit Break"],"max_hp_per_floor":[80,80,80,80,80,80,80,80,80,80,80,80,80,80,80,80,80,80,80,80,80,80,80],"relics":["Burning Blood","Gambling Chip","Magic Flower","Velvet Choker","Regal Pillow"],"card_choices":[],"player_experience":549723,"potions_floor_usage":[14,16,16,20,20,24],"damage_taken":[{"damage":7,"enemies":"Small Slimes","floor":1,"turns":4},{"damage":11,"enemies":"Jaw Worm","floor":4,"turns":3},{"damage":6,"enemies":"Cultist","floor":5,"turns":3},{"damage":16,"enemies":"Blue Slaver","floor":10,"turns":3},{"damage":10,"enemies":"3 Louse","floor":12,"turns":3},{"damage":10,"enemies":"Looter","floor":13,"turns":2},{"damage":10,"enemies":"Gremlin Gang","floor":14,"turns":3},{"damage":58,"enemies":"The Guardian","floor":16,"turns":8},{"damage":20,"enemies":"Chosen","floor":18,"turns":4},{"damage":25,"enemies":"Spheric Guardian","floor":19,"turns":4},{"damage":15,"enemies":"Snake Plant","floor":20,"turns":3},{"damage":83,"enemies":"Book of Stabbing","floor":24,"turns":6}],"event_choices":[{"event_name":"The Cleric","player_choice":"Leave","floor":2,"damage_taken":0},{"event_name":"Upgrade Shrine","player_choice":"Upgraded","floor":3,"damage_taken":0},{"event_name":"Shining Light","player_choice":"Entered Light","floor":7,"damage_taken":0},{"event_name":"Transmorgrifier","player_choice":"Transform","floor":11,"damage_taken":0},{"event_name":"Addict","player_choice":"Obtained Relic","floor":22,"damage_taken":0}],"boss_relics":[{"not_picked":["Runic Pyramid","Runic Cube"],"picked":"Velvet Choker"}],"potions_floor_spawned":[1,5,12,13,16,18,19],"seed_played":"-24473311125913618","killed_by":"Book of Stabbing","ascension_level":0,"is_trial":false}