{"gold_per_floor":[110,110,110,124,36,36,47,72,72,72,82,82],"floor_reached":12,"playtime":371,"items_purged":[],"score":156,"play_id":"77b77961-0614-49f6-a11f-c42713a4455d","local_time":"20190312113332","is_ascension_mode":true,"campfire_choices":[{"data":"Skewer","floor":6,"key":"SMITH"},{"data":"Crippling Poison","floor":10,"key":"SMITH"}],"neow_cost":"NONE","seed_source_timestamp":497068179405720,"circlet_count":0,"master_deck":["AscendersBane","Defend_G","Defend_G","Defend_G","Defend_G","Defend_G","Strike_G","Strike_G","Strike_G","Strike_G","Strike_G","Survivor","Neutralize","Sucker Punch+1","Skewer+1","Crippling Poison+1"],"special_seed":0,"relics":["Black Star","Omamori","Potion Belt","The Courier"],"potions_floor_usage":[8,8,12],"damage_taken":[{"damage":2.0,"enemies":"Small Slimes","floor":1.0,"turns":3.0},{"damage":5.0,"enemies":"2 Louse","floor":4.0,"turns":3.0},{"damage":0,"enemies":"Cultist","floor":7,"turns":3},{"damage":6,"enemies":"Gremlin Nob","floor":8,"turns":3},{"damage":3,"enemies":"Looter","floor":11,"turns":3},{"damage":46,"enemies":"3 Sentries","floor":12,"turns":14}],"seed_played":"-8679738426273484462","potions_obtained":[{"floor":1.0,"key":"AttackPotion"},{"floor":7,"key":"Swift Potion"},{"floor":8,"key":"Dexterity Potion"}],"is_trial":false,"path_per_floor":["M","?","$","M","$","R","M","E","T","R","M","E"],"character_chosen":"THE_SILENT","items_purchased":["Skewer"],"campfire_rested":0,"item_purchase_floors":[5],"current_hp_per_floor":[57,57,57,52,52,52,52,46,46,46,43,0],"gold":82,"neow_bonus":"BOSS_RELIC","is_prod":false,"is_daily":false,"chose_seed":false,"campfire_upgraded":2,"win_rate":0,"timestamp":1552386812,"path_taken":["M","?","$","M","$","R","M","E","T","R","M","E"],"build_version":"2019-01-23","purchased_purges":0,"victory":false,"max_hp_per_floor":[66,66,66,66,66,66,66,66,66,66,66,66],"card_choices":[{"not_picked":["Well Laid Plans","Blade Dance"],"picked":"Sucker Punch","floor":1.0},{"not_picked":["Bane","Outmaneuver","Underhanded Strike"],"picked":"SKIP","floor":4},{"not_picked":["Bane","Finisher"],"picked":"Crippling Poison","floor":7},{"not_picked":["Endless Agony","Riddle With Holes","Finisher"],"picked":"SKIP","floor":8},{"not_picked":["Outmaneuver","Slice","Poisoned Stab"],"picked":"SKIP","floor":11}],"player_experience":976975,"relics_obtained":[{"floor":8,"key":"Omamori"},{"floor":8,"key":"Potion Belt"},{"floor":9,"key":"The Courier"}],"event_choices":[{"damage_healed":0.0,"max_hp_gain":0.0,"max_hp_loss":0.0,"gold_gain":0.0,"event_name":"Living Wall","player_choice":"Grow","floor":2.0,"gold_loss":0.0,"damage_taken":0.0,"cards_upgraded":["Sucker Punch"]}],"is_beta":false,"boss_relics":[],"items_purged_floors":[],"is_endless":false,"potions_floor_spawned":[1,7,8],"killed_by":"3 Sentries","ascension_level":20}