{"gold_per_floor":[118,43,143,154,166,198,198,198,198,64,84,84,34,47,47,145,145,156,156,31,31,43,43,53,53],"floor_reached":25,"playtime":1007,"items_purged":["Strike_R","Strike_R","Regret"],"score":201,"play_id":"1cb40409-72ad-451d-b5f5-bd9ffe0cc275","local_time":"20180713004837","is_ascension_mode":false,"campfire_choices":[{"data":"Pommel Strike","floor":8,"key":"SMITH"},{"data":"Metallicize","floor":12,"key":"SMITH"},{"data":"Cleave","floor":15,"key":"SMITH"},{"data":"Demon Form","floor":23,"key":"SMITH"}],"neow_cost":"NONE","seed_source_timestamp":15346039016260,"circlet_count":0,"master_deck":["Strike_R","Strike_R","Strike_R","Defend_R","Defend_R","Defend_R","Bash","Immolate","Twin Strike","Anger+1","Bludgeon","Pommel Strike+1","Metallicize+1","Cleave+1","Headbutt","Demon Form+1","Regret","Clumsy","Blood for Blood+1","Pommel Strike+1","Metallicize+1","Fiend Fire","Rampage","Flex","Burning Pact"],"relics":["Burning Blood","Question Card","Mummified Hand","Calling Bell","Boot","Shuriken","Prayer Wheel"],"potions_floor_usage":[],"damage_taken":[{"damage":6,"enemies":"Cultist","floor":1,"turns":3},{"damage":0,"enemies":"Small Slimes","floor":4,"turns":1},{"damage":6,"enemies":"Jaw Worm","floor":5,"turns":2},{"damage":30,"enemies":"Gremlin Nob","floor":6,"turns":5},{"damage":2,"enemies":"Gremlin Gang","floor":11,"turns":3},{"damage":0,"enemies":"2 Fungi Beasts","floor":14,"turns":2},{"damage":60,"enemies":"Hexaghost","floor":16,"turns":8},{"damage":10,"enemies":"Spheric Guardian","floor":18,"turns":3},{"damage":20,"enemies":"Shell Parasite","floor":22,"turns":6},{"damage":14,"enemies":"Sentry and Sphere","floor":24,"turns":4},{"damage":55,"enemies":"3 Cultists","floor":25,"turns":4}],"seed_played":"2803560717478427598","potions_obtained":[{"floor":4,"key":"AttackPotion"},{"floor":5,"key":"Regen Potion"},{"floor":11,"key":"EssenceOfSteel"},{"floor":22,"key":"PowerPotion"}],"is_trial":false,"path_per_floor":["M","$","?","M","M","E","?","R","T","$","M","R","?","M","R","B",null,"M","?","$","?","M","R","M"],"character_chosen":"IRONCLAD","items_purchased":["Metallicize"],"campfire_rested":0,"item_purchase_floors":[10],"current_hp_per_floor":[80,80,80,80,80,56,56,56,56,56,60,60,60,66,66,12,80,76,76,76,76,62,62,54,0],"gold":53,"neow_bonus":"ONE_RANDOM_RARE_CARD","is_prod":false,"is_daily":false,"chose_seed":false,"campfire_upgraded":4,"win_rate":0,"timestamp":1531468117,"path_taken":["M","$","?","M","M","E","?","R","T","$","M","R","?","?","R","BOSS","M","?","$","?","M","R","M","M"],"build_version":"2018-07-12","purchased_purges":3,"victory":false,"max_hp_per_floor":[80,80,80,80,80,80,80,80,80,80,80,80,80,80,80,80,80,80,80,80,80,80,80,80,80],"card_choices":[{"not_picked":["Heavy Blade","Sword Boomerang"],"picked":"Twin Strike","floor":1},{"not_picked":["Infernal Blade","Shrug It Off"],"picked":"Anger","floor":4},{"not_picked":["Clothesline","Bloodletting"],"picked":"Bludgeon","floor":5},{"not_picked":["Warcry","Clash"],"picked":"Pommel Strike","floor":6},{"not_picked":["Sword Boomerang","Clash","Wild Strike"],"picked":"Cleave","floor":11},{"not_picked":["Thunderclap","Body Slam","Clothesline"],"picked":"Headbutt","floor":14},{"not_picked":["Fiend Fire","Brutality","Feed"],"picked":"Demon Form","floor":16},{"not_picked":["Clash","Sword Boomerang","Rupture"],"picked":"Blood for Blood+1","floor":18},{"not_picked":["Burning Pact","Cleave","Uppercut"],"picked":"Pommel Strike+1","floor":18},{"not_picked":["Shrug It Off","Body Slam+1","Pommel Strike"],"picked":"Fiend Fire","floor":22},{"not_picked":["Twin Strike","Cleave","Wild Strike"],"picked":"Rampage","floor":22},{"not_picked":["Clash+1","Headbutt","Feed"],"picked":"Flex","floor":24},{"not_picked":["Flex","Spot Weakness","Battle Trance"],"picked":"Burning Pact","floor":24}],"player_experience":30663,"relics_obtained":[{"floor":6,"key":"Question Card"},{"floor":9,"key":"Mummified Hand"},{"floor":17,"key":"Boot"},{"floor":17,"key":"Shuriken"},{"floor":17,"key":"Prayer Wheel"}],"event_choices":[{"event_name":"Golden Shrine","player_choice":"Pray","floor":3,"damage_taken":0},{"event_name":"Accursed Blacksmith","player_choice":"Forge","floor":7,"damage_taken":0},{"event_name":"The Cleric","player_choice":"Card Removal","floor":13,"damage_taken":0},{"event_name":"Duplicator","player_choice":"One dupe","floor":19,"damage_taken":0},{"event_name":"Ghosts","player_choice":"Ignored","floor":21,"damage_taken":0}],"boss_relics":[{"not_picked":["Snecko Eye","Fusion Hammer"],"picked":"Calling Bell"}],"items_purged_floors":[2,10,20],"is_endless":false,"potions_floor_spawned":[4,5,11,22],"killed_by":"3 Cultists","ascension_level":0}