{"gold_per_floor":[115,115,115,290,300,330,280,280,306,306,324,324,352,369,369,468,468,484,498,498,498,498,527,527,547,574,574,135,147,147,172,172,272,272,285,210,210,228,247,247,275,291,314,314,333,360,360,360,360,360],"floor_reached":51,"playtime":3851,"items_purged":["Strike_R"],"score":1128,"play_id":"313b106d-9d1e-4901-9fbf-d43642507413","local_time":"20190309153017","is_ascension_mode":true,"campfire_choices":[{"data":"Armaments","floor":8.0,"key":"SMITH"},{"data":"Demon Form","floor":10.0,"key":"SMITH"},{"floor":12.0,"key":"REST"},{"data":"Armaments","floor":15.0,"key":"SMITH"},{"data":"Armaments","floor":24.0,"key":"SMITH"},{"data":"Berserk","floor":27.0,"key":"SMITH"},{"data":"Berserk","floor":32.0,"key":"SMITH"},{"data":"Heavy Blade","floor":40.0,"key":"SMITH"},{"data":"Warcry","floor":44,"key":"SMITH"},{"data":"Double Tap","floor":47,"key":"SMITH"},{"data":"Ghostly","floor":49,"key":"SMITH"}],"neow_cost":"TEN_PERCENT_HP_LOSS","seed_source_timestamp":493563479889651,"circlet_count":0,"master_deck":["Strike_R","Strike_R","Strike_R+1","Defend_R","Defend_R","Defend_R","Bash","Uppercut","Armaments+1","Warcry+1","Demon Form+1","Bash","Clash","Pummel+1","Armaments+1","Berserk+1","Heavy Blade+1","Double Tap+1","Battle Trance","Iron Wave","Ghostly+1","Ghostly","Ghostly","Ghostly","Ghostly","Armaments+1","Necronomicurse","Berserk+1","Double Tap","Headbutt","Decay","Iron Wave+1","Heavy Blade+1","Uppercut+1","Armaments+1","Madness","Madness"],"special_seed":0,"relics":["Burning Blood","Pantograph","Centennial Puzzle","Whetstone","Black Star","Charon\u0027s Ashes","Du-Vu Doll","Pen Nib","Pear","Strange Spoon","Necronomicon","Calipers","Art of War","Eternal Feather","Anchor","Paper Frog","Boot","Juzu Bracelet","Strawberry"],"potions_floor_usage":[46,50],"damage_taken":[{"damage":8.0,"enemies":"Small Slimes","floor":1.0,"turns":5.0},{"damage":5.0,"enemies":"Cultist","floor":5.0,"turns":4.0},{"damage":50.0,"enemies":"3 Sentries","floor":6.0,"turns":10.0},{"damage":8.0,"enemies":"2 Louse","floor":11.0,"turns":3.0},{"damage":12.0,"enemies":"Lagavulin","floor":13.0,"turns":7.0},{"damage":20.0,"enemies":"Large Slime","floor":14.0,"turns":6.0},{"damage":34.0,"enemies":"The Guardian","floor":16.0,"turns":8.0},{"damage":20.0,"enemies":"Chosen","floor":18.0,"turns":4.0},{"damage":44.0,"enemies":"Shell Parasite","floor":19.0,"turns":7.0},{"damage":14.0,"enemies":"Book of Stabbing","floor":23.0,"turns":6.0},{"damage":5.0,"enemies":"Centurion and Healer","floor":25.0,"turns":6.0},{"damage":0.0,"enemies":"Snake Plant","floor":29.0,"turns":4.0},{"damage":2.0,"enemies":"Gremlin Leader","floor":31.0,"turns":6.0},{"damage":3.0,"enemies":"Automaton","floor":33.0,"turns":7.0},{"damage":22.0,"enemies":"Orb Walker","floor":35.0,"turns":5.0},{"damage":16.0,"enemies":"3 Darklings","floor":38.0,"turns":9.0},{"damage":1.0,"enemies":"Spire Growth","floor":39.0,"turns":5.0},{"damage":3,"enemies":"Reptomancer","floor":41,"turns":6},{"damage":0,"enemies":"Maw","floor":42,"turns":4},{"damage":14,"enemies":"Sphere and 2 Shapes","floor":45,"turns":5},{"damage":8,"enemies":"Nemesis","floor":46,"turns":5},{"damage":2,"enemies":"Time Eater","floor":50,"turns":8}],"seed_played":"2897192741262441584","potions_obtained":[{"floor":6.0,"key":"AttackPotion"},{"floor":11.0,"key":"SteroidPotion"},{"floor":19.0,"key":"SteroidPotion"},{"floor":22.0,"key":"AttackPotion"},{"floor":22.0,"key":"Swift Potion"},{"floor":22.0,"key":"PowerPotion"},{"floor":23.0,"key":"Swift Potion"},{"floor":25.0,"key":"SkillPotion"},{"floor":33.0,"key":"BloodPotion"},{"floor":39.0,"key":"Weak Potion"},{"floor":45,"key":"BloodPotion"},{"floor":46,"key":"EssenceOfSteel"}],"is_trial":false,"path_per_floor":["M","?","$","?","M","E","?","R","T","R","M","R","E","M","R","B",null,"M","M","?","?","?","E","R","M","T","R","$","M","?","E","R","B",null,"M","$","?","M","M","R","E","M","T","R","M","E","R","?","R","B",null],"character_chosen":"IRONCLAD","items_purchased":["Pear","Strange Spoon"],"campfire_rested":1,"item_purchase_floors":[28,28],"current_hp_per_floor":[70,70,70,70,71,27,27,27,27,27,25,46,40,26,26,23,60,46,8,32,32,32,24,24,25,25,25,35,41,25,29,29,46,46,30,30,30,20,25,43,46,46,46,46,38,47,53,46,53,53],"gold":360,"neow_bonus":"TRANSFORM_TWO_CARDS","is_prod":false,"is_daily":false,"chose_seed":false,"campfire_upgraded":10,"win_rate":0,"timestamp":1552174217,"path_taken":["M","?","?","?","M","E","?","R","T","R","?","R","E","M","R","BOSS","M","M","?","?","?","E","R","M","T","R","$","?","?","E","R","BOSS","M","$","?","?","M","R","E","M","T","R","M","E","R","?","R","BOSS"],"build_version":"2019-01-23","purchased_purges":1,"victory":true,"max_hp_per_floor":[72,72,72,72,72,72,72,72,72,72,72,72,72,72,72,72,72,72,72,72,36,36,36,36,36,36,36,46,46,46,46,46,46,46,46,46,46,46,46,46,46,46,46,46,46,53,53,53,53,53],"card_choices":[{"not_picked":["Entrench","Corruption"],"picked":"Warcry","floor":1.0},{"not_picked":["Corruption","Disarm"],"picked":"Clash","floor":5.0},{"not_picked":["Immolate","Flex"],"picked":"Pummel","floor":6.0},{"not_picked":["Hemokinesis","Power Through"],"picked":"Armaments","floor":11.0},{"not_picked":["Rage","Thunderclap"],"picked":"Berserk","floor":13.0},{"not_picked":["Wild Strike","Body Slam"],"picked":"Heavy Blade","floor":14.0},{"not_picked":["Juggernaut","Bludgeon"],"picked":"Double Tap","floor":16.0},{"not_picked":["Hemokinesis","Anger"],"picked":"Battle Trance","floor":18.0},{"not_picked":["Headbutt","Rampage"],"picked":"Iron Wave","floor":19.0},{"not_picked":["Combust","Disarm+1"],"picked":"Armaments","floor":23.0},{"not_picked":["Anger","Cleave","Clothesline"],"picked":"SKIP","floor":25.0},{"not_picked":["Sentinel","Shockwave","Perfected Strike"],"picked":"SKIP","floor":29.0},{"not_picked":["Anger","Hemokinesis"],"picked":"Berserk","floor":31.0},{"not_picked":["Demon Form","Fiend Fire"],"picked":"Double Tap","floor":33.0},{"not_picked":["Thunderclap","Flex"],"picked":"Headbutt","floor":35.0},{"not_picked":["Body Slam","Clash+1"],"picked":"Iron Wave+1","floor":38.0},{"not_picked":["Ghostly Armor+1","Wild Strike+1"],"picked":"Heavy Blade+1","floor":39.0},{"not_picked":["Combust+1","Bludgeon"],"picked":"Uppercut+1","floor":41},{"not_picked":["Sword Boomerang","Clash","Havoc"],"picked":"SKIP","floor":42},{"not_picked":["Anger+1","Clash+1","Wild Strike+1"],"picked":"SKIP","floor":45},{"not_picked":["Heavy Blade","Double Tap"],"picked":"Armaments+1","floor":46}],"player_experience":429492,"relics_obtained":[{"floor":6.0,"key":"Pantograph"},{"floor":9.0,"key":"Centennial Puzzle"},{"floor":13.0,"key":"Whetstone"},{"floor":23.0,"key":"Charon\u0027s Ashes"},{"floor":23.0,"key":"Du-Vu Doll"},{"floor":26.0,"key":"Pen Nib"},{"floor":30.0,"key":"Necronomicon"},{"floor":31.0,"key":"Calipers"},{"floor":31.0,"key":"Art of War"},{"floor":41,"key":"Anchor"},{"floor":41,"key":"Paper Frog"},{"floor":43,"key":"Boot"},{"floor":46,"key":"Juzu Bracelet"},{"floor":46,"key":"Strawberry"}],"event_choices":[{"damage_healed":0.0,"max_hp_gain":0.0,"max_hp_loss":0.0,"gold_gain":0.0,"event_name":"Match and Keep!","player_choice":"2 cards matched","floor":2.0,"gold_loss":0.0,"damage_taken":0.0,"cards_obtained":["Demon Form","Bash"]},{"damage_healed":0.0,"max_hp_gain":0.0,"max_hp_loss":0.0,"gold_gain":175.0,"event_name":"Liars Game","player_choice":"AGREE","floor":4.0,"gold_loss":0.0,"damage_taken":0.0,"cards_obtained":["Doubt"]},{"cards_removed":["Doubt"],"damage_healed":0.0,"max_hp_gain":0.0,"max_hp_loss":0.0,"gold_gain":0.0,"event_name":"The Cleric","player_choice":"Card Removal","floor":7.0,"gold_loss":50.0,"damage_taken":0.0},{"damage_healed":24.0,"max_hp_gain":0.0,"max_hp_loss":0.0,"gold_gain":0.0,"event_name":"The Library","player_choice":"Heal","floor":20.0,"gold_loss":0.0,"damage_taken":0.0},{"damage_healed":0.0,"max_hp_gain":0.0,"max_hp_loss":36.0,"gold_gain":0.0,"event_name":"Ghosts","player_choice":"Became a Ghost","floor":21.0,"gold_loss":0.0,"damage_taken":0.0,"cards_obtained":["Ghostly","Ghostly","Ghostly","Ghostly","Ghostly"]},{"damage_healed":0.0,"max_hp_gain":0.0,"max_hp_loss":0.0,"gold_gain":0.0,"event_name":"Lab","player_choice":"Got Potions","floor":22.0,"gold_loss":0.0,"damage_taken":0.0},{"damage_healed":0.0,"max_hp_gain":0.0,"max_hp_loss":0.0,"gold_gain":0.0,"event_name":"Cursed Tome","player_choice":"Obtained Book","floor":30.0,"gold_loss":0.0,"damage_taken":16.0},{"damage_healed":0.0,"max_hp_gain":0.0,"max_hp_loss":0.0,"gold_gain":0.0,"event_name":"Wheel of Change","player_choice":"Cursed","floor":37.0,"gold_loss":0.0,"damage_taken":0.0,"cards_obtained":["Decay"]},{"damage_healed":0,"gold_gain":0,"player_choice":"Embrace Madness","damage_taken":7,"max_hp_gain":0,"max_hp_loss":0,"event_name":"Winding Halls","floor":48,"gold_loss":0,"cards_obtained":["Madness","Madness"]}],"is_beta":false,"boss_relics":[{"not_picked":["Tiny House","Runic Cube"],"picked":"Black Star"},{"not_picked":["Orrery","Lizard Tail"],"picked":"Eternal Feather"}],"items_purged_floors":[36],"is_endless":false,"potions_floor_spawned":[6,11,19,23,25,33,39,45,46],"ascension_level":9}