{"path_per_floor":["M","$","?","?","M","R","M","R","T","?","?","E","M","M","R","B",null,"M","?","$","?","M","R","M","E","T"],"character_chosen":"DEFECT","items_purchased":["White Noise"],"gold_per_floor":[117,42,42,42,58,58,68,68,68,68,68,109,124,143,143,267,267,285,285,116,116,127,127,146,477,527,527],"floor_reached":27,"campfire_rested":0,"playtime":2901,"current_hp_per_floor":[75,75,75,75,74,74,66,66,66,66,66,71,65,53,53,1,83,66,66,66,66,58,58,35,22,27,0],"items_purged":["Strike_B","Defend_B"],"gold":527,"score":243,"play_id":"314e3024-1a9c-440d-9c90-6ec307a284ee","local_time":"20180427061559","is_prod":false,"is_daily":false,"chose_seed":false,"is_ascension_mode":true,"campfire_upgraded":4,"timestamp":1524820559,"path_taken":["M","$","?","?","?","R","M","R","T","?","?","E","?","M","R","BOSS","M","?","$","?","?","R","M","E","T","E"],"build_version":"2018-04-26v2","seed_source_timestamp":1061571966842,"purchased_purges":2,"victory":false,"master_deck":["Strike_B","Defend_B","Defend_B","Defend_B","Zap+1","Dualcast+1","Rebound","Capacitor+1","Beam Cell","Flux Capacitor","Doom and Gloom","Thunder Strike","All For One","Coolheaded","White Noise+1","Normality","Chill+1","Blaster+1","Chaos"],"max_hp_per_floor":[75,75,75,75,75,75,75,75,75,69,69,83,83,83,83,83,83,83,83,83,83,83,83,83,83,83,83],"relics":["Cracked Core","Bottled Lightning","Bloody Idol","Mango","Sozu","Prayer Wheel","Old Coin","Bag of Preparation"],"card_choices":[{"not_picked":["Leap","Stack"],"picked":"Rebound","floor":1},{"not_picked":["Force Field","Rebound"],"picked":"Capacitor","floor":5},{"not_picked":["Streamline","Steam Power"],"picked":"Beam Cell","floor":7},{"not_picked":["Chaos","Coolheaded"],"picked":"Doom and Gloom","floor":12},{"not_picked":["Gash","Turbo"],"picked":"Thunder Strike","floor":14},{"not_picked":["Multi-Cast","Machine Learning"],"picked":"All For One","floor":16},{"not_picked":["Turbo","Leap"],"picked":"Coolheaded","floor":18},{"not_picked":["Aggregate","Go for the Eyes"],"picked":"Chill","floor":22},{"not_picked":["Amplify","Steam Power"],"picked":"Blaster","floor":25},{"not_picked":["Melter","Rebound"],"picked":"Chaos","floor":26}],"player_experience":760812,"potions_floor_usage":[7,12,12,16,24],"damage_taken":[{"damage":0,"enemies":"2 Louse","floor":1,"turns":2},{"damage":1,"enemies":"Cultist","floor":5,"turns":3},{"damage":8,"enemies":"Small Slimes","floor":7,"turns":2},{"damage":9,"enemies":"Gremlin Nob","floor":12,"turns":4},{"damage":6,"enemies":"3 Louse","floor":13,"turns":2},{"damage":12,"enemies":"Exordium Thugs","floor":14,"turns":4},{"damage":52,"enemies":"The Guardian","floor":16,"turns":12},{"damage":17,"enemies":"Shell Parasite","floor":18,"turns":3},{"damage":13,"enemies":"Chosen","floor":22,"turns":6},{"damage":28,"enemies":"Snake Plant","floor":24,"turns":4},{"damage":23,"enemies":"Gremlin Leader","floor":25,"turns":6},{"damage":29,"enemies":"Book of Stabbing","floor":27,"turns":3}],"event_choices":[{"event_name":"The Lab","player_choice":"Got Potions","floor":3,"damage_taken":0},{"event_name":"Living Wall","player_choice":"Forget","floor":4,"damage_taken":0},{"event_name":"Golden Idol","player_choice":"Lose Max HP","floor":10,"damage_taken":0},{"event_name":"Transmorgrifier","player_choice":"Transform","floor":11,"damage_taken":0},{"event_name":"Forgotten Altar","player_choice":"Gave Idol","floor":19,"damage_taken":0},{"event_name":"Accursed Blacksmith","player_choice":"Rummage","floor":21,"damage_taken":0}],"boss_relics":[{"not_picked":["Runic Dome","Calling Bell"],"picked":"Sozu"}],"potions_floor_spawned":[7,14,16,22],"seed_played":"-4595786277714533668","killed_by":"Book of Stabbing","ascension_level":1,"is_trial":false}