{"gold_per_floor":[110,110,129,141,141,141,154,154,180,107,107,127,127,158,158,281,281,304,429,35,50,86,86,121,121,170,170,191,21,46,60,60,60],"floor_reached":33,"playtime":1084,"items_purged":["Strike_R","Strike_R"],"score":265,"play_id":"294d6693-1d24-435f-af95-f22a01979e0f","local_time":"20190302191900","is_ascension_mode":false,"campfire_choices":[{"data":"Bash","floor":6.0,"key":"SMITH"},{"data":"Shrug It Off","floor":8.0,"key":"SMITH"},{"data":"Twin Strike","floor":15,"key":"SMITH"},{"floor":23,"key":"REST"},{"data":"Fiend Fire","floor":25,"key":"SMITH"},{"data":"Pommel Strike","floor":27,"key":"SMITH"},{"data":"Demon Form","floor":32,"key":"SMITH"}],"neow_cost":"NONE","seed_source_timestamp":126123756884575,"circlet_count":0,"master_deck":["Strike_R","Defend_R","Defend_R","Defend_R","Defend_R","Bash+1","Twin Strike+1","Thunderclap","Shrug It Off+1","Fiend Fire+1","Anger","Pommel Strike","Demon Form+1","Pommel Strike+1","Limit Break+1","Carnage","Dropkick","Clothesline","Impervious+1","Corruption","Dual Wield+1"],"special_seed":0,"relics":["Burning Blood","Oddly Smooth Stone","Golden Idol","Bag of Marbles","Snecko Eye","Charon\u0027s Ashes","Toxic Egg 2","Red Mask","Red Skull","Regal Pillow"],"potions_floor_usage":[22],"damage_taken":[{"damage":6.0,"enemies":"Jaw Worm","floor":1.0,"turns":3.0},{"damage":4.0,"enemies":"2 Louse","floor":3.0,"turns":3.0},{"damage":4.0,"enemies":"Small Slimes","floor":4.0,"turns":4.0},{"damage":0.0,"enemies":"Looter","floor":7.0,"turns":3.0},{"damage":6,"enemies":"Blue Slaver","floor":12,"turns":2},{"damage":6,"enemies":"Gremlin Nob","floor":14,"turns":4},{"damage":46,"enemies":"The Guardian","floor":16,"turns":12},{"damage":3,"enemies":"Spheric Guardian","floor":18,"turns":4},{"damage":1,"enemies":"Colosseum Slavers","floor":19,"turns":3},{"damage":19,"enemies":"Colosseum Nobs","floor":19,"turns":4},{"damage":34,"enemies":"3 Byrds","floor":21,"turns":5},{"damage":24,"enemies":"Masked Bandits","floor":22,"turns":4},{"damage":18,"enemies":"Book of Stabbing","floor":24,"turns":4},{"damage":1,"enemies":"Centurion and Healer","floor":28,"turns":3},{"damage":0,"enemies":"Snake Plant","floor":30,"turns":2},{"damage":16,"enemies":"Snecko","floor":31,"turns":4},{"damage":32,"enemies":"Collector","floor":33,"turns":3}],"seed_played":"-1433610148921960420","potions_obtained":[{"floor":3.0,"key":"Strength Potion"},{"floor":4.0,"key":"Energy Potion"},{"floor":18,"key":"LiquidBronze"},{"floor":21,"key":"Dexterity Potion"},{"floor":22,"key":"Strength Potion"}],"is_trial":false,"path_per_floor":["M","?","M","M","?","R","M","R","T","$","?","M","?","E","R","B",null,"M","?","$","M","?","R","E","R","T","R","M","$","M","M","R","B"],"character_chosen":"IRONCLAD","items_purchased":["Fiend Fire","Limit Break+1","Carnage","Dropkick","Corruption"],"campfire_rested":1,"item_purchase_floors":[10,20,20,20,29],"current_hp_per_floor":[80,80,80,80,85,85,85,85,85,85,78,78,78,78,78,38,79,79,66,66,38,20,43,31,31,31,31,36,36,42,32,32,0],"gold":60,"neow_bonus":"REMOVE_CARD","is_prod":false,"is_daily":false,"chose_seed":true,"campfire_upgraded":6,"win_rate":0,"timestamp":1551575940,"path_taken":["M","?","M","M","?","R","?","R","T","$","?","M","?","E","R","BOSS","M","?","$","M","?","R","E","R","T","R","M","$","M","M","R","BOSS"],"build_version":"2019-01-23","purchased_purges":2,"victory":false,"max_hp_per_floor":[80,80,80,80,85,85,85,85,85,85,85,85,79,79,79,79,79,79,79,79,79,79,79,79,79,79,79,79,79,79,79,79,79],"card_choices":[{"not_picked":["Clash","Wild Strike","Perfected Strike"],"picked":"SKIP","floor":1.0},{"not_picked":["Headbutt","Shockwave"],"picked":"Twin Strike","floor":3.0},{"not_picked":["Wild Strike","Seeing Red"],"picked":"Thunderclap","floor":4.0},{"not_picked":["Fire Breathing","Blood for Blood"],"picked":"Shrug It Off","floor":7.0},{"not_picked":["Headbutt","Flex"],"picked":"Anger","floor":12},{"not_picked":["Clash","Exhume"],"picked":"Pommel Strike","floor":14},{"not_picked":["Offering","Berserk"],"picked":"Demon Form","floor":16},{"not_picked":["Anger","Wild Strike","Pommel Strike+1"],"picked":"SKIP","floor":18},{"not_picked":["Clothesline+1","Thunderclap+1"],"picked":"Pommel Strike","floor":19},{"not_picked":["Cleave","Clash+1","Dropkick"],"picked":"SKIP","floor":21},{"not_picked":["Inflame","Carnage+1"],"picked":"Clothesline","floor":22},{"not_picked":["Dual Wield+1","Entrench+1"],"picked":"Impervious+1","floor":24},{"not_picked":["Clash","Pommel Strike","Perfected Strike+1"],"picked":"SKIP","floor":28},{"not_picked":["Armaments+1","Fire Breathing+1","Cleave+1"],"picked":"SKIP","floor":30},{"not_picked":["Rupture","Perfected Strike+1"],"picked":"Dual Wield+1","floor":31}],"player_experience":282524,"relics_obtained":[{"floor":9.0,"key":"Oddly Smooth Stone"},{"floor":14,"key":"Bag of Marbles"},{"floor":19,"key":"Charon\u0027s Ashes"},{"floor":19,"key":"Toxic Egg 2"},{"floor":22,"key":"Red Mask"},{"floor":24,"key":"Red Skull"},{"floor":26,"key":"Regal Pillow"}],"event_choices":[{"damage_healed":0.0,"max_hp_gain":0.0,"max_hp_loss":0.0,"gold_gain":0.0,"event_name":"Liars Game","player_choice":"Ignored","floor":2.0,"gold_loss":0.0,"damage_taken":0.0},{"damage_healed":0.0,"max_hp_gain":5.0,"max_hp_loss":0.0,"gold_gain":0.0,"event_name":"Big Fish","player_choice":"Donut","floor":5.0,"gold_loss":0.0,"damage_taken":0.0},{"cards_removed":["Strike_R"],"damage_healed":0.0,"max_hp_gain":0.0,"max_hp_loss":0.0,"gold_gain":0.0,"event_name":"Golden Wing","player_choice":"Card Removal","floor":11.0,"gold_loss":0.0,"damage_taken":7.0},{"damage_healed":0,"gold_gain":0,"player_choice":"Lose Max HP","damage_taken":0,"relics_obtained":["Golden Idol"],"max_hp_gain":0,"max_hp_loss":6,"event_name":"Golden Idol","floor":13,"gold_loss":0},{"damage_healed":0,"gold_gain":0,"player_choice":"Fight","damage_taken":0,"max_hp_gain":0,"max_hp_loss":0,"event_name":"Colosseum","floor":19,"gold_loss":0},{"damage_healed":0,"gold_gain":0,"player_choice":"Fought Nobs","damage_taken":0,"max_hp_gain":0,"max_hp_loss":0,"event_name":"Colosseum","floor":19,"gold_loss":0},{"damage_healed":0,"gold_gain":0,"player_choice":"Fought Bandits","damage_taken":0,"max_hp_gain":0,"max_hp_loss":0,"event_name":"Masked Bandits","floor":22,"gold_loss":0}],"is_beta":false,"boss_relics":[{"not_picked":["Tiny House","Mark of Pain"],"picked":"Snecko Eye"}],"items_purged_floors":[20,29],"is_endless":false,"potions_floor_spawned":[3,4,18,21,22,30],"killed_by":"Collector","ascension_level":0}