{"gold_per_floor":[111,111,111,36,82,116,116,135,135,167,62,62,82,102,102,179,179,199,213,213,233,233,233,233,233,313,313],"floor_reached":27,"playtime":856,"items_purged":["Regret"],"score":476,"play_id":"e7bb7c92-3769-4ef7-a9d7-6202b9ec719a","local_time":"20190311122434","is_ascension_mode":true,"campfire_choices":[{"data":"Leg Sweep","floor":7.0,"key":"SMITH"},{"data":"Footwork","floor":12.0,"key":"SMITH"},{"floor":15.0,"key":"REST"},{"floor":23,"key":"REST"},{"data":"Deadly Poison","floor":25,"key":"SMITH"}],"neow_cost":"NONE","seed_source_timestamp":413235050776565,"circlet_count":0,"master_deck":["AscendersBane","Defend_G","Defend_G","Defend_G","Defend_G","Strike_G","Strike_G","Strike_G","Strike_G","Survivor","Neutralize","Skewer+1","Leg Sweep+1","Leg Sweep","Deadly Poison+1","Footwork+1","Die Die Die","Noxious Fumes+1"],"special_seed":0,"relics":["Ring of the Snake","NeowsBlessing","Bronze Scales","Boot","Blue Candle","Ginger","Gambling Chip","Empty Cage","Pear"],"potions_floor_usage":[21,21],"damage_taken":[{"damage":0.0,"enemies":"Small Slimes","floor":1.0,"turns":1.0},{"damage":0.0,"enemies":"Gremlin Nob","floor":6.0,"turns":1.0},{"damage":0.0,"enemies":"Jaw Worm","floor":8.0,"turns":1.0},{"damage":13.0,"enemies":"3 Sentries","floor":10.0,"turns":9.0},{"damage":0.0,"enemies":"Cultist","floor":13.0,"turns":3.0},{"damage":10.0,"enemies":"Exordium Thugs","floor":14.0,"turns":6.0},{"damage":2.0,"enemies":"The Guardian","floor":16.0,"turns":13.0},{"damage":18,"enemies":"Chosen","floor":18,"turns":6},{"damage":8,"enemies":"Spheric Guardian","floor":19,"turns":6},{"damage":28,"enemies":"Cultist and Chosen","floor":21,"turns":6},{"damage":14,"enemies":"Colosseum Slavers","floor":24,"turns":5},{"damage":29,"enemies":"Shelled Parasite and Fungi","floor":27,"turns":5}],"seed_played":"7999296356506231420","potions_obtained":[{"floor":1.0,"key":"GhostInAJar"},{"floor":10.0,"key":"Strength Potion"},{"floor":16.0,"key":"Poison Potion"},{"floor":18,"key":"FearPotion"},{"floor":19,"key":"Block Potion"}],"is_trial":false,"path_per_floor":["M","?","?","$","T","E","R","M","T","E","$","R","M","M","R","B",null,"M","M","?","M","?","R","?","R","T","M"],"character_chosen":"THE_SILENT","items_purchased":["Deadly Poison","Footwork"],"campfire_rested":2,"item_purchase_floors":[11,11],"current_hp_per_floor":[59,59,59,59,59,59,59,59,59,46,46,46,46,36,55,53,63,45,37,37,9,9,28,14,14,24,0],"gold":313,"neow_bonus":"THREE_ENEMY_KILL","is_prod":false,"is_daily":false,"chose_seed":false,"campfire_upgraded":3,"win_rate":0,"timestamp":1552303474,"path_taken":["M","?","?","$","?","E","R","?","T","E","?","R","M","M","R","BOSS","M","M","?","?","?","R","?","R","T","M"],"build_version":"2019-01-23","purchased_purges":1,"victory":false,"max_hp_per_floor":[66,66,66,66,66,66,66,66,66,66,66,66,66,66,66,66,66,66,66,66,66,66,66,66,66,76,76],"card_choices":[{"not_picked":["Terror","Endless Agony"],"picked":"Skewer","floor":1.0},{"not_picked":["Bane","Backflip"],"picked":"Leg Sweep","floor":6.0},{"not_picked":["Outmaneuver","Prepared"],"picked":"Leg Sweep","floor":8.0},{"not_picked":["All Out Attack","Outmaneuver","Acrobatics"],"picked":"SKIP","floor":10.0},{"not_picked":["Prepared","Masterful Stab","Flying Knee"],"picked":"SKIP","floor":13.0},{"not_picked":["Finisher","Backflip","Cloak And Dagger"],"picked":"SKIP","floor":14.0},{"not_picked":["Tools of the Trade","Wraith Form v2"],"picked":"Die Die Die","floor":16.0},{"not_picked":["Underhanded Strike","Crippling Poison"],"picked":"Noxious Fumes","floor":18},{"not_picked":["Riddle With Holes","Underhanded Strike+1","Reflex"],"picked":"SKIP","floor":19},{"not_picked":["Endless Agony","Blade Dance","Slice"],"picked":"SKIP","floor":21}],"player_experience":957563,"relics_obtained":[{"floor":5.0,"key":"Boot"},{"floor":6.0,"key":"Blue Candle"},{"floor":9.0,"key":"Ginger"},{"floor":10.0,"key":"Gambling Chip"},{"floor":26,"key":"Pear"}],"event_choices":[{"damage_healed":0.0,"max_hp_gain":0.0,"max_hp_loss":0.0,"gold_gain":0.0,"event_name":"Living Wall","player_choice":"Grow","floor":2.0,"gold_loss":0.0,"damage_taken":0.0,"cards_upgraded":["Skewer"]},{"damage_healed":0.0,"max_hp_gain":0.0,"max_hp_loss":0.0,"gold_gain":0.0,"event_name":"Big Fish","player_choice":"Box","floor":3.0,"gold_loss":0.0,"damage_taken":0.0,"relics_obtained":["Bronze Scales"],"cards_obtained":["Regret"]},{"damage_healed":0,"gold_gain":0,"player_choice":"Upgraded","damage_taken":0,"max_hp_gain":0,"max_hp_loss":0,"event_name":"Upgrade Shrine","floor":20,"gold_loss":0,"cards_upgraded":["Noxious Fumes"]},{"damage_healed":0,"gold_gain":0,"player_choice":"Ignored","damage_taken":0,"max_hp_gain":0,"max_hp_loss":0,"event_name":"Ghosts","floor":22,"gold_loss":0},{"damage_healed":0,"gold_gain":0,"player_choice":"Fight","damage_taken":0,"max_hp_gain":0,"max_hp_loss":0,"event_name":"Colosseum","floor":24,"gold_loss":0},{"damage_healed":0,"gold_gain":0,"player_choice":"Fled From Nobs","damage_taken":0,"max_hp_gain":0,"max_hp_loss":0,"event_name":"Colosseum","floor":24,"gold_loss":0}],"is_beta":false,"boss_relics":[{"not_picked":["Pandora\u0027s Box","Tiny House"],"picked":"Empty Cage"}],"items_purged_floors":[4],"is_endless":false,"potions_floor_spawned":[1,10,16,18,19],"killed_by":"Shelled Parasite and Fungi","ascension_level":19}