{"path_per_floor":["M","M","M","?","M","R","?","R","T","R","?","?","?","$","R","B",null,"M","?","?","M"],"character_chosen":"IRONCLAD","items_purchased":["Double Tap"],"gold_per_floor":[109,122,141,141,159,159,159,159,182,182,182,182,182,32,32,161,161,177,177,177,193],"floor_reached":22,"campfire_rested":0,"playtime":767,"current_hp_per_floor":[80,73,69,69,48,48,74,74,74,74,74,67,67,67,67,11,74,50,34,34,30],"items_purged":[],"gold":193,"score":172,"play_id":"f14cfbf5-89d7-416a-b869-4fa9a6216788","local_time":"20180318114917","is_prod":false,"is_daily":false,"is_ascension_mode":false,"campfire_upgraded":4,"timestamp":1521384557,"path_taken":["M","?","M","?","M","R","?","R","T","R","?","?","?","?","R","BOSS","M","?","?","?","M"],"build_version":"2018-03-15v3","purchased_purges":0,"victory":false,"master_deck":["Strike_R","Strike_R","Strike_R+1","Strike_R","Strike_R","Bash+1","Bludgeon+1","Double Tap+1","Flex","Dropkick"],"max_hp_per_floor":[80,80,80,80,80,80,80,80,80,80,74,74,74,74,74,74,74,74,74,74,74],"relics":["Burning Blood","Bag of Preparation","Golden Idol","Orrery"],"card_choices":[{"not_picked":["Rampage","Searing Blow"],"picked":"Flex"},{"not_picked":["Cleave","Burning Pact"],"picked":"Dropkick"}],"player_experience":590859,"potions_floor_usage":[3,5],"damage_taken":[{"damage":6,"enemies":"Cultist","floor":1,"turns":3},{"damage":13,"enemies":"2 Louse","floor":2,"turns":2},{"damage":10,"enemies":"Small Slimes","floor":3,"turns":2},{"damage":27,"enemies":"Gremlin Gang","floor":5,"turns":3},{"damage":62,"enemies":"Hexaghost","floor":16,"turns":7},{"damage":30,"enemies":"2 Thieves","floor":18,"turns":3},{"damage":10,"enemies":"Spheric Guardian","floor":21,"turns":3},{"damage":30,"enemies":"Snecko","floor":22,"turns":3}],"event_choices":[{"event_name":"Transmorgrifier","player_choice":"Transform","floor":4,"damage_taken":0},{"event_name":"Big Fish","player_choice":"Banana","floor":7,"damage_taken":0},{"event_name":"Golden Idol","player_choice":"Lose Max HP","floor":11,"damage_taken":0},{"event_name":"Golden Wing","player_choice":"Card Removal","floor":12,"damage_taken":0},{"event_name":"Living Wall","player_choice":"Forget","floor":13,"damage_taken":0},{"event_name":"Cursed Tome","player_choice":"Obtained Book","floor":19,"damage_taken":0},{"event_name":"The Woman in Blue","player_choice":"Bought 0 Potions","floor":20,"damage_taken":0}],"boss_relics":[{"not_picked":["Pandora\u0027s Box","Astrolabe"],"picked":"Orrery"}],"potions_floor_spawned":[1,2,21],"seed_played":"-2705101507260909284","killed_by":"Snecko","ascension_level":0,"is_trial":false}