{"gold_per_floor":[119,119,135,60,74,74,102,102,102,112,112,112,133,202,202,202],"floor_reached":16,"playtime":1089,"items_purged":["Regret"],"score":100,"play_id":"c062bb7c-668c-4e7e-b645-47e5c7071828","local_time":"20180725220337","is_ascension_mode":false,"campfire_choices":[{"data":"Footwork","floor":6,"key":"SMITH"},{"floor":8,"key":"REST"},{"floor":15,"key":"REST"}],"neow_cost":"NONE","seed_source_timestamp":460734807805313,"circlet_count":0,"master_deck":["Defend_G","Defend_G","Defend_G","Defend_G","Strike_G","Strike_G","Strike_G","Strike_G","Strike_G","Survivor","Neutralize","Prepared","Slice","Endless Agony","Footwork+1","Outmaneuver","Bullet Time","Quick Slash","Dagger Throw"],"relics":["Ring of the Snake","Dodecahedron","Paper Crane","Kunai","Golden Idol","Oddly Smooth Stone"],"potions_floor_usage":[14,16,16],"damage_taken":[{"damage":0,"enemies":"2 Louse","floor":1,"turns":4},{"damage":0,"enemies":"Small Slimes","floor":3,"turns":3},{"damage":0,"enemies":"Cultist","floor":5,"turns":3},{"damage":51,"enemies":"Gremlin Nob","floor":7,"turns":6},{"damage":14,"enemies":"Large Slime","floor":10,"turns":9},{"damage":3,"enemies":"Blue Slaver","floor":13,"turns":5},{"damage":22,"enemies":"Lagavulin Event","floor":14,"turns":8},{"damage":43,"enemies":"Hexaghost","floor":16,"turns":17}],"seed_played":"2490472939625208473","potions_obtained":[{"floor":3,"key":"Ancient Potion"},{"floor":7,"key":"SpeedPotion"},{"floor":10,"key":"PowerPotion"},{"floor":14,"key":"Regen Potion"}],"is_trial":false,"path_per_floor":["M","?","M","$","M","R","E","R","T","M","?","?","M","?","R"],"character_chosen":"THE_SILENT","items_purchased":[],"campfire_rested":2,"item_purchase_floors":[],"current_hp_per_floor":[70,70,70,70,70,70,19,40,40,26,26,26,23,1,22,0],"gold":202,"neow_bonus":"TRANSFORM_CARD","is_prod":false,"is_daily":false,"chose_seed":false,"campfire_upgraded":1,"win_rate":0,"timestamp":1532581417,"path_taken":["M","?","M","$","?","R","E","R","T","M","?","?","M","?","R","BOSS"],"build_version":"2018-07-19v2","purchased_purges":1,"victory":false,"max_hp_per_floor":[70,70,70,70,70,70,70,70,70,70,70,70,70,70,70,70],"card_choices":[{"not_picked":["Quick Slash","Deadly Poison"],"picked":"Slice","floor":1},{"not_picked":["Leg Sweep","Dodge and Roll"],"picked":"Endless Agony","floor":3},{"not_picked":["Bane","Prepared"],"picked":"Footwork","floor":5},{"not_picked":["Prepared","Crippling Poison"],"picked":"Outmaneuver","floor":7},{"not_picked":["PiercingWail","Bane"],"picked":"Bullet Time","floor":10},{"not_picked":["Escape Plan","Bane"],"picked":"Quick Slash","floor":13},{"not_picked":["Burst","Caltrops"],"picked":"Dagger Throw","floor":14}],"player_experience":81911,"relics_obtained":[{"floor":7,"key":"Paper Crane"},{"floor":9,"key":"Kunai"}],"event_choices":[{"event_name":"Big Fish","player_choice":"Box","floor":2,"damage_taken":0},{"event_name":"Golden Idol","player_choice":"Take Wound","floor":11,"damage_taken":0},{"event_name":"Living Wall","player_choice":"Forget","floor":12,"damage_taken":0},{"event_name":"Dead Adventurer","player_choice":"Searched \u00273\u0027 times","floor":14,"damage_taken":0}],"is_beta":false,"boss_relics":[],"items_purged_floors":[4],"is_endless":false,"potions_floor_spawned":[3,7,10,14],"killed_by":"Hexaghost","ascension_level":0}