{"gold_per_floor":[118,43,43,43,62,62,92,33,59,94,94,109,109,125,125,125],"floor_reached":16,"playtime":343,"items_purged":[],"score":266,"play_id":"bba1afd3-951c-44b0-882d-6b4ef5279176","local_time":"20190312112657","is_ascension_mode":true,"campfire_choices":[{"data":"Skewer","floor":11,"key":"SMITH"},{"data":"Neutralize","floor":13,"key":"SMITH"},{"floor":15,"key":"REST"}],"neow_cost":"NONE","seed_source_timestamp":496716928016486,"circlet_count":0,"master_deck":["AscendersBane","Defend_G","Defend_G","Defend_G","Defend_G","Strike_G","Strike_G","Strike_G","Survivor","Neutralize+1","Skewer+1","Predator","Backflip","PiercingWail","Adrenaline"],"relics":["Ring of the Snake","NeowsBlessing","Pear","Centennial Puzzle","WingedGreaves"],"potions_floor_usage":[10,16],"damage_taken":[{"damage":0,"enemies":"Jaw Worm","floor":1,"turns":1},{"damage":0,"enemies":"2 Louse","floor":5,"turns":1},{"damage":0,"enemies":"3 Sentries","floor":7,"turns":1},{"damage":36,"enemies":"Gremlin Nob","floor":10,"turns":5},{"damage":0,"enemies":"Cultist","floor":12,"turns":3},{"damage":0,"enemies":"Exordium Wildlife","floor":14,"turns":3},{"damage":51,"enemies":"Hexaghost","floor":16,"turns":12}],"seed_played":"-6641268988676886446","potions_obtained":[{"floor":1,"key":"PowerPotion"},{"floor":10,"key":"Strength Potion"}],"is_trial":false,"path_per_floor":["M","?","$","?","M","?","E","$","T","E","R","M","R","M","R","B"],"character_chosen":"THE_SILENT","items_purchased":["Backflip"],"campfire_rested":1,"item_purchase_floors":[8],"current_hp_per_floor":[59,59,59,52,52,52,62,62,62,26,26,26,26,26,48,0],"gold":125,"neow_bonus":"THREE_ENEMY_KILL","is_prod":false,"is_daily":false,"chose_seed":false,"campfire_upgraded":2,"win_rate":0,"timestamp":1552386417,"path_taken":["M","?","$","?","M","?","E","$","T","E","R","M","R","?","R","BOSS"],"build_version":"2019-01-23","purchased_purges":0,"victory":false,"max_hp_per_floor":[66,66,66,66,66,66,76,76,76,76,76,76,76,76,76,76],"card_choices":[{"not_picked":["All Out Attack","Acrobatics"],"picked":"Skewer","floor":1},{"not_picked":["Bane","Flying Knee","Dodge and Roll"],"picked":"SKIP","floor":5},{"not_picked":["Deflect","Prepared","Quick Slash"],"picked":"SKIP","floor":7},{"not_picked":["Deflect","Prepared","Quick Slash"],"picked":"SKIP","floor":7},{"not_picked":["Tools of the Trade","Poisoned Stab"],"picked":"PiercingWail","floor":10},{"not_picked":["Poisoned Stab","Flying Knee","Flechettes"],"picked":"SKIP","floor":12},{"not_picked":["Deadly Poison","Bane"],"picked":"Adrenaline","floor":14}],"player_experience":976632,"relics_obtained":[{"floor":7,"key":"Pear"},{"floor":9,"key":"Centennial Puzzle"},{"floor":10,"key":"WingedGreaves"}],"event_choices":[{"cards_removed":["Strike_G"],"damage_healed":0,"gold_gain":0,"player_choice":"Card Removal","damage_taken":0,"max_hp_gain":0,"max_hp_loss":0,"event_name":"The Cleric","floor":2,"gold_loss":75},{"cards_removed":["Defend_G"],"damage_healed":0,"gold_gain":0,"player_choice":"Card Removal","damage_taken":7,"max_hp_gain":0,"max_hp_loss":0,"event_name":"Golden Wing","floor":4,"gold_loss":0},{"damage_healed":0,"gold_gain":0,"cards_transformed":["Strike_G"],"player_choice":"Transformed","damage_taken":0,"max_hp_gain":0,"max_hp_loss":0,"event_name":"Transmorgrifier","floor":6,"gold_loss":0,"cards_obtained":["Predator"]}],"is_beta":false,"boss_relics":[],"items_purged_floors":[],"is_endless":false,"potions_floor_spawned":[1,10],"killed_by":"Hexaghost","ascension_level":20}