{"path_per_floor":["M","$","M","M","$","R","?","$","T","R","E","?","M","M","R","B",null,"M","?","?","M","$","E","M","R","T","R","?","$","M","M","R","B",null,"M","$","?","M","?","R","?","M","T","E","?","R","?","M","R","B"],"character_chosen":"IRONCLAD","items_purchased":["Apotheosis","Inflame"],"gold_per_floor":[362,85,103,122,22,22,197,33,58,58,84,84,97,110,110,213,213,226,226,176,193,43,76,87,87,87,87,87,87,104,124,124,219,219,238,63,63,83,83,83,83,95,95,126,126,126,126,139,139,139],"floor_reached":51,"campfire_rested":4,"playtime":3836,"current_hp_per_floor":[46,46,49,53,53,53,53,53,53,53,43,43,37,43,67,51,80,78,78,78,53,53,25,13,37,37,37,37,37,36,41,65,45,80,80,80,80,77,67,80,80,76,76,69,69,69,69,74,74,79],"items_purged":["Strike_R","Strike_R","Doubt","Strike_R","Defend_R"],"gold":139,"score":543,"play_id":"e0ab3819-92d1-4cf5-9fdc-821118d2ce9c","is_prod":false,"is_daily":false,"is_ascension_mode":false,"campfire_upgraded":5,"path_taken":["M","$","M","M","$","R","?","$","T","R","E","?","M","M","R","BOSS","M","?","?","?","$","E","M","R","T","R","?","$","M","M","R","BOSS","M","$","?","?","?","R","?","M","T","E","?","R","?","M","R","BOSS"],"build_version":"2018-02-15-PROD1","purchased_purges":5,"victory":true,"master_deck":["Defend_R","Defend_R","Bash","Flame Barrier","Apotheosis+1","Headbutt","Flex+1","Inflame","Heavy Blade","Double Tap+1","Sword Boomerang","Fiend Fire+1","Writhe","Ghostly Armor+1","Exhume","Warcry+1","Flash of Steel","Madness","Madness+1","Exhume"],"max_hp_per_floor":[80,80,80,80,80,80,80,80,80,80,80,80,80,80,80,80,80,80,80,80,80,80,80,80,80,80,80,80,80,80,80,80,80,80,80,80,80,80,80,80,80,80,80,80,80,80,80,80,80,80],"relics":["Black Blood","Bag of Marbles","Dead Branch","Runic Pyramid","Blue Candle","Bag of Preparation","Ice Cream","Thread and Needle","Bottled Flame"],"card_choices":[{"not_picked":["Clash","Headbutt"],"picked":"Flame Barrier"},{"not_picked":["Searing Blow","Power Through"],"picked":"Headbutt"},{"not_picked":["Cleave","Iron Wave"],"picked":"Flex"},{"not_picked":["Inflame","Wild Strike"],"picked":"Heavy Blade"},{"not_picked":["Ghostly Armor","Spot Weakness"],"picked":"Double Tap"},{"not_picked":["Thunderclap","Flame Barrier"],"picked":"Sword Boomerang"},{"not_picked":["Immolate","Demon Form"],"picked":"Fiend Fire"},{"not_picked":["Thunderclap","Reckless Charge"],"picked":"Ghostly Armor"},{"not_picked":["Body Slam","Anger"],"picked":"Exhume"},{"not_picked":["Metallicize","Second Wind"],"picked":"Warcry"},{"not_picked":["Cleave","Power Through"],"picked":"Exhume"}],"player_experience":149367,"potions_floor_usage":[23,24,24,30,50],"damage_taken":[{"damage":0,"enemies":"Small Slimes","floor":1,"turns":3},{"damage":3,"enemies":"Jaw Worm","floor":3,"turns":4},{"damage":2,"enemies":"2 Louse","floor":4,"turns":3},{"damage":16,"enemies":"Gremlin Nob","floor":11,"turns":3},{"damage":12,"enemies":"Large Slime","floor":13,"turns":5},{"damage":0,"enemies":"3 Louse","floor":14,"turns":3},{"damage":22,"enemies":"The Guardian","floor":16,"turns":8},{"damage":8,"enemies":"3 Byrds","floor":18,"turns":3},{"damage":31,"enemies":"2 Thieves","floor":21,"turns":3},{"damage":49,"enemies":"Book of Stabbing","floor":23,"turns":6},{"damage":18,"enemies":"Cultist and Chosen","floor":24,"turns":4},{"damage":7,"enemies":"Centurion and Healer","floor":30,"turns":4},{"damage":1,"enemies":"Snecko","floor":31,"turns":4},{"damage":33,"enemies":"Champ","floor":33,"turns":8},{"damage":7,"enemies":"Orb Walker","floor":35,"turns":4},{"damage":13,"enemies":"3 Shapes","floor":38,"turns":4},{"damage":14,"enemies":"Maw","floor":42,"turns":4},{"damage":17,"enemies":"2 Orb Walkers","floor":44,"turns":3},{"damage":5,"enemies":"3 Darklings","floor":48,"turns":2},{"damage":29,"enemies":"Awakened One","floor":50,"turns":5}],"event_choices":[{"event_name":"Liars Game","player_choice":"agreed","floor":7,"damage_taken":0},{"event_name":"Living Wall","player_choice":"Forget","floor":12,"damage_taken":0},{"event_name":"The Mausoleum","player_choice":"Yes","floor":19,"damage_taken":0},{"event_name":"The Joust","player_choice":"Bet on Murderer","floor":20,"damage_taken":0},{"event_name":"Back to Basics","player_choice":"Elegance","floor":28,"damage_taken":0},{"event_name":"Match and Keep!","player_choice":"1 cards matched","floor":37,"damage_taken":0},{"event_name":"Winding Halls","player_choice":"Embrace Madness","floor":39,"damage_taken":0},{"event_name":"Tomb of Lord Red Mask","player_choice":"Ignored","floor":45,"damage_taken":0},{"event_name":"Mysterious Sphere","player_choice":"Ignore","floor":47,"damage_taken":0}],"boss_relics":[{"not_picked":["Snecko Eye","Pandora\u0027s Box"],"picked":"Runic Pyramid"},{"not_picked":["Tiny House","Cursed Key"],"picked":"Black Blood"}],"potions_floor_spawned":[1,13,14,18,21,23,24,38,48],"seed_played":"4032909491471947490","ascension_level":0,"is_trial":false}