{"gold_per_floor":[114,114,114,114,132,132,173,192,192,208,227,243,243,266,266,385,385,409,409,430,430,451,482,482,517,517,852,852,406,406,426,426,556,556],"floor_reached":34,"playtime":1131,"items_purged":["Sweeping Beam"],"score":512,"play_id":"7ef9df74-e365-461c-b4d9-9fc61fd1848b","local_time":"20190305073301","daily_mods":["Draft"],"is_ascension_mode":false,"campfire_choices":[{"floor":6.0,"key":"REST"},{"floor":13.0,"key":"REST"},{"data":"Gash","floor":15.0,"key":"SMITH"},{"data":"Gash","floor":24.0,"key":"SMITH"},{"floor":28.0,"key":"REST"},{"data":"Gash","floor":30.0,"key":"SMITH"},{"floor":32.0,"key":"REST"}],"neow_cost":"","seed_source_timestamp":0,"circlet_count":0,"master_deck":["Darkness","Sweeping Beam","Ball Lightning","Sweeping Beam","Darkness","Rip and Tear","Ball Lightning","Self Repair","Gash","Rebound","Skim","Gash+1","Coolheaded","Skim","Leap+1","Conserve Battery+1","Hologram+1","Steam+1","Gash+1","Cold Snap","White Noise+1","All For One","Gash+1","Hologram+1","Gash","Apotheosis+1","Glacier+1","All For One"],"special_seed":0,"relics":["Cracked Core","Toxic Egg 2","Golden Idol","Question Card","Pear","Anchor","Dodecahedron","Shuriken","Old Coin","Sling","Runic Pyramid"],"potions_floor_usage":[],"damage_taken":[{"damage":9.0,"enemies":"Jaw Worm","floor":1.0,"turns":2.0},{"damage":6.0,"enemies":"Small Slimes","floor":5.0,"turns":2.0},{"damage":21.0,"enemies":"Gremlin Nob","floor":7.0,"turns":4.0},{"damage":7.0,"enemies":"2 Louse","floor":8.0,"turns":2.0},{"damage":8.0,"enemies":"Looter","floor":10.0,"turns":3.0},{"damage":13.0,"enemies":"Red Slaver","floor":11.0,"turns":2.0},{"damage":5.0,"enemies":"Lots of Slimes","floor":12.0,"turns":3.0},{"damage":5.0,"enemies":"3 Louse","floor":14.0,"turns":2.0},{"damage":0.0,"enemies":"Slime Boss","floor":16.0,"turns":7.0},{"damage":8.0,"enemies":"Spheric Guardian","floor":18.0,"turns":3.0},{"damage":1.0,"enemies":"3 Byrds","floor":20.0,"turns":3.0},{"damage":17.0,"enemies":"Shelled Parasite and Fungi","floor":22.0,"turns":3.0},{"damage":20.0,"enemies":"Book of Stabbing","floor":23.0,"turns":4.0},{"damage":20.0,"enemies":"Slavers","floor":25.0,"turns":4.0},{"damage":19.0,"enemies":"Gremlin Leader","floor":27.0,"turns":6.0},{"damage":8.0,"enemies":"Snake Plant","floor":31.0,"turns":3.0},{"damage":34.0,"enemies":"Champ","floor":33.0,"turns":8.0}],"seed_played":"-1737389051817651837","potions_obtained":[{"floor":1.0,"key":"Strength Potion"},{"floor":11.0,"key":"Block Potion"},{"floor":14.0,"key":"Fruit Juice"},{"floor":16.0,"key":"SteroidPotion"},{"floor":18.0,"key":"EssenceOfSteel"},{"floor":21.0,"key":"EntropicBrew"},{"floor":21.0,"key":"Regen Potion"},{"floor":27.0,"key":"Swift Potion"}],"is_trial":true,"path_per_floor":["M","?","?","?","M","R","E","M","T","M","M","M","R","M","R","B",null,"M","?","M","?","M","E","R","E","T","E","R","$","R","M","R","B",null],"character_chosen":"DEFECT","items_purchased":["Sling","Apotheosis+1"],"campfire_rested":4,"item_purchase_floors":[29,29],"current_hp_per_floor":[66,66,48,30,31,53,32,25,35,34,28,30,55,55,55,62,90,82,82,81,81,64,56,56,36,36,24,51,51,51,43,70,43,90],"gold":556,"neow_bonus":"","is_prod":false,"is_daily":false,"chose_seed":false,"campfire_upgraded":3,"win_rate":0,"timestamp":1551792781,"path_taken":["M","?","?","?","M","R","E","M","T","M","M","M","R","M","R","BOSS","M","?","?","?","M","E","R","E","T","E","R","$","R","?","R","BOSS"],"build_version":"2019-01-23","purchased_purges":1,"victory":false,"max_hp_per_floor":[75,75,75,75,75,75,75,75,85,85,85,85,85,90,90,90,90,90,90,90,90,90,90,90,90,90,90,90,90,90,90,90,90,90],"card_choices":[{"not_picked":["Stack","Redo"],"picked":"Darkness","floor":0.0},{"not_picked":["Barrage","Compile Driver"],"picked":"Sweeping Beam","floor":0.0},{"not_picked":["Capacitor","Beam Cell"],"picked":"Ball Lightning","floor":0.0},{"not_picked":["Stack","Compile Driver"],"picked":"Sweeping Beam","floor":0.0},{"not_picked":["Stack","Lockon"],"picked":"Sweeping Beam","floor":0.0},{"not_picked":["Cold Snap","Compile Driver"],"picked":"Darkness","floor":0.0},{"not_picked":["Hello World","Barrage"],"picked":"Rip and Tear","floor":0.0},{"not_picked":["Heatsinks","Melter"],"picked":"Ball Lightning","floor":0.0},{"not_picked":["Ball Lightning","BootSequence"],"picked":"Self Repair","floor":0.0},{"not_picked":["Compile Driver","Streamline"],"picked":"Gash","floor":0.0},{"not_picked":["Tempest","Turbo"],"picked":"Rebound","floor":0.0},{"not_picked":["Reinforced Body","Compile Driver"],"picked":"Skim","floor":0.0},{"not_picked":["Sweeping Beam","Rebound"],"picked":"Gash","floor":0.0},{"not_picked":["Rebound","Reprogram"],"picked":"Coolheaded","floor":0.0},{"not_picked":["Cold Snap","Hologram"],"picked":"Skim","floor":0.0},{"not_picked":["Go for the Eyes","Beam Cell"],"picked":"Leap","floor":1.0},{"not_picked":["Cold Snap","Consume+1"],"picked":"Conserve Battery+1","floor":5.0},{"not_picked":["Sunder","Machine Learning","Compile Driver"],"picked":"SKIP","floor":7.0},{"not_picked":["Streamline","Darkness+1","Storm"],"picked":"Hologram+1","floor":8.0},{"not_picked":["Cold Snap","Rebound","Consume+1"],"picked":"Steam+1","floor":10.0},{"not_picked":["Streamline","Storm","Ball Lightning"],"picked":"Gash","floor":11.0},{"not_picked":["Turbo+1","Scrape","Loop"],"picked":"Cold Snap","floor":12.0},{"not_picked":["Leap+1","Auto Shields+1","Recycle+1"],"picked":"White Noise+1","floor":14.0},{"not_picked":["Reboot+1","Meteor Strike","Echo Form"],"picked":"All For One","floor":16.0},{"not_picked":["Steam Power+1","Scrape","Go for the Eyes","Chaos+1"],"picked":"SKIP","floor":18.0},{"not_picked":["Steam+1","Self Repair","Loop","Streamline"],"picked":"SKIP","floor":20.0},{"not_picked":["Redo+1","Machine Learning","Auto Shields+1"],"picked":"Gash","floor":22.0},{"not_picked":["Sweeping Beam","Coolheaded+1","Chill+1"],"picked":"Hologram+1","floor":23.0},{"not_picked":["Reprogram+1","Fusion+1","Capacitor+1","Turbo+1"],"picked":"SKIP","floor":25.0},{"not_picked":["Beam Cell","Darkness+1","Hyperbeam"],"picked":"Gash","floor":27.0},{"not_picked":["Steam+1","Compile Driver","Cold Snap"],"picked":"Glacier+1","floor":31.0},{"not_picked":["Reboot+1","Multi-Cast+1","Electrodynamics"],"picked":"All For One","floor":33.0}],"player_experience":309382,"relics_obtained":[{"floor":7.0,"key":"Question Card"},{"floor":9.0,"key":"Pear"},{"floor":23.0,"key":"Anchor"},{"floor":25.0,"key":"Dodecahedron"},{"floor":26.0,"key":"Shuriken"},{"floor":27.0,"key":"Old Coin"}],"event_choices":[{"damage_healed":0.0,"max_hp_gain":0.0,"max_hp_loss":0.0,"gold_gain":0.0,"event_name":"Liars Game","player_choice":"Ignored","floor":2.0,"gold_loss":0.0,"damage_taken":0.0},{"damage_healed":0.0,"max_hp_gain":0.0,"max_hp_loss":0.0,"gold_gain":0.0,"event_name":"Scrap Ooze","player_choice":"Success","floor":3.0,"gold_loss":0.0,"damage_taken":18.0,"relics_obtained":["Toxic Egg 2"]},{"damage_healed":0.0,"max_hp_gain":0.0,"max_hp_loss":0.0,"gold_gain":0.0,"event_name":"Golden Idol","player_choice":"Take Damage","floor":4.0,"gold_loss":0.0,"damage_taken":18.0,"relics_obtained":["Golden Idol"]},{"damage_healed":0.0,"max_hp_gain":0.0,"max_hp_loss":0.0,"gold_gain":0.0,"event_name":"Accursed Blacksmith","player_choice":"Forge","floor":19.0,"gold_loss":0.0,"damage_taken":0.0,"cards_upgraded":["Leap"]},{"damage_healed":0.0,"max_hp_gain":0.0,"max_hp_loss":0.0,"gold_gain":0.0,"event_name":"Lab","player_choice":"Got Potions","floor":21.0,"gold_loss":0.0,"damage_taken":0.0}],"is_beta":false,"boss_relics":[{"not_picked":["Calling Bell","Astrolabe","Inserter"]},{"not_picked":["Philosopher\u0027s Stone","White Beast Statue"],"picked":"Runic Pyramid"}],"items_purged_floors":[29],"is_endless":false,"potions_floor_spawned":[1,11,14,16,18,20,27],"ascension_level":0}