{"gold_per_floor":[109,33,108,118,118,118,147,159,159,159,176,176,176,176,176,272,272,287,287,298,298,208,208,221,221,296,296,57,89,89,7,7,102,102,113,113,125,125,125,125,135,135,135,135,135,169,169,269,269,269],"floor_reached":50,"playtime":2515,"items_purged":[],"score":623,"play_id":"e1fe210a-9227-47c7-a2a7-a2e76604a0f0","local_time":"20190226213253","is_ascension_mode":true,"campfire_choices":[{"data":"Chaos","floor":6.0,"key":"SMITH"},{"data":"Conserve Battery","floor":10.0,"key":"SMITH"},{"data":"Barrage","floor":13.0,"key":"SMITH"},{"floor":15.0,"key":"REST"},{"data":"Rip and Tear","floor":23.0,"key":"SMITH"},{"data":"Barrage","floor":25.0,"key":"SMITH"},{"data":"Dualcast","floor":27.0,"key":"SMITH"},{"data":"Barrage","floor":32.0,"key":"SMITH"},{"data":"Magnetism","floor":40,"key":"SMITH"},{"data":"Rainbow","floor":42,"key":"SMITH"},{"data":"Mayhem","floor":44,"key":"SMITH"},{"data":"Madness","floor":47,"key":"SMITH"},{"data":"Madness","floor":49,"key":"SMITH"}],"neow_cost":"NONE","seed_source_timestamp":960740599374846,"circlet_count":0,"master_deck":["Strike_B+1","Strike_B+1","Strike_B","Defend_B","Defend_B","Defend_B","Zap+1","Dualcast+1","Rip and Tear+1","Chaos+1","Conserve Battery+1","Leap","Streamline","Barrage+1","Thunder Strike","Steam Power+1","White Noise+1","Barrage+1","Barrage+1","Purity","Rainbow+1","BootSequence+1","Mayhem+1","Master of Strategy","Magnetism+1","Hello World+1","Regret","Madness+1","Madness+1","Hologram+1"],"special_seed":0,"relics":["Cracked Core","FossilizedHelix","Mercury Hourglass","Pocketwatch","Juzu Bracelet","Eternal Feather","Dodecahedron","Symbiotic Virus","Red Mask","Ginger","Cursed Key","Centennial Puzzle","Mango"],"potions_floor_usage":[50,50,50],"damage_taken":[{"damage":1.0,"enemies":"Cultist","floor":1.0,"turns":3.0},{"damage":0.0,"enemies":"2 Louse","floor":4.0,"turns":2.0},{"damage":12.0,"enemies":"Lagavulin","floor":7.0,"turns":7.0},{"damage":0.0,"enemies":"Small Slimes","floor":8.0,"turns":2.0},{"damage":0.0,"enemies":"Looter","floor":11.0,"turns":2.0},{"damage":41.0,"enemies":"Hexaghost","floor":16.0,"turns":8.0},{"damage":15.0,"enemies":"2 Thieves","floor":18.0,"turns":4.0},{"damage":1.0,"enemies":"Spheric Guardian","floor":20.0,"turns":3.0},{"damage":17.0,"enemies":"Chosen and Byrds","floor":24.0,"turns":3.0},{"damage":0.0,"enemies":"Masked Bandits","floor":29.0,"turns":3.0},{"damage":58.0,"enemies":"Automaton","floor":33.0,"turns":8.0},{"damage":17.0,"enemies":"3 Darklings","floor":35.0,"turns":7.0},{"damage":0,"enemies":"3 Shapes","floor":37,"turns":3},{"damage":32,"enemies":"Writhing Mass","floor":41,"turns":5},{"damage":26,"enemies":"Nemesis","floor":46,"turns":5},{"damage":95,"enemies":"Time Eater","floor":50,"turns":8}],"seed_played":"981988888254553399","potions_obtained":[{"floor":1.0,"key":"PowerPotion"},{"floor":4.0,"key":"Explosive Potion"},{"floor":8.0,"key":"Poison Potion"},{"floor":18.0,"key":"Poison Potion"},{"floor":19.0,"key":"LiquidBronze"},{"floor":19.0,"key":"LiquidBronze"},{"floor":19.0,"key":"PowerPotion"},{"floor":29.0,"key":"SteroidPotion"},{"floor":35.0,"key":"LiquidBronze"},{"floor":46,"key":"SkillPotion"}],"is_trial":false,"path_per_floor":["M","$","?","M","?","R","E","M","T","R","M","?","R","?","R","B",null,"M","?","M","?","?","R","M","R","T","R","$","?","?","$","R","B",null,"M","?","M","?","?","R","M","R","T","R","?","E","R","?","R","B"],"character_chosen":"DEFECT","items_purchased":["Chaos","Symbiotic Virus","Purity"],"campfire_rested":1,"item_purchase_floors":[2,28,31],"current_hp_per_floor":[67,67,56,56,41,41,29,29,29,29,29,29,29,26,48,7,58,43,43,42,67,67,75,58,67,67,75,75,75,75,75,75,17,61,44,44,44,44,34,49,17,32,32,47,38,26,44,44,62,0],"gold":269,"neow_bonus":"REMOVE_CARD","is_prod":false,"is_daily":false,"chose_seed":false,"campfire_upgraded":12,"win_rate":0,"timestamp":1551245573,"path_taken":["M","?","?","M","?","R","E","M","T","R","M","?","R","?","R","BOSS","M","?","M","?","?","R","M","R","T","R","$","?","?","?","R","BOSS","M","?","M","?","?","R","M","R","T","R","?","E","R","?","R","BOSS"],"build_version":"2019-01-23","purchased_purges":0,"victory":false,"max_hp_per_floor":[75,75,75,75,75,75,75,75,75,75,75,75,75,75,75,75,75,75,75,75,75,75,75,75,75,75,75,75,75,75,75,75,75,75,75,75,75,75,75,75,75,75,75,75,75,89,89,89,89,89],"card_choices":[{"not_picked":["Skim","Reprogram"],"picked":"Rip and Tear","floor":1.0},{"not_picked":["Rebound","Rip and Tear"],"picked":"Conserve Battery","floor":4.0},{"not_picked":["Gash","Doom and Gloom"],"picked":"Leap","floor":7.0},{"not_picked":["Stack","Double Energy"],"picked":"Streamline","floor":8.0},{"not_picked":["Recycle","Rebound"],"picked":"Barrage","floor":11.0},{"not_picked":["Creative AI","Hyperbeam"],"picked":"Thunder Strike","floor":16.0},{"not_picked":["Coolheaded","Aggregate"],"picked":"Steam Power+1","floor":18.0},{"not_picked":["Sweeping Beam+1","Steam Power"],"picked":"White Noise+1","floor":20.0},{"not_picked":["Double Energy","Storm"],"picked":"Barrage","floor":24.0},{"not_picked":["Steam+1","Glacier"],"picked":"Barrage","floor":29.0},{"not_picked":["Biased Cognition","Creative AI"],"picked":"Rainbow","floor":33.0},{"not_picked":["Genetic Algorithm+1","Stack+1"],"picked":"BootSequence+1","floor":35.0},{"not_picked":["Genetic Algorithm","Turbo","Go for the Eyes"],"picked":"SKIP","floor":37},{"not_picked":["Discovery","Good Instincts"],"picked":"Mayhem","floor":39},{"not_picked":["Trip","Enlightenment"],"picked":"Master of Strategy","floor":39},{"not_picked":["Blind","Swift Strike"],"picked":"Magnetism","floor":39},{"not_picked":["Sunder","Rip and Tear"],"picked":"Hello World+1","floor":41},{"not_picked":["Stack+1","Storm+1"],"picked":"Hologram+1","floor":46}],"player_experience":372975,"relics_obtained":[{"floor":7.0,"key":"FossilizedHelix"},{"floor":9.0,"key":"Mercury Hourglass"},{"floor":26.0,"key":"Dodecahedron"},{"floor":29.0,"key":"Red Mask"},{"floor":43,"key":"Centennial Puzzle"},{"floor":46,"key":"Mango"}],"event_choices":[{"damage_healed":0.0,"max_hp_gain":0.0,"max_hp_loss":0.0,"gold_gain":75.0,"event_name":"World of Goop","player_choice":"Gather Gold","floor":3.0,"gold_loss":0.0,"damage_taken":11.0},{"damage_healed":0.0,"max_hp_gain":0.0,"max_hp_loss":0.0,"gold_gain":0.0,"event_name":"Shining Light","player_choice":"Entered Light","floor":5.0,"gold_loss":0.0,"damage_taken":15.0,"cards_upgraded":["Strike_B","Zap"]},{"damage_healed":0.0,"max_hp_gain":0.0,"max_hp_loss":0.0,"gold_gain":0.0,"event_name":"Big Fish","player_choice":"Box","floor":12.0,"gold_loss":0.0,"damage_taken":0.0,"relics_obtained":["Pocketwatch"],"cards_obtained":["Regret"]},{"damage_healed":0.0,"max_hp_gain":0.0,"max_hp_loss":0.0,"gold_gain":0.0,"event_name":"Scrap Ooze","player_choice":"Success","floor":14.0,"gold_loss":0.0,"damage_taken":3.0,"relics_obtained":["Juzu Bracelet"]},{"damage_healed":0.0,"max_hp_gain":0.0,"max_hp_loss":0.0,"gold_gain":0.0,"event_name":"Lab","player_choice":"Got Potions","floor":19.0,"gold_loss":0.0,"damage_taken":0.0},{"damage_healed":25.0,"max_hp_gain":0.0,"max_hp_loss":0.0,"gold_gain":0.0,"event_name":"The Library","player_choice":"Heal","floor":21.0,"gold_loss":0.0,"damage_taken":0.0},{"cards_removed":["Regret"],"damage_healed":0.0,"max_hp_gain":0.0,"max_hp_loss":0.0,"gold_gain":0.0,"event_name":"Designer","player_choice":"Upgrade and Remove","floor":22.0,"gold_loss":90.0,"damage_taken":0.0,"cards_upgraded":["Strike_B"]},{"damage_healed":0.0,"max_hp_gain":0.0,"max_hp_loss":0.0,"gold_gain":0.0,"event_name":"Masked Bandits","player_choice":"Fought Bandits","floor":29.0,"gold_loss":0.0,"damage_taken":0.0},{"damage_healed":0.0,"max_hp_gain":0.0,"max_hp_loss":0.0,"gold_gain":0.0,"event_name":"WeMeetAgain","player_choice":"Gave Potion","floor":30.0,"gold_loss":0.0,"damage_taken":0.0,"relics_obtained":["Ginger"]},{"cards_removed":["Defend_B"],"damage_healed":0.0,"max_hp_gain":0.0,"max_hp_loss":0.0,"gold_gain":0.0,"event_name":"Falling","player_choice":"Removed Skill","floor":36.0,"gold_loss":0.0,"damage_taken":0.0},{"damage_healed":0,"gold_gain":0,"player_choice":"Bought 0 Potions","damage_taken":0,"max_hp_gain":0,"max_hp_loss":0,"event_name":"The Woman in Blue","floor":38,"gold_loss":0},{"damage_healed":0,"gold_gain":0,"player_choice":"Memory 3","damage_taken":10,"max_hp_gain":0,"max_hp_loss":0,"event_name":"SensoryStone","floor":39,"gold_loss":0},{"damage_healed":0,"gold_gain":0,"player_choice":"Embrace Madness","damage_taken":9,"max_hp_gain":0,"max_hp_loss":0,"event_name":"Winding Halls","floor":45,"gold_loss":0,"cards_obtained":["Madness","Madness"]},{"damage_healed":0,"gold_gain":100,"player_choice":"Pray","damage_taken":0,"max_hp_gain":0,"max_hp_loss":0,"event_name":"Golden Shrine","floor":48,"gold_loss":0}],"is_beta":false,"boss_relics":[{"not_picked":["Empty Cage","Orrery"],"picked":"Eternal Feather"},{"not_picked":["Black Star","Lizard Tail"],"picked":"Cursed Key"}],"items_purged_floors":[],"is_endless":false,"potions_floor_spawned":[1,4,8,18,29,35,41,46],"killed_by":"Time Eater","ascension_level":6}