{"gold_per_floor":[109,109,121,134,59,59,84,84,84,96,123,167,179,207,219,352,364,391,159,184,184,200,200,75,90,114,114,135,135,260,274,274,403,403,427,483,608,608,628,672,672,1,46,46,0,24,65,65,65,65],"floor_reached":51,"playtime":2439,"items_purged":["Strike_B","Defend_B","Injury","Strike_B"],"score":861,"play_id":"b6859118-fc5a-4584-a664-6c4410e6e89f","local_time":"20190315144533","is_ascension_mode":false,"campfire_choices":[{"data":"Zap","floor":6,"key":"SMITH"},{"data":"Dualcast","floor":8,"key":"SMITH"},{"data":"Gash","floor":10,"key":"SMITH"},{"floor":15,"key":"REST"},{"floor":23,"key":"REST"},{"floor":29,"key":"REST"},{"data":"Steam Power","floor":32,"key":"SMITH"},{"data":"Madness","floor":41,"key":"SMITH"},{"data":"Reprogram","floor":44,"key":"SMITH"},{"data":"Madness","floor":49,"key":"SMITH"}],"neow_cost":"NONE","seed_source_timestamp":173731580591300,"circlet_count":0,"master_deck":["Strike_B","Strike_B","Defend_B","Defend_B","Defend_B","Zap+1","Dualcast+1","All For One","Reprogram+1","Steam Power+1","Gash+1","Go for the Eyes","Defragment","Gash","All For One","Gash+1","Gash+1","Gash","All For One","Injury","Doubt","Clumsy","Beam Cell+1","Madness+1","Madness+1","Redo+1"],"relics":["Cracked Core","Mercury Hourglass","Dead Branch","MawBank","Bronze Scales","Golden Idol","Nuclear Battery","Blood Vial","Nilry\u0027s Codex","Anchor","Meat on the Bone","Torii","Cables","Calling Bell","Happy Flower","Question Card","Thread and Needle","WingedGreaves","Ice Cream","Pantograph","Sling","Incense Burner","Lantern","Red Mask","Regal Pillow","Bird Faced Urn"],"potions_floor_usage":[7,12,25,30,33,36,40,40,40],"damage_taken":[{"damage":10,"enemies":"Jaw Worm","floor":1,"turns":4},{"damage":0,"enemies":"2 Louse","floor":3,"turns":2},{"damage":2,"enemies":"Small Slimes","floor":4,"turns":2},{"damage":9,"enemies":"3 Sentries","floor":7,"turns":4},{"damage":0,"enemies":"Looter","floor":11,"turns":2},{"damage":12,"enemies":"Gremlin Nob","floor":12,"turns":3},{"damage":0,"enemies":"Large Slime","floor":14,"turns":2},{"damage":2,"enemies":"Slime Boss","floor":16,"turns":5},{"damage":14,"enemies":"3 Byrds","floor":18,"turns":3},{"damage":5,"enemies":"Chosen","floor":20,"turns":2},{"damage":18,"enemies":"Centurion and Healer","floor":22,"turns":3},{"damage":10,"enemies":"Snake Plant","floor":25,"turns":2},{"damage":8,"enemies":"Snecko","floor":28,"turns":3},{"damage":11,"enemies":"Colosseum Slavers","floor":30,"turns":2},{"damage":0,"enemies":"Colosseum Nobs","floor":30,"turns":2},{"damage":1,"enemies":"Cultist and Chosen","floor":31,"turns":3},{"damage":28,"enemies":"Collector","floor":33,"turns":4},{"damage":0,"enemies":"3 Darklings","floor":35,"turns":2},{"damage":11,"enemies":"2 Orb Walkers","floor":36,"turns":3},{"damage":0,"enemies":"Mind Bloom Boss Battle","floor":37,"turns":2},{"damage":0,"enemies":"Orb Walker","floor":39,"turns":1},{"damage":1,"enemies":"Reptomancer","floor":40,"turns":3},{"damage":0,"enemies":"Giant Head","floor":47,"turns":3},{"damage":20,"enemies":"Awakened One","floor":50,"turns":4}],"seed_played":"834865755536309839","potions_obtained":[{"floor":1,"key":"Strength Potion"},{"floor":7,"key":"Weak Potion"},{"floor":12,"key":"SpeedPotion"},{"floor":16,"key":"Weak Potion"},{"floor":18,"key":"Block Potion"},{"floor":28,"key":"Strength Potion"},{"floor":30,"key":"SkillPotion"},{"floor":35,"key":"SteroidPotion"},{"floor":39,"key":"Poison Potion"}],"is_trial":false,"path_per_floor":["M","?","M","M","$","R","E","R","T","R","M","E","?","M","R","B",null,"M","$","M","?","M","R","$","M","T","T","M","R","?","M","R","B",null,"M","?","?","?","M","E","R","$","T","R","?","T","E","$","R","B",null],"character_chosen":"DEFECT","items_purchased":["Blood Vial","Sling","Incense Burner"],"campfire_rested":3,"item_purchase_floors":[19,42,42],"current_hp_per_floor":[65,62,62,60,60,60,51,51,51,51,51,39,39,39,61,59,75,61,61,58,42,26,48,48,40,40,40,46,68,61,62,62,48,75,75,64,66,57,59,60,60,60,60,60,60,60,62,62,62,57],"gold":65,"neow_bonus":"ONE_RANDOM_RARE_CARD","is_prod":false,"is_daily":false,"chose_seed":false,"campfire_upgraded":7,"win_rate":0.0,"timestamp":1552682733,"path_taken":["M","?","M","M","$","R","E","R","T","R","M","E","?","M","R","BOSS","M","$","M","?","M","R","$","M","T","?","M","R","?","M","R","BOSS","M","?","?","?","?","E","R","$","T","R","?","?","E","?","R","BOSS"],"build_version":"2019-01-23","purchased_purges":4,"victory":true,"max_hp_per_floor":[75,75,75,75,75,75,75,75,75,75,75,75,75,75,75,75,75,75,75,75,75,75,75,75,75,75,75,75,75,75,75,75,75,75,75,75,75,75,75,75,75,75,75,75,75,75,75,75,75,75],"card_choices":[{"not_picked":["Darkness","Sweeping Beam"],"picked":"Reprogram","floor":1},{"not_picked":["Steam","Streamline"],"picked":"Steam Power","floor":3},{"not_picked":["Doom and Gloom","Skim"],"picked":"Gash","floor":4},{"not_picked":["Cold Snap","Redo"],"picked":"Go for the Eyes","floor":7},{"not_picked":["White Noise","Coolheaded"],"picked":"Defragment","floor":11},{"not_picked":["Sweeping Beam","Barrage","Auto Shields"],"picked":"SKIP","floor":12},{"not_picked":["Hologram","Storm"],"picked":"Gash","floor":14},{"not_picked":["Meteor Strike","Multi-Cast"],"picked":"All For One","floor":16},{"not_picked":["Stack","Darkness"],"picked":"Gash+1","floor":18},{"not_picked":["Go for the Eyes","Genetic Algorithm"],"picked":"Gash+1","floor":20},{"not_picked":["Undo","Rebound","Tempest+1"],"picked":"SKIP","floor":22},{"not_picked":["Double Energy","Thunder Strike","Hello World"],"picked":"SKIP","floor":25},{"not_picked":["Melter","Auto Shields+1","Stack"],"picked":"SKIP","floor":28},{"not_picked":["Leap","Conserve Battery+1"],"picked":"Gash","floor":30},{"not_picked":["Capacitor","Sunder","Ball Lightning+1"],"picked":"SKIP","floor":31},{"not_picked":["Biased Cognition","Reboot"],"picked":"All For One","floor":33},{"not_picked":["Leap+1","Stack","Consume+1"],"picked":"Beam Cell+1","floor":35},{"not_picked":["Glacier+1","Barrage","Sweeping Beam+1"],"picked":"Redo+1","floor":39},{"not_picked":["Stack","Electrodynamics","Cold Snap+1","Biased Cognition"],"picked":"SKIP","floor":40},{"not_picked":["Beam Cell+1","Cold Snap+1","Sweeping Beam","Compile Driver+1"],"picked":"SKIP","floor":47}],"player_experience":338364,"relics_obtained":[{"floor":7,"key":"Dead Branch"},{"floor":9,"key":"MawBank"},{"floor":12,"key":"Bronze Scales"},{"floor":21,"key":"Nilry\u0027s Codex"},{"floor":26,"key":"Anchor"},{"floor":27,"key":"Meat on the Bone"},{"floor":30,"key":"Torii"},{"floor":30,"key":"Cables"},{"floor":34,"key":"Happy Flower"},{"floor":34,"key":"Question Card"},{"floor":34,"key":"Thread and Needle"},{"floor":36,"key":"WingedGreaves"},{"floor":37,"key":"Ice Cream"},{"floor":40,"key":"Pantograph"},{"floor":43,"key":"Lantern"},{"floor":46,"key":"Regal Pillow"},{"floor":47,"key":"Bird Faced Urn"}],"event_choices":[{"damage_healed":0,"gold_gain":0,"player_choice":"Success","damage_taken":3,"relics_obtained":["Mercury Hourglass"],"max_hp_gain":0,"max_hp_loss":0,"event_name":"Scrap Ooze","floor":2,"gold_loss":0},{"damage_healed":0,"gold_gain":0,"player_choice":"Take Wound","damage_taken":0,"relics_obtained":["Golden Idol"],"max_hp_gain":0,"max_hp_loss":0,"event_name":"Golden Idol","floor":13,"gold_loss":0,"cards_obtained":["Injury"]},{"damage_healed":0,"gold_gain":0,"player_choice":"Obtained Book","damage_taken":16,"max_hp_gain":0,"max_hp_loss":0,"event_name":"Cursed Tome","floor":21,"gold_loss":0},{"damage_healed":0,"gold_gain":0,"player_choice":"Fight","damage_taken":0,"max_hp_gain":0,"max_hp_loss":0,"event_name":"Colosseum","floor":30,"gold_loss":0},{"damage_healed":0,"gold_gain":0,"player_choice":"Fought Nobs","damage_taken":0,"max_hp_gain":0,"max_hp_loss":0,"event_name":"Colosseum","floor":30,"gold_loss":0},{"damage_healed":0,"gold_gain":0,"player_choice":"Fight","damage_taken":0,"max_hp_gain":0,"max_hp_loss":0,"event_name":"Mysterious Sphere","floor":36,"gold_loss":0},{"damage_healed":0,"gold_gain":0,"player_choice":"Fight","damage_taken":0,"max_hp_gain":0,"max_hp_loss":0,"event_name":"MindBloom","floor":37,"gold_loss":0},{"damage_healed":0,"gold_gain":0,"player_choice":"Embrace Madness","damage_taken":9,"max_hp_gain":0,"max_hp_loss":0,"event_name":"Winding Halls","floor":38,"gold_loss":0,"cards_obtained":["Madness","Madness"]},{"damage_healed":0,"gold_gain":0,"player_choice":"Paid","damage_taken":0,"relics_obtained":["Red Mask"],"max_hp_gain":0,"max_hp_loss":0,"event_name":"Tomb of Lord Red Mask","floor":45,"gold_loss":46}],"is_beta":false,"boss_relics":[{"not_picked":["Empty Cage","Pandora\u0027s Box"],"picked":"Nuclear Battery"},{"not_picked":["Orrery","Busted Crown"],"picked":"Calling Bell"}],"items_purged_floors":[5,19,24,42],"is_endless":false,"potions_floor_spawned":[1,7,12,16,18,28,30,31,35,39],"ascension_level":0}