{"gold_per_floor":[144,144,159,84,99,99,99,99,149,149,149,49,49,64,64,164,164,179,194,194,69,69,69,99,114,164,176,203,230,242,269,281,393,455,482,244,259,274,124,139,0,15,15,30,45,45,45,60,60,60],"floor_reached":51,"playtime":3641,"items_purged":["Limit Break","Dark Embrace","Berserk"],"score":786,"play_id":"8cdd9c01-e665-4895-9e22-2267be12ca7d","local_time":"20180928183915","daily_mods":["Shiny","Vintage","Careless"],"is_ascension_mode":false,"campfire_choices":[{"data":"Feed","floor":6,"key":"SMITH"},{"data":"Fiend Fire","floor":8,"key":"SMITH"},{"data":"Exhume","floor":10,"key":"SMITH"},{"data":"Demon Form","floor":13,"key":"SMITH"},{"data":"Bludgeon","floor":15,"key":"SMITH"},{"data":"Impervious","floor":23,"key":"SMITH"},{"data":"Barricade","floor":27,"key":"SMITH"},{"data":"Impervious","floor":32,"key":"SMITH"},{"data":"Warcry","floor":49,"key":"SMITH"}],"neow_cost":"","seed_source_timestamp":0,"circlet_count":0,"master_deck":["Double Tap+1","Demon Form+1","Bludgeon+1","Feed+1","Barricade+1","Fiend Fire+1","Impervious+1","Brutality","Reaper","Exhume+1","Offering+1","Immolate","Impervious+1","Offering+1","Enlightenment","Warcry+1"],"special_seed":17803,"relics":["Burning Blood","Tiny Chest","Incense Burner","Kunai","Centennial Puzzle","Oddly Smooth Stone","Mango","Bag of Preparation","Busted Crown","Paper Frog","Boot","Pantograph","Meat on the Bone","Red Skull","MawBank","Mummified Hand","Anchor","Matryoshka","Bronze Scales","Tiny House","Vajra","Bottled Flame","Singing Bowl","War Paint","Question Card","Red Mask","Pocketwatch","Bag of Marbles","Bottled Tornado","Pear","Omamori","FossilizedHelix","The Courier","Sundial","Juzu Bracelet"],"potions_floor_usage":[16,50,50],"damage_taken":[{"damage":0,"enemies":"Small Slimes","floor":1,"turns":1},{"damage":15,"enemies":"Cultist","floor":3,"turns":3},{"damage":11,"enemies":"Jaw Worm","floor":5,"turns":3},{"damage":0,"enemies":"2 Fungi Beasts","floor":14,"turns":1},{"damage":49,"enemies":"Hexaghost","floor":16,"turns":6},{"damage":0,"enemies":"Spheric Guardian","floor":18,"turns":1},{"damage":1,"enemies":"3 Byrds","floor":19,"turns":2},{"damage":7,"enemies":"Book of Stabbing","floor":24,"turns":2},{"damage":10,"enemies":"Cultist and Chosen","floor":25,"turns":3},{"damage":21,"enemies":"Snake Plant","floor":28,"turns":2},{"damage":20,"enemies":"Centurion and Healer","floor":29,"turns":3},{"damage":0,"enemies":"Snecko","floor":31,"turns":4},{"damage":27,"enemies":"Champ","floor":33,"turns":7},{"damage":0,"enemies":"Orb Walker","floor":35,"turns":2},{"damage":12,"enemies":"3 Darklings","floor":37,"turns":2},{"damage":13,"enemies":"Spire Growth","floor":38,"turns":3},{"damage":1,"enemies":"4 Shapes","floor":40,"turns":1},{"damage":13,"enemies":"Reptomancer","floor":42,"turns":2},{"damage":6,"enemies":"Maw","floor":44,"turns":4},{"damage":16,"enemies":"Transient","floor":45,"turns":5},{"damage":1,"enemies":"Mind Bloom Boss Battle","floor":46,"turns":3},{"damage":0,"enemies":"Spire Growth","floor":48,"turns":2},{"damage":6,"enemies":"Awakened One","floor":50,"turns":6}],"seed_played":"5914657231768522492","potions_obtained":[{"floor":3,"key":"Fire Potion"},{"floor":5,"key":"Strength Potion"},{"floor":19,"key":"Strength Potion"},{"floor":25,"key":"Strength Potion"},{"floor":44,"key":"Block Potion"}],"is_trial":false,"path_per_floor":["M","?","M","$","M","R","?","R","T","R","?","$","R","M","R","B",null,"M","M","?","$","T","R","E","M","T","R","M","M","$","M","R","B",null,"M","$","M","M","$","M","?","M","T","M","M","?","T","M","R","B"],"character_chosen":"IRONCLAD","items_purchased":["Bottled Flame","Enlightenment","Warcry"],"campfire_rested":0,"item_purchase_floors":[36,39,39],"current_hp_per_floor":[80,80,75,75,70,70,70,70,70,70,63,63,63,83,83,76,94,94,102,102,102,102,102,101,97,97,97,82,88,88,102,102,97,115,115,115,119,118,118,123,123,116,116,136,137,139,139,143,143,147],"gold":60,"neow_bonus":"","is_prod":false,"is_daily":true,"chose_seed":false,"campfire_upgraded":9,"win_rate":0,"timestamp":1538185155,"path_taken":["M","?","M","$","M","R","?","R","T","R","?","$","R","M","R","BOSS","M","M","?","$","?","R","E","M","T","R","M","M","?","M","R","BOSS","M","$","M","M","$","M","?","M","T","M","M","?","?","M","R","BOSS"],"build_version":"2018-09-27","purchased_purges":3,"victory":true,"max_hp_per_floor":[80,80,80,80,80,80,80,80,80,80,80,80,80,94,94,94,94,94,102,102,102,102,102,102,102,102,102,102,106,106,110,110,110,115,115,115,119,119,119,123,123,123,123,137,137,139,139,143,143,147],"card_choices":[{"not_picked":["Barricade","Dark Embrace"],"picked":"Impervious","floor":16},{"not_picked":["Body Slam"],"picked":"SKIP","floor":24},{"not_picked":[],"picked":"Offering","floor":33},{"not_picked":["Carnage","Flex+1"],"picked":"Singing Bowl","floor":46}],"player_experience":162499,"relics_obtained":[{"floor":1,"key":"Tiny Chest"},{"floor":3,"key":"Incense Burner"},{"floor":5,"key":"Kunai"},{"floor":9,"key":"Centennial Puzzle"},{"floor":14,"key":"Mango"},{"floor":16,"key":"Bag of Preparation"},{"floor":18,"key":"Paper Frog"},{"floor":19,"key":"Boot"},{"floor":22,"key":"Pantograph"},{"floor":24,"key":"Meat on the Bone"},{"floor":25,"key":"Red Skull"},{"floor":26,"key":"MawBank"},{"floor":28,"key":"Mummified Hand"},{"floor":29,"key":"Anchor"},{"floor":31,"key":"Matryoshka"},{"floor":33,"key":"Bronze Scales"},{"floor":35,"key":"Vajra"},{"floor":37,"key":"Singing Bowl"},{"floor":38,"key":"War Paint"},{"floor":40,"key":"Question Card"},{"floor":42,"key":"Pocketwatch"},{"floor":43,"key":"Bag of Marbles"},{"floor":43,"key":"Bottled Tornado"},{"floor":44,"key":"Pear"},{"floor":45,"key":"Omamori"},{"floor":46,"key":"FossilizedHelix"},{"floor":47,"key":"The Courier"},{"floor":47,"key":"Sundial"},{"floor":48,"key":"Juzu Bracelet"}],"event_choices":[{"event_name":"Upgrade Shrine","player_choice":"Upgraded","floor":2,"damage_taken":0},{"event_name":"Liars Game","player_choice":"disagreed","floor":7,"damage_taken":0},{"event_name":"Scrap Ooze","player_choice":"success","floor":11,"damage_taken":7},{"event_name":"Back to Basics","player_choice":"Elegance","floor":20,"damage_taken":0},{"event_name":"Tomb of Lord Red Mask","player_choice":"Paid","floor":41,"damage_taken":0},{"event_name":"MindBloom","player_choice":"Fight","floor":46,"damage_taken":0}],"is_beta":false,"boss_relics":[{"not_picked":["Calling Bell","Fusion Hammer"],"picked":"Busted Crown"},{"not_picked":["Black Star","Snecko Eye"],"picked":"Tiny House"}],"items_purged_floors":[4,12,21],"is_endless":false,"potions_floor_spawned":[3,5,19,25,29,38,44,46,48],"ascension_level":0}