{"gold_per_floor":[112,112,187,187,208,208,251,251,276,276,294,328,392,38,38,164,164,188,202,221,271,321,321,355,376,399,449,499,12,12,138,138,138],"floor_reached":33,"playtime":1054,"items_purged":["Strike_G","Parasite"],"score":370,"play_id":"086527da-3f30-4b39-8e48-9a3c4a821091","local_time":"20190303151141","is_ascension_mode":true,"campfire_choices":[{"data":"Footwork","floor":6,"key":"SMITH"},{"data":"Crippling Poison","floor":8,"key":"SMITH"},{"floor":10,"key":"REST"},{"data":"Glass Knife","floor":15,"key":"SMITH"},{"floor":23,"key":"REST"},{"floor":30,"key":"REST"},{"data":"Infinite Blades","floor":32,"key":"SMITH"}],"neow_cost":"NONE","seed_source_timestamp":147754501672356,"circlet_count":0,"master_deck":["Defend_G+1","Defend_G+1","Defend_G+1","Defend_G+1","Defend_G+1","Strike_G+1","Strike_G+1","Strike_G+1","Strike_G+1","Survivor","Neutralize","Footwork+1","Quick Slash","Crippling Poison+1","Dagger Spray","Skewer","Infinite Blades+1","Terror","Bouncing Flask","Glass Knife+1","Backflip","Die Die Die","Backflip+1","Backstab","Finisher+1","Blade Dance+1","Blade Dance+1","Well Laid Plans","Predator","Regret"],"relics":["Ring of the Snake","NeowsBlessing","Golden Idol","SsserpentHead","PreservedInsect","Dream Catcher","Orichalcum","Cursed Key","MutagenicStrength","Toxic Egg 2","Sundial","Pantograph","Frozen Egg 2"],"potions_floor_usage":[12,16,33],"damage_taken":[{"damage":0,"enemies":"2 Louse","floor":1,"turns":1},{"damage":0,"enemies":"Cultist","floor":5,"turns":1},{"damage":0,"enemies":"Gremlin Nob","floor":7,"turns":1},{"damage":4,"enemies":"Small Slimes","floor":11,"turns":3},{"damage":17,"enemies":"3 Sentries","floor":12,"turns":8},{"damage":3,"enemies":"Blue Slaver","floor":13,"turns":3},{"damage":4,"enemies":"The Guardian","floor":16,"turns":9},{"damage":8,"enemies":"Spheric Guardian","floor":18,"turns":4},{"damage":7,"enemies":"2 Thieves","floor":19,"turns":4},{"damage":19,"enemies":"Snake Plant","floor":20,"turns":3},{"damage":13,"enemies":"Slavers","floor":24,"turns":4},{"damage":16,"enemies":"Chosen and Byrds","floor":25,"turns":5},{"damage":77,"enemies":"Champ","floor":33,"turns":7}],"seed_played":"1139267770762833830","potions_obtained":[{"floor":1,"key":"Swift Potion"},{"floor":5,"key":"Fire Potion"},{"floor":13,"key":"SpeedPotion"},{"floor":19,"key":"SteroidPotion"},{"floor":24,"key":"SpeedPotion"}],"is_trial":false,"path_per_floor":["M","?","?","?","M","R","E","R","T","R","M","E","M","$","R","B",null,"M","M","M","?","?","R","E","M","T","?","?","$","R","T","R","B"],"character_chosen":"THE_SILENT","items_purchased":["Bouncing Flask","Glass Knife","Backflip","Well Laid Plans","Pantograph","Regen Potion"],"campfire_rested":3,"item_purchase_floors":[14,14,14,29,29,29],"current_hp_per_floor":[70,53,42,42,42,42,42,42,42,63,59,42,39,39,39,35,61,53,46,27,27,27,48,35,19,19,19,19,19,39,39,39,0],"gold":138,"neow_bonus":"THREE_ENEMY_KILL","is_prod":false,"is_daily":false,"chose_seed":false,"campfire_upgraded":4,"win_rate":0,"timestamp":1551647501,"path_taken":["M","?","?","?","M","R","E","R","T","R","M","E","?","$","R","BOSS","M","M","M","?","?","R","E","M","T","?","?","$","R","?","R","BOSS"],"build_version":"2019-01-23","purchased_purges":2,"victory":false,"max_hp_per_floor":[70,70,70,70,70,70,70,70,70,70,70,70,70,70,70,70,70,70,70,70,70,70,70,70,70,70,70,70,67,67,67,67,67],"card_choices":[{"not_picked":["Blade Dance","All Out Attack"],"picked":"Footwork","floor":1},{"not_picked":["Poisoned Stab","Catalyst"],"picked":"Quick Slash","floor":5},{"not_picked":["Deflect","Endless Agony"],"picked":"Crippling Poison","floor":7},{"not_picked":["Crippling Poison","Footwork"],"picked":"Dagger Spray","floor":10},{"not_picked":["Dagger Spray","Sucker Punch"],"picked":"Skewer","floor":11},{"not_picked":["Deflect","Heel Hook"],"picked":"Infinite Blades","floor":12},{"not_picked":["Outmaneuver","Acrobatics"],"picked":"Terror","floor":13},{"not_picked":["Bullet Time","Night Terror"],"picked":"Die Die Die","floor":16},{"not_picked":["Poisoned Stab","Finisher"],"picked":"Backflip+1","floor":18},{"not_picked":["Quick Slash","Eviscerate+1"],"picked":"Backstab","floor":19},{"not_picked":["Blur","Bane"],"picked":"Finisher+1","floor":20},{"not_picked":["Masterful Stab","Sucker Punch"],"picked":"Blade Dance+1","floor":23},{"not_picked":["Tactician+1","Underhanded Strike","Caltrops"],"picked":"SKIP","floor":24},{"not_picked":["Escape Plan+1","Choke"],"picked":"Blade Dance+1","floor":25},{"not_picked":["Sucker Punch","Bouncing Flask+1"],"picked":"Predator","floor":30}],"player_experience":284123,"relics_obtained":[{"floor":7,"key":"PreservedInsect"},{"floor":9,"key":"Dream Catcher"},{"floor":12,"key":"Orichalcum"},{"floor":24,"key":"Sundial"},{"floor":31,"key":"Frozen Egg 2"}],"event_choices":[{"damage_healed":0,"gold_gain":0,"player_choice":"Take Damage","damage_taken":17,"relics_obtained":["Golden Idol"],"max_hp_gain":0,"max_hp_loss":0,"event_name":"Golden Idol","floor":2,"gold_loss":0},{"damage_healed":0,"gold_gain":75,"player_choice":"Gather Gold","damage_taken":11,"max_hp_gain":0,"max_hp_loss":0,"event_name":"World of Goop","floor":3,"gold_loss":0},{"damage_healed":0,"gold_gain":0,"player_choice":"Trade","damage_taken":0,"relics_obtained":["SsserpentHead"],"max_hp_gain":0,"max_hp_loss":0,"event_name":"FaceTrader","floor":4,"gold_loss":0},{"damage_healed":0,"gold_gain":0,"player_choice":"Inject Mutagens","damage_taken":0,"relics_obtained":["MutagenicStrength"],"max_hp_gain":0,"max_hp_loss":0,"event_name":"Drug Dealer","floor":21,"gold_loss":0},{"damage_healed":0,"gold_gain":0,"player_choice":"Opened","damage_taken":0,"relics_obtained":["Toxic Egg 2"],"max_hp_gain":0,"max_hp_loss":0,"event_name":"The Mausoleum","floor":22,"gold_loss":0},{"damage_healed":0,"gold_gain":0,"player_choice":"Simplicity","damage_taken":0,"max_hp_gain":0,"max_hp_loss":0,"event_name":"Back to Basics","floor":27,"gold_loss":0,"cards_upgraded":["Defend_G","Defend_G","Defend_G","Defend_G","Defend_G","Strike_G","Strike_G","Strike_G","Strike_G"]},{"damage_healed":0,"gold_gain":0,"player_choice":"Ignored","damage_taken":0,"max_hp_gain":0,"max_hp_loss":0,"event_name":"Ghosts","floor":28,"gold_loss":0}],"is_beta":false,"boss_relics":[{"not_picked":["Philosopher\u0027s Stone","Empty Cage"],"picked":"Cursed Key"}],"items_purged_floors":[14,29],"is_endless":false,"potions_floor_spawned":[1,5,13,19,24],"killed_by":"Champ","ascension_level":5}