{"gold_per_floor":[109,55,55,55,67,67,85,85,111,145,220,220,41,73,73,178,178,192,291,18,18,35,35],"floor_reached":23,"playtime":726,"items_purged":["Strike_B"],"score":331,"play_id":"16902cf9-98f9-458f-87d8-79877a9eb978","local_time":"20190303195904","is_ascension_mode":true,"campfire_choices":[{"data":"Zap","floor":6,"key":"SMITH"},{"data":"Coolheaded","floor":8,"key":"SMITH"},{"data":"Hologram","floor":15,"key":"SMITH"}],"neow_cost":"NONE","seed_source_timestamp":159657856359054,"circlet_count":0,"master_deck":["Strike_B","Strike_B","Strike_B","Defend_B","Defend_B","Defend_B","Defend_B","Zap+1","Dualcast","Coolheaded+1","Gash","Sweeping Beam","FTL","Beam Cell","Gash","Hologram+1","All For One","Skim","Rebound","Steam Power","Hologram","Finesse"],"relics":["Cracked Core","Bronze Scales","Strawberry","MawBank","DollysMirror","Happy Flower","Orrery","Enchiridion"],"potions_floor_usage":[0,14,14,16,20],"damage_taken":[{"damage":0,"enemies":"Small Slimes","floor":1,"turns":2},{"damage":2,"enemies":"2 Louse","floor":5,"turns":2},{"damage":7,"enemies":"Jaw Worm","floor":7,"turns":3},{"damage":14,"enemies":"Lagavulin","floor":10,"turns":6},{"damage":20,"enemies":"3 Sentries","floor":14,"turns":5},{"damage":0,"enemies":"Slime Boss","floor":16,"turns":6},{"damage":9,"enemies":"3 Byrds","floor":18,"turns":3},{"damage":15,"enemies":"2 Thieves","floor":22,"turns":2},{"damage":53,"enemies":"Gremlin Leader","floor":23,"turns":4}],"seed_played":"-6886304318075906483","potions_obtained":[{"floor":0,"key":"Fruit Juice"},{"floor":0,"key":"SkillPotion"},{"floor":0,"key":"AttackPotion"},{"floor":1,"key":"Weak Potion"},{"floor":7,"key":"PowerPotion"},{"floor":16,"key":"Swift Potion"}],"is_trial":false,"path_per_floor":["M","$","?","?","M","R","M","R","T","E","?","T","$","E","R","B",null,"M","?","$","?","M","E"],"character_chosen":"DEFECT","items_purchased":["Gash","DollysMirror","Finesse","Fruit Juice"],"campfire_rested":0,"item_purchase_floors":[2,13,20,20],"current_hp_per_floor":[80,80,85,85,83,83,76,76,76,69,58,58,58,38,38,38,79,70,70,75,59,44,0],"gold":35,"neow_bonus":"THREE_SMALL_POTIONS","is_prod":false,"is_daily":false,"chose_seed":false,"campfire_upgraded":3,"win_rate":0,"timestamp":1551664744,"path_taken":["M","$","?","?","M","R","M","R","T","E","?","?","?","E","R","BOSS","M","?","$","?","M","E"],"build_version":"2019-01-23","purchased_purges":1,"victory":false,"max_hp_per_floor":[80,80,85,85,85,85,85,85,85,92,92,92,92,92,92,92,92,92,92,97,97,97,97],"card_choices":[{"not_picked":["Beam Cell","Heatsinks"],"picked":"Coolheaded","floor":1},{"not_picked":["Turbo","Lockon"],"picked":"Sweeping Beam","floor":5},{"not_picked":["Undo","Barrage"],"picked":"FTL","floor":7},{"not_picked":["Coolheaded","Stack"],"picked":"Beam Cell","floor":10},{"not_picked":["Fission","Rebound"],"picked":"Hologram","floor":14},{"not_picked":["Buffer","Hyperbeam"],"picked":"All For One","floor":16},{"not_picked":["Rip and Tear","Turbo"],"picked":"Skim","floor":17},{"not_picked":["Cold Snap","Go for the Eyes"],"picked":"Rebound","floor":17},{"not_picked":["Doom and Gloom","Hologram"],"picked":"Steam Power","floor":17},{"not_picked":["Redo","Sunder"],"picked":"Hologram","floor":17},{"not_picked":["Barrage+1","Consume","Coolheaded+1"],"picked":"SKIP","floor":18},{"not_picked":["Force Field","Sweeping Beam","Streamline"],"picked":"SKIP","floor":22}],"player_experience":295365,"relics_obtained":[{"floor":9,"key":"Bronze Scales"},{"floor":10,"key":"Strawberry"},{"floor":12,"key":"MawBank"},{"floor":14,"key":"Happy Flower"},{"floor":21,"key":"Enchiridion"}],"event_choices":[{"damage_healed":0,"gold_gain":0,"player_choice":"Donut","damage_taken":0,"max_hp_gain":5,"max_hp_loss":0,"event_name":"Big Fish","floor":3,"gold_loss":0},{"damage_healed":0,"gold_gain":0,"player_choice":"Ignored","damage_taken":0,"max_hp_gain":0,"max_hp_loss":0,"event_name":"Liars Game","floor":4,"gold_loss":0},{"damage_healed":0,"gold_gain":75,"player_choice":"Gather Gold","damage_taken":11,"max_hp_gain":0,"max_hp_loss":0,"event_name":"World of Goop","floor":11,"gold_loss":0},{"damage_healed":0,"gold_gain":99,"player_choice":"Stole From Cult","damage_taken":0,"max_hp_gain":0,"max_hp_loss":0,"event_name":"Nest","floor":19,"gold_loss":0},{"damage_healed":0,"gold_gain":0,"player_choice":"Obtained Book","damage_taken":16,"max_hp_gain":0,"max_hp_loss":0,"event_name":"Cursed Tome","floor":21,"gold_loss":0}],"is_beta":false,"boss_relics":[{"not_picked":["Lizard Tail","Coffee Dripper"],"picked":"Orrery"}],"items_purged_floors":[20],"is_endless":false,"potions_floor_spawned":[1,7,10,16],"killed_by":"Gremlin Leader","ascension_level":5}