{"path_per_floor":["M","M","?","M","?","R","M","?","T","M","R","?","$","M","R","B",null,"M","M","M","?","M","R","E","M","T","E","R","?","$","M","R","B",null,"M","?","?","$","?","E","$","M","T","?","R","E","R","T","R","B"],"character_chosen":"DEFECT","items_purchased":["Ball Lightning","Capacitor","Blizzard"],"gold_per_floor":[18,29,29,47,47,47,58,85,112,124,124,183,108,124,124,220,220,237,249,269,269,285,285,315,330,330,365,365,365,212,229,229,330,330,345,345,345,172,172,200,11,25,25,25,25,57,57,57,57,57],"floor_reached":51,"campfire_rested":4,"playtime":2778,"current_hp_per_floor":[70,68,68,62,55,55,54,41,41,41,41,31,31,31,53,20,75,64,64,46,46,37,59,53,50,50,2,24,24,24,23,23,7,75,73,73,73,73,73,40,40,33,39,39,39,21,21,27,53,29],"items_purged":["Strike_B","Regret","Strike_B","Strike_B"],"gold":57,"score":767,"play_id":"550e6eb5-3af7-4692-8368-e23686d0554e","local_time":"20180501121228","is_prod":false,"is_daily":false,"chose_seed":false,"is_ascension_mode":true,"campfire_upgraded":5,"timestamp":1525187548,"path_taken":["M","M","?","M","?","R","M","?","T","M","R","?","$","M","R","BOSS","M","?","M","?","?","R","E","M","T","E","R","?","$","?","R","BOSS","M","?","?","$","?","E","$","?","T","?","R","E","R","?","R","BOSS"],"build_version":"2018-04-30","seed_source_timestamp":4284107014732,"purchased_purges":4,"victory":true,"master_deck":["Defend_B","Defend_B","Defend_B","Zap+1","Dualcast+1","FTL","Rebound","Coolheaded","Hologram+1","Cold Snap","Sweeping Beam","Consume+1","White Noise","Chaos","Capacitor+1","Ball Lightning","Barrage","Capacitor","Thunder Strike","Blizzard+1","Glacier+1","Clumsy","Regret","Redo"],"max_hp_per_floor":[75,75,75,75,75,75,75,75,75,75,75,75,75,75,75,75,75,75,75,75,75,75,75,75,75,75,75,75,75,75,75,75,75,75,75,75,75,75,75,75,75,75,81,81,81,81,81,87,87,87],"relics":["Cracked Core","Anchor","Odd Mushroom","Bronze Scales","Prayer Wheel","Cursed Key","Letter Opener","Peace Pipe","Vajra","Art of War","White Beast Statue","Darkstone Periapt","Pantograph","Dodecahedron","Mercury Hourglass"],"card_choices":[{"not_picked":["Cold Snap","Impulse"],"picked":"FTL","floor":1.0},{"not_picked":["Cold Snap","Blizzard"],"picked":"Rebound","floor":7.0},{"not_picked":["Barrage","Impulse"],"picked":"Coolheaded","floor":10.0},{"not_picked":["Coolheaded","Hyperbeam"],"picked":"Hologram","floor":12.0},{"not_picked":["Go for the Eyes","Barrage"],"picked":"Cold Snap","floor":14.0},{"not_picked":["Impulse","Leap"],"picked":"Sweeping Beam","floor":18.0},{"not_picked":["Capacitor","Stack"],"picked":"Glacier","floor":19.0},{"not_picked":["Sweeping Beam","Hologram"],"picked":"Consume","floor":22.0},{"not_picked":["Multi-Cast","Hologram"],"picked":"White Noise","floor":24.0},{"not_picked":["Beam Cell","Impulse"],"picked":"Chaos","floor":26.0},{"not_picked":["Barrage","Turbo"],"picked":"Capacitor","floor":27.0},{"not_picked":["Undo","Cold Snap"],"picked":"Barrage","floor":31.0},{"not_picked":["Undo","Echo Form"],"picked":"Thunder Strike","floor":40},{"not_picked":["Cold Snap","Conserve Battery"],"picked":"Glacier","floor":42},{"not_picked":["Hologram","Leap"],"picked":"Redo","floor":48}],"player_experience":784996,"potions_floor_usage":[40,42,46,46,50,50],"damage_taken":[{"damage":5.0,"enemies":"2 Louse","floor":1.0,"turns":4.0},{"damage":2.0,"enemies":"Small Slimes","floor":2.0,"turns":3.0},{"damage":6.0,"enemies":"Jaw Worm","floor":4.0,"turns":2.0},{"damage":1.0,"enemies":"3 Louse","floor":7.0,"turns":3.0},{"damage":13.0,"enemies":"The Mushroom Lair","floor":8.0,"turns":3.0},{"damage":0.0,"enemies":"2 Fungi Beasts","floor":10.0,"turns":2.0},{"damage":10.0,"enemies":"3 Sentries","floor":12.0,"turns":5.0},{"damage":0.0,"enemies":"Exordium Wildlife","floor":14.0,"turns":2.0},{"damage":33.0,"enemies":"Slime Boss","floor":16.0,"turns":11.0},{"damage":11.0,"enemies":"Chosen","floor":18.0,"turns":5.0},{"damage":0.0,"enemies":"3 Byrds","floor":19.0,"turns":3.0},{"damage":18.0,"enemies":"Cultist and Chosen","floor":20.0,"turns":6.0},{"damage":9.0,"enemies":"3 Cultists","floor":22.0,"turns":4.0},{"damage":6.0,"enemies":"Book of Stabbing","floor":24.0,"turns":6.0},{"damage":3.0,"enemies":"Sentry and Sphere","floor":25.0,"turns":5.0},{"damage":48.0,"enemies":"Slavers","floor":27.0,"turns":6.0},{"damage":1.0,"enemies":"Snake Plant","floor":31.0,"turns":4.0},{"damage":16.0,"enemies":"Champ","floor":33.0,"turns":11.0},{"damage":2.0,"enemies":"3 Darklings","floor":35.0,"turns":5.0},{"damage":33,"enemies":"2 Orb Walkers","floor":40,"turns":8},{"damage":7,"enemies":"Flame Bruiser 1 Orb","floor":42,"turns":3},{"damage":18,"enemies":"Nemesis","floor":46,"turns":7},{"damage":49,"enemies":"Time Eater","floor":50,"turns":14}],"event_choices":[{"event_name":"The Cleric","player_choice":"Leave","floor":3.0,"damage_taken":0.0},{"event_name":"Scrap Ooze","player_choice":"success","floor":5.0,"damage_taken":7.0},{"event_name":"Mushrooms","player_choice":"Fought Mushrooms","floor":8.0,"damage_taken":0.0},{"event_name":"Dead Adventurer","player_choice":"Searched \u00271\u0027 times","floor":12.0,"damage_taken":0.0},{"event_name":"The Mausoleum","player_choice":"Yes","floor":21.0,"damage_taken":0.0},{"event_name":"Cursed Tome","player_choice":"Ignored","floor":29.0,"damage_taken":0.0},{"event_name":"Fountain of Cleansing","player_choice":"Removed Curse","floor":36.0,"damage_taken":0.0},{"event_name":"The Lab","player_choice":"Got Potions","floor":37,"damage_taken":0},{"event_name":"Upgrade Shrine","player_choice":"Upgraded","floor":39,"damage_taken":0}],"boss_relics":[],"potions_floor_spawned":[8,10,12,14,20,22,27,31,33,35,40,42,46],"seed_played":"-2197000341037771293","ascension_level":1,"is_trial":false}