{"gold_per_floor":[111,111,127,146,146,146,172,172,172,172,182,195,210,224,224,327,327,344,356,374,374,299,299,313,313,393,403,403,146,146,146,146,248,248,258,258,358,370,383,383,383,394,440,458,458,458,117,129,129,129],"floor_reached":51,"playtime":2897,"items_purged":["Strike_R","Shame","Strike_R"],"score":651,"play_id":"f0a9c734-2f02-40c0-9a2f-b34983ce5a01","local_time":"20190310004527","is_ascension_mode":false,"campfire_choices":[{"data":"Sword Boomerang","floor":6,"key":"SMITH"},{"data":"Inflame","floor":8,"key":"SMITH"},{"data":"Headbutt","floor":10,"key":"SMITH"},{"data":"Clothesline","floor":15,"key":"SMITH"},{"data":"RitualDagger","floor":23,"key":"SMITH"},{"data":"Disarm","floor":25,"key":"SMITH"},{"data":"Limit Break","floor":28,"key":"SMITH"},{"data":"Double Tap","floor":30,"key":"SMITH"},{"floor":32,"key":"REST"},{"data":"Flame Barrier","floor":41,"key":"SMITH"},{"data":"Shrug It Off","floor":46,"key":"SMITH"},{"floor":49,"key":"REST"}],"neow_cost":"TEN_PERCENT_HP_LOSS","seed_source_timestamp":0,"circlet_count":0,"master_deck":["Strike_R","Strike_R","Defend_R","Defend_R","Defend_R","Bash+1","Spot Weakness+1","Inflame+1","Sword Boomerang+1","Headbutt+1","Double Tap+1","Shrug It Off+1","Clothesline+1","Limit Break+1","Disarm+1","RitualDagger+1","Cleave+1","Offering","Offering","Metallicize+1","Flame Barrier+1","Finesse","Pummel+1","Spot Weakness","Dark Shackles"],"special_seed":0,"relics":["Burning Blood","Question Card","Sundial","Cursed Key","Bottled Flame","Pear","Runic Pyramid","Mango","Bag of Marbles"],"potions_floor_usage":[16,20,24,42,50,50,50],"damage_taken":[{"damage":1,"enemies":"2 Louse","floor":1,"turns":3},{"damage":3,"enemies":"Small Slimes","floor":3,"turns":3},{"damage":1,"enemies":"Cultist","floor":4,"turns":3},{"damage":28,"enemies":"Gremlin Nob","floor":7,"turns":4},{"damage":16,"enemies":"Lots of Slimes","floor":11,"turns":3},{"damage":6,"enemies":"Large Slime","floor":12,"turns":4},{"damage":4,"enemies":"Exordium Wildlife","floor":13,"turns":3},{"damage":7,"enemies":"3 Louse","floor":14,"turns":3},{"damage":20,"enemies":"Hexaghost","floor":16,"turns":6},{"damage":0,"enemies":"3 Byrds","floor":18,"turns":3},{"damage":14,"enemies":"Shell Parasite","floor":19,"turns":5},{"damage":13,"enemies":"Cultist and Chosen","floor":20,"turns":4},{"damage":12,"enemies":"3 Cultists","floor":24,"turns":4},{"damage":18,"enemies":"Shelled Parasite and Fungi","floor":27,"turns":4},{"damage":58,"enemies":"Collector","floor":33,"turns":6},{"damage":9,"enemies":"3 Shapes","floor":35,"turns":3},{"damage":31,"enemies":"Mind Bloom Boss Battle","floor":37,"turns":6},{"damage":10,"enemies":"Orb Walker","floor":38,"turns":4},{"damage":6,"enemies":"Transient","floor":39,"turns":5},{"damage":17,"enemies":"3 Darklings","floor":42,"turns":4},{"damage":21,"enemies":"Maw","floor":44,"turns":6},{"damage":8,"enemies":"Jaw Worm Horde","floor":48,"turns":2},{"damage":33,"enemies":"Donu and Deca","floor":50,"turns":4}],"seed_played":"-7690480076061532057","potions_obtained":[{"floor":1,"key":"FairyPotion"},{"floor":3,"key":"EssenceOfSteel"},{"floor":12,"key":"Explosive Potion"},{"floor":16,"key":"Explosive Potion"},{"floor":24,"key":"SpeedPotion"},{"floor":33,"key":"BloodPotion"},{"floor":37,"key":"SkillPotion"},{"floor":42,"key":"Swift Potion"}],"is_trial":false,"path_per_floor":["M","?","M","M","?","R","E","R","T","R","M","M","M","M","R","B",null,"M","M","M","?","$","R","M","R","T","M","R","$","R","T","R","B",null,"M","?","?","M","M","?","R","M","T","M","?","R","$","M","R","B",null],"character_chosen":"IRONCLAD","items_purchased":["Offering","Spot Weakness","Dark Shackles","Strength Potion"],"campfire_rested":2,"item_purchase_floors":[29,47,47,47],"current_hp_per_floor":[72,58,61,66,66,66,44,44,44,44,34,34,36,35,35,21,72,72,64,57,51,51,51,45,45,45,33,33,33,33,43,67,15,82,79,79,68,64,64,64,64,53,53,38,38,38,38,36,64,46],"gold":129,"neow_bonus":"REMOVE_TWO","is_prod":false,"is_daily":false,"chose_seed":false,"campfire_upgraded":10,"win_rate":0,"timestamp":1552196727,"path_taken":["M","?","M","M","?","R","E","R","T","R","M","M","?","M","R","BOSS","M","M","?","?","$","R","M","R","T","M","R","$","R","?","R","BOSS","M","?","?","?","M","?","R","M","T","M","?","R","$","M","R","BOSS"],"build_version":"2019-01-23","purchased_purges":3,"victory":true,"max_hp_per_floor":[72,72,72,72,72,72,72,72,72,72,72,72,72,72,72,72,72,72,72,72,72,72,72,72,72,72,72,72,72,72,82,82,82,82,82,82,96,96,96,96,96,96,96,96,96,96,96,96,96,96],"card_choices":[{"not_picked":["Entrench","Twin Strike"],"picked":"Spot Weakness","floor":1},{"not_picked":["Burning Pact","Sword Boomerang"],"picked":"Inflame","floor":3},{"not_picked":["Body Slam","Iron Wave"],"picked":"Sword Boomerang","floor":4},{"not_picked":["Power Through","Thunderclap"],"picked":"Headbutt","floor":7},{"not_picked":["Flex","Infernal Blade","Pommel Strike"],"picked":"Double Tap","floor":11},{"not_picked":["True Grit","Warcry","Sword Boomerang"],"picked":"Shrug It Off","floor":12},{"not_picked":["Bloodletting","Second Wind","Armaments","Iron Wave"],"picked":"SKIP","floor":13},{"not_picked":["Warcry","Flex","Headbutt"],"picked":"Clothesline","floor":14},{"not_picked":["Immolate","Offering","Barricade"],"picked":"Limit Break","floor":16},{"not_picked":["Armaments","Power Through+1","Sword Boomerang","Sentinel"],"picked":"SKIP","floor":18},{"not_picked":["Second Wind+1","Sword Boomerang","Iron Wave","Twin Strike+1"],"picked":"SKIP","floor":19},{"not_picked":["Flex+1","True Grit","Perfected Strike"],"picked":"Disarm","floor":20},{"not_picked":["Dual Wield","Reckless Charge","Thunderclap"],"picked":"Cleave+1","floor":24},{"not_picked":["Rampage+1","Dual Wield","True Grit","Perfected Strike"],"picked":"SKIP","floor":27},{"not_picked":["Dark Embrace","Double Tap","Demon Form"],"picked":"Offering","floor":33},{"not_picked":["Twin Strike+1","Clothesline","Warcry","Iron Wave"],"picked":"SKIP","floor":35},{"not_picked":["Sword Boomerang+1","Heavy Blade+1","Bludgeon"],"picked":"Metallicize+1","floor":38},{"not_picked":["Carnage+1","Blood for Blood+1","Twin Strike"],"picked":"Flame Barrier","floor":39},{"not_picked":["Jack Of All Trades","Trip","Panache"],"picked":"Finesse","floor":40},{"not_picked":["Whirlwind","Clash+1","Twin Strike+1","Heavy Blade"],"picked":"SKIP","floor":42},{"not_picked":["Sword Boomerang","Corruption+1","Feel No Pain"],"picked":"Pummel+1","floor":44},{"not_picked":["True Grit","Perfected Strike","Wild Strike+1","Fire Breathing+1"],"picked":"SKIP","floor":48}],"player_experience":563746,"relics_obtained":[{"floor":7,"key":"Question Card"},{"floor":9,"key":"Sundial"},{"floor":26,"key":"Bottled Flame"},{"floor":31,"key":"Pear"},{"floor":37,"key":"Mango"},{"floor":43,"key":"Bag of Marbles"}],"event_choices":[{"damage_healed":0,"gold_gain":0,"player_choice":"Entered Light","damage_taken":14,"max_hp_gain":0,"max_hp_loss":0,"event_name":"Shining Light","floor":2,"gold_loss":0,"cards_upgraded":["Bash","Spot Weakness"]},{"damage_healed":0,"gold_gain":0,"player_choice":"Ignored","damage_taken":0,"max_hp_gain":0,"max_hp_loss":0,"event_name":"NoteForYourself","floor":5,"gold_loss":0},{"damage_healed":0,"gold_gain":0,"player_choice":"Joined the Cult","damage_taken":6,"max_hp_gain":0,"max_hp_loss":0,"event_name":"Nest","floor":21,"gold_loss":0,"cards_obtained":["RitualDagger"]},{"damage_healed":0,"gold_gain":0,"player_choice":"Ignored","damage_taken":0,"max_hp_gain":0,"max_hp_loss":0,"event_name":"Tomb of Lord Red Mask","floor":36,"gold_loss":0},{"damage_healed":0,"gold_gain":0,"player_choice":"Fight","damage_taken":0,"max_hp_gain":0,"max_hp_loss":0,"event_name":"MindBloom","floor":37,"gold_loss":0},{"damage_healed":0,"gold_gain":0,"player_choice":"Memory 1","damage_taken":0,"max_hp_gain":0,"max_hp_loss":0,"event_name":"SensoryStone","floor":40,"gold_loss":0},{"cards_removed":["Injury","Writhe"],"damage_healed":0,"gold_gain":0,"player_choice":"Removed Curses","damage_taken":0,"max_hp_gain":0,"max_hp_loss":0,"event_name":"Fountain of Cleansing","floor":45,"gold_loss":0}],"is_beta":false,"boss_relics":[{"not_picked":["Mark of Pain","Empty Cage"],"picked":"Cursed Key"},{"not_picked":["Tiny House","White Beast Statue"],"picked":"Runic Pyramid"}],"items_purged_floors":[22,29,47],"is_endless":false,"potions_floor_spawned":[1,3,12,16,24,33,37,38,42],"ascension_level":0}