{"gold_per_floor":[114,128,74,90,90,90,108,108,135,164,181,213,213,231,231,336,336,347,347],"floor_reached":19,"playtime":1573,"items_purged":[],"score":197,"play_id":"6f1644b6-985f-4b75-9359-21008de97bd9","local_time":"20190215220209","is_ascension_mode":true,"campfire_choices":[{"data":"Backflip","floor":6,"key":"SMITH"},{"data":"Tools of the Trade","floor":8,"key":"SMITH"},{"floor":13,"key":"REST"},{"floor":15,"key":"REST"}],"neow_cost":"NONE","seed_source_timestamp":86212354646519,"circlet_count":0,"master_deck":["Defend_G","Defend_G","Defend_G","Defend_G","Defend_G","Strike_G","Strike_G","Strike_G","Strike_G","Strike_G","Survivor","Neutralize","Tools of the Trade+1","Acrobatics","Dodge and Roll","Deadly Poison","Backflip+1","Noxious Fumes","Deflect","After Image","Well Laid Plans","Burst","Escape Plan+1"],"relics":["Ring of the Snake","GremlinMask","Happy Flower","Blood Vial","Pen Nib","WristBlade"],"potions_floor_usage":[12,12,16,19],"damage_taken":[{"damage":0,"enemies":"2 Louse","floor":1,"turns":5},{"damage":12,"enemies":"Cultist","floor":2,"turns":6},{"damage":9,"enemies":"Small Slimes","floor":4,"turns":5},{"damage":2,"enemies":"Looter","floor":7,"turns":5},{"damage":12,"enemies":"3 Sentries","floor":10,"turns":12},{"damage":5,"enemies":"Red Slaver","floor":11,"turns":5},{"damage":24,"enemies":"Lagavulin","floor":12,"turns":7},{"damage":11,"enemies":"2 Fungi Beasts","floor":14,"turns":5},{"damage":38,"enemies":"Slime Boss","floor":16,"turns":12},{"damage":11,"enemies":"Spheric Guardian","floor":18,"turns":4},{"damage":9,"enemies":"Colosseum Slavers","floor":19,"turns":8},{"damage":75,"enemies":"Colosseum Nobs","floor":19,"turns":5}],"seed_played":"5723922505093984386","potions_obtained":[{"floor":2,"key":"Energy Potion"},{"floor":11,"key":"AttackPotion"},{"floor":12,"key":"PowerPotion"},{"floor":16,"key":"SkillPotion"},{"floor":18,"key":"GamblersBrew"}],"is_trial":false,"path_per_floor":["M","M","$","M","?","R","M","R","T","E","M","E","R","M","R","B",null,"M","?"],"character_chosen":"THE_SILENT","items_purchased":["Deadly Poison"],"campfire_rested":2,"item_purchase_floors":[3],"current_hp_per_floor":[70,58,58,49,49,49,47,47,47,35,32,10,31,22,43,7,70,59,0],"gold":347,"neow_bonus":"ONE_RANDOM_RARE_CARD","is_prod":false,"is_daily":false,"chose_seed":false,"campfire_upgraded":2,"win_rate":0,"timestamp":1550289729,"path_taken":["M","M","$","M","?","R","M","R","T","E","?","E","R","M","R","BOSS","M","?"],"build_version":"2019-01-23","purchased_purges":0,"victory":false,"max_hp_per_floor":[70,70,70,70,70,70,70,70,70,70,70,70,70,70,70,70,70,70,70],"card_choices":[{"not_picked":["Distraction","Poisoned Stab"],"picked":"Acrobatics","floor":1},{"not_picked":["Blade Dance","Slice"],"picked":"Dodge and Roll","floor":2},{"not_picked":["Calculated Gamble","Choke"],"picked":"Backflip","floor":4},{"not_picked":["Flechettes","Blade Dance","Flying Knee"],"picked":"SKIP","floor":7},{"not_picked":["Choke","Unload"],"picked":"Noxious Fumes","floor":10},{"not_picked":["Flying Knee","Bane"],"picked":"Deflect","floor":11},{"not_picked":["All Out Attack","Poisoned Stab"],"picked":"After Image","floor":12},{"not_picked":["Sucker Punch","Slice"],"picked":"Well Laid Plans","floor":14},{"not_picked":["Storm of Steel","Glass Knife"],"picked":"Burst","floor":16},{"not_picked":["Outmaneuver+1","Predator"],"picked":"Escape Plan+1","floor":18}],"player_experience":179583,"relics_obtained":[{"floor":9,"key":"Happy Flower"},{"floor":10,"key":"Blood Vial"},{"floor":12,"key":"Pen Nib"}],"event_choices":[{"damage_healed":0,"gold_gain":0,"player_choice":"Trade","damage_taken":0,"relics_obtained":["GremlinMask"],"max_hp_gain":0,"max_hp_loss":0,"event_name":"FaceTrader","floor":5,"gold_loss":0},{"damage_healed":0,"gold_gain":0,"player_choice":"Fight","damage_taken":0,"max_hp_gain":0,"max_hp_loss":0,"event_name":"Colosseum","floor":19,"gold_loss":0},{"damage_healed":0,"gold_gain":0,"player_choice":"Fought Nobs","damage_taken":0,"max_hp_gain":0,"max_hp_loss":0,"event_name":"Colosseum","floor":19,"gold_loss":0}],"is_beta":false,"boss_relics":[{"not_picked":["Eternal Feather","Ectoplasm"],"picked":"WristBlade"}],"items_purged_floors":[],"is_endless":false,"potions_floor_spawned":[2,11,12,16,18,19],"killed_by":"Colosseum Nobs","ascension_level":2}