{"gold_per_floor":[116,116,116,129,129,154,168,168,168,185,185,198,198,225,225,322,322,340,265,265,113,124,157,157,176,203,4,32,32,61,80,80,182,182,198,48,66,114,16,16,44,44,97,97,97,97,123,223,223,223,223,223,48,76,76],"floor_reached":56,"playtime":10078,"items_purged":["Pain","Defend_G","Strike_G","Strike_G+1","Defend_G"],"score":1561,"play_id":"ea72dadd-38b6-4c30-ab23-c0f8a90ba9e7","local_time":"20190309214033","is_ascension_mode":true,"campfire_choices":[{"floor":8,"key":"REST"},{"floor":11,"key":"REST"},{"data":"Prepared","floor":13,"key":"SMITH"},{"floor":15,"key":"RECALL"},{"floor":24,"key":"REST"},{"floor":32,"key":"REST"},{"data":"Prepared","floor":40,"key":"SMITH"},{"data":"Footwork","floor":42,"key":"SMITH"},{"data":"Noxious Fumes","floor":44,"key":"SMITH"},{"data":"Neutralize","floor":46,"key":"SMITH"},{"data":"Bouncing Flask","floor":49,"key":"SMITH"},{"data":"Corpse Explosion","floor":52,"key":"SMITH"}],"neow_cost":"NONE","seed_source_timestamp":1122215444958405,"circlet_count":0,"master_deck":["Defend_G","Defend_G","Survivor","Neutralize+1","Cloak And Dagger","Cloak And Dagger","Prepared+1","Prepared+1","Blur","Bouncing Flask+1","Noxious Fumes+1","Corpse Explosion+1","Adrenaline+1","Infinite Blades+1","Bullet Time+1","Backflip","Acrobatics+1","Footwork+1","Deflect+1","Escape Plan+1","Tactician+1","Noxious Fumes+1","Impatience+1","Finesse+1","Prepared+1","Catalyst+1"],"relics":["Ring of the Serpent","Whetstone","Ancient Tea Set","WarpedTongs","Snake Skull","Boot","Astrolabe","Enchiridion","Toxic Egg 2","Potion Belt","Pen Nib","Anchor","WingedGreaves","Girya","Lantern","Strawberry","Ice Cream","Bronze Scales"],"potions_floor_usage":[12,16,18,23,28,50,55,55,55,55,55,55,55,55],"damage_taken":[{"damage":0,"enemies":"Jaw Worm","floor":1,"turns":4},{"damage":0,"enemies":"Small Slimes","floor":4,"turns":2},{"damage":38,"enemies":"Lagavulin","floor":6,"turns":9},{"damage":5,"enemies":"Cultist","floor":7,"turns":3},{"damage":4,"enemies":"Large Slime","floor":10,"turns":7},{"damage":2,"enemies":"Exordium Wildlife","floor":12,"turns":4},{"damage":6,"enemies":"3 Sentries","floor":14,"turns":9},{"damage":33,"enemies":"Slime Boss","floor":16,"turns":9},{"damage":7,"enemies":"Shell Parasite","floor":18,"turns":4},{"damage":2,"enemies":"Spheric Guardian","floor":22,"turns":4},{"damage":36,"enemies":"Book of Stabbing","floor":23,"turns":7},{"damage":0,"enemies":"Shelled Parasite and Fungi","floor":25,"turns":3},{"damage":0,"enemies":"Slavers","floor":28,"turns":4},{"damage":22,"enemies":"Gremlin Leader","floor":30,"turns":5},{"damage":0,"enemies":"Chosen and Byrds","floor":31,"turns":4},{"damage":0,"enemies":"Automaton","floor":33,"turns":11},{"damage":0,"enemies":"Orb Walker","floor":35,"turns":3},{"damage":0,"enemies":"3 Shapes","floor":37,"turns":2},{"damage":9,"enemies":"2 Orb Walkers","floor":38,"turns":4},{"damage":0,"enemies":"Giant Head","floor":41,"turns":6},{"damage":0,"enemies":"Reptomancer","floor":47,"turns":5},{"damage":0,"enemies":"Mind Bloom Boss Battle","floor":48,"turns":5},{"damage":0,"enemies":"Awakened One","floor":50,"turns":10},{"damage":0,"enemies":"Shield and Spear","floor":54,"turns":4},{"damage":23,"enemies":"The Heart","floor":55,"turns":6}],"seed_played":"2560996070886026046","potions_obtained":[{"floor":6,"key":"Explosive Potion"},{"floor":7,"key":"Poison Potion"},{"floor":12,"key":"Poison Potion"},{"floor":14,"key":"SneckoOil"},{"floor":16,"key":"SmokeBomb"},{"floor":18,"key":"GhostInAJar"},{"floor":30,"key":"FearPotion"},{"floor":33,"key":"Swift Potion"},{"floor":37,"key":"GhostInAJar"},{"floor":41,"key":"Ancient Potion"},{"floor":48,"key":"Energy Potion"},{"floor":54,"key":"EntropicBrew"}],"is_trial":false,"path_per_floor":["M","?","?","M","?","E","M","R","T","M","R","M","R","E","R","B",null,"M","$","?","$","M","E","R","M","T","$","E","?","E","M","R","B",null,"M","$","M","?","$","R","E","R","T","R","?","R","E","?","R","B",null,"R","$","E","B",null],"character_chosen":"THE_SILENT","items_purchased":["Backflip","Footwork","Impatience+1"],"campfire_rested":4,"item_purchase_floors":[21,27,39],"current_hp_per_floor":[70,58,58,58,58,20,15,36,36,32,53,51,51,45,45,12,70,63,63,47,47,45,9,30,30,30,30,30,30,8,8,29,29,70,70,70,70,61,61,61,61,61,61,61,61,61,68,68,68,68,77,77,77,77,54],"gold":76,"neow_bonus":"RANDOM_COMMON_RELIC","is_prod":false,"is_daily":false,"chose_seed":false,"campfire_upgraded":7,"win_rate":0,"timestamp":1552185633,"path_taken":["M","?","?","M","?","E","M","R","T","M","R","M","R","E","R","BOSS","M","?","?","?","M","E","R","M","T","$","E","?","E","?","R","BOSS","M","$","M","?","$","R","E","R","T","R","?","R","E","?","R","BOSS","R","$","E","BOSS"],"build_version":"2019-01-23","purchased_purges":5,"victory":true,"max_hp_per_floor":[70,70,70,70,70,70,70,70,70,70,70,70,70,70,70,70,70,70,70,70,70,70,70,70,70,70,70,70,70,70,70,70,70,70,70,70,70,70,70,70,70,70,70,70,70,70,77,77,77,77,77,77,77,77,77],"card_choices":[{"not_picked":["Flechettes","Bane"],"picked":"Cloak And Dagger","floor":1},{"not_picked":["Sucker Punch","Concentrate"],"picked":"Cloak And Dagger","floor":4},{"not_picked":["Dodge and Roll","Quick Slash"],"picked":"Prepared","floor":6},{"not_picked":["Underhanded Strike","Endless Agony"],"picked":"Prepared","floor":7},{"not_picked":["Dagger Spray","Dodge and Roll"],"picked":"Blur","floor":10},{"not_picked":["Prepared","Quick Slash"],"picked":"Bouncing Flask","floor":12},{"not_picked":["Bane","Heel Hook"],"picked":"Noxious Fumes","floor":14},{"not_picked":["Malaise","Glass Knife"],"picked":"Corpse Explosion","floor":16},{"not_picked":["PiercingWail","Quick Slash","Prepared"],"picked":"SKIP","floor":18},{"not_picked":["Eviscerate","Finisher","Sucker Punch"],"picked":"SKIP","floor":22},{"not_picked":["Predator","Endless Agony","Poisoned Stab+1"],"picked":"SKIP","floor":23},{"not_picked":["Leg Sweep+1","Underhanded Strike"],"picked":"Acrobatics+1","floor":25},{"not_picked":["Slice","Dagger Throw+1"],"picked":"Deflect+1","floor":28},{"not_picked":["Cloak And Dagger+1","Bane+1","Underhanded Strike"],"picked":"SKIP","floor":30},{"not_picked":["Sucker Punch","Deadly Poison+1"],"picked":"Escape Plan+1","floor":31},{"not_picked":["Prepared+1","Backflip+1"],"picked":"Tactician+1","floor":35},{"not_picked":["Underhanded Strike+1","Setup+1","Masterful Stab"],"picked":"SKIP","floor":37},{"not_picked":["Heel Hook","All Out Attack"],"picked":"Noxious Fumes+1","floor":38},{"not_picked":["Grand Finale","Deflect+1","Outmaneuver+1"],"picked":"SKIP","floor":41},{"not_picked":["Grand Finale","Deflect+1","Outmaneuver+1"],"picked":"SKIP","floor":41},{"not_picked":["Violence+1","Panache"],"picked":"Finesse+1","floor":45},{"not_picked":["Skewer","Sucker Punch","Cloak And Dagger+1"],"picked":"SKIP","floor":47},{"not_picked":["Cloak And Dagger+1","PiercingWail+1"],"picked":"Prepared+1","floor":48},{"not_picked":["Poisoned Stab","PiercingWail+1"],"picked":"Catalyst+1","floor":54}],"player_experience":170536,"relics_obtained":[{"floor":6,"key":"Snake Skull"},{"floor":14,"key":"Boot"},{"floor":20,"key":"Enchiridion"},{"floor":23,"key":"Toxic Egg 2"},{"floor":26,"key":"Potion Belt"},{"floor":28,"key":"Pen Nib"},{"floor":30,"key":"Anchor"},{"floor":38,"key":"WingedGreaves"},{"floor":41,"key":"Girya"},{"floor":43,"key":"Lantern"},{"floor":47,"key":"Strawberry"},{"floor":48,"key":"Ice Cream"},{"floor":54,"key":"Bronze Scales"}],"event_choices":[{"damage_healed":0,"gold_gain":0,"player_choice":"Success","damage_taken":12,"relics_obtained":["Ancient Tea Set"],"max_hp_gain":0,"max_hp_loss":0,"event_name":"Scrap Ooze","floor":2,"gold_loss":0},{"damage_healed":0,"gold_gain":0,"player_choice":"Ignored","damage_taken":0,"max_hp_gain":0,"max_hp_loss":0,"event_name":"Liars Game","floor":3,"gold_loss":0},{"damage_healed":0,"gold_gain":0,"player_choice":"Rummage","damage_taken":0,"relics_obtained":["WarpedTongs"],"max_hp_gain":0,"max_hp_loss":0,"event_name":"Accursed Blacksmith","floor":5,"gold_loss":0,"cards_obtained":["Pain"]},{"damage_healed":0,"gold_gain":0,"player_choice":"Obtained Book","damage_taken":16,"max_hp_gain":0,"max_hp_loss":0,"event_name":"Cursed Tome","floor":20,"gold_loss":0},{"cards_removed":["Strike_G"],"damage_healed":0,"gold_gain":0,"player_choice":"Offered Basic","damage_taken":0,"max_hp_gain":0,"max_hp_loss":0,"event_name":"Bonfire Elementals","floor":29,"gold_loss":0},{"damage_healed":0,"gold_gain":0,"player_choice":"Fight","damage_taken":0,"max_hp_gain":0,"max_hp_loss":0,"event_name":"Mysterious Sphere","floor":38,"gold_loss":0},{"damage_healed":0,"gold_gain":0,"player_choice":"Memory 1","damage_taken":0,"max_hp_gain":0,"max_hp_loss":0,"event_name":"SensoryStone","floor":45,"gold_loss":0},{"damage_healed":0,"gold_gain":0,"player_choice":"Fight","damage_taken":0,"max_hp_gain":0,"max_hp_loss":0,"event_name":"MindBloom","floor":48,"gold_loss":0}],"is_beta":false,"boss_relics":[{"not_picked":["Velvet Choker","Runic Pyramid"],"picked":"Astrolabe"},{"not_picked":["Tiny House","Pandora\u0027s Box"],"picked":"Ring of the Serpent"}],"items_purged_floors":[19,21,27,36,53],"is_endless":false,"potions_floor_spawned":[6,7,12,14,16,18,30,33,37,41,48,54],"ascension_level":2}