{"path_per_floor":["M","M","M","M","$","R","M","M","T","M","M","?","?","E","R","B",null,"M","M","$","M","?","R","M","M","T","?","$","M","R","M","R","B",null,"M","?","M","?"],"character_chosen":"IRONCLAD","items_purchased":["Vajra","Gremlin Horn","Flex"],"gold_per_floor":[110,130,143,158,2,2,20,32,32,32,45,75,101,132,132,237,237,255,270,29,41,41,41,53,72,72,72,22,42,42,42,42,144,144,164,0,15,15],"floor_reached":39,"campfire_rested":2,"playtime":2170,"current_hp_per_floor":[80,80,80,65,65,65,64,65,65,61,66,66,75,70,70,43,80,79,67,67,45,45,45,36,32,32,16,16,34,58,59,80,53,80,53,53,46,46],"items_purged":[],"gold":15,"score":339,"play_id":"67e4339c-cb31-4290-8bd4-6337b131addf","is_prod":false,"is_daily":false,"is_ascension_mode":false,"campfire_upgraded":3,"path_taken":["M","M","M","M","$","R","M","M","T","M","M","?","?","E","R","BOSS","M","M","$","M","?","R","M","M","T","?","$","?","R","M","R","BOSS","M","?","?","?","M"],"build_version":"2018-02-15-PROD1","purchased_purges":0,"victory":false,"master_deck":["Strike_R","Strike_R","Strike_R","Strike_R","Defend_R","Defend_R","Defend_R","Defend_R","Bash","Armaments+1","Heavy Blade","Seeing Red","Anger","Cleave","Anger","Metallicize+1","Body Slam","Anger","Rampage+1","Shrug It Off","Pommel Strike","Metallicize+1","Double Tap","Decay","Flex","Flex","Spot Weakness","Pommel Strike+1","Madness"],"max_hp_per_floor":[80,80,80,80,80,80,80,80,80,80,80,80,80,80,80,80,80,80,80,80,80,80,80,80,80,80,80,80,80,80,80,80,80,80,80,80,80,80],"relics":["Black Blood","Vajra","Pen Nib","Odd Mushroom","Bronze Scales","Cursed Key","Gremlin Horn","Meat on the Bone","Enchiridion","Red Mask"],"card_choices":[{"not_picked":["True Grit","Armaments"],"picked":"Heavy Blade"},{"not_picked":["True Grit","Burning Pact"],"picked":"Seeing Red"},{"not_picked":["Intimidate","Bloodletting"],"picked":"Anger"},{"not_picked":["True Grit","Anger"],"picked":"Cleave"},{"not_picked":["Sword Boomerang","Body Slam"],"picked":"Anger"},{"not_picked":["Armaments","Iron Wave"],"picked":"Metallicize"},{"not_picked":["Heavy Blade","Headbutt"],"picked":"Body Slam"},{"not_picked":["Iron Wave","Clash"],"picked":"Anger"},{"not_picked":["Blood for Blood","Armaments"],"picked":"Rampage"},{"not_picked":["Uppercut","Burning Pact"],"picked":"Shrug It Off"},{"not_picked":["Feel No Pain","Thunderclap"],"picked":"Pommel Strike"},{"not_picked":["Iron Wave","Perfected Strike"],"picked":"Metallicize"},{"not_picked":["Sword Boomerang","Anger"],"picked":"Double Tap"},{"not_picked":["Rage","Cleave"],"picked":"Flex"},{"not_picked":["True Grit","Perfected Strike"],"picked":"Spot Weakness"},{"not_picked":["Headbutt","Body Slam"],"picked":"Pommel Strike"}],"player_experience":56788,"potions_floor_usage":[13,13,13,16,16,25,29,31,33],"damage_taken":[{"damage":5,"enemies":"2 Louse","floor":1,"turns":3},{"damage":5,"enemies":"Small Slimes","floor":2,"turns":7},{"damage":1,"enemies":"Jaw Worm","floor":3,"turns":3},{"damage":21,"enemies":"Lots of Slimes","floor":4,"turns":7},{"damage":7,"enemies":"Blue Slaver","floor":7,"turns":4},{"damage":5,"enemies":"Looter","floor":8,"turns":2},{"damage":10,"enemies":"2 Fungi Beasts","floor":10,"turns":3},{"damage":1,"enemies":"Exordium Thugs","floor":11,"turns":4},{"damage":3,"enemies":"The Mushroom Lair","floor":13,"turns":3},{"damage":11,"enemies":"Gremlin Nob","floor":14,"turns":4},{"damage":33,"enemies":"The Guardian","floor":16,"turns":10},{"damage":7,"enemies":"Shell Parasite","floor":18,"turns":3},{"damage":18,"enemies":"Chosen","floor":19,"turns":3},{"damage":28,"enemies":"Snake Plant","floor":21,"turns":4},{"damage":15,"enemies":"Snecko","floor":24,"turns":5},{"damage":10,"enemies":"Centurion and Healer","floor":25,"turns":5},{"damage":0,"enemies":"Sentry and Sphere","floor":29,"turns":3},{"damage":5,"enemies":"3 Cultists","floor":31,"turns":3},{"damage":33,"enemies":"Collector","floor":33,"turns":8},{"damage":37,"enemies":"3 Shapes","floor":35,"turns":7},{"damage":29,"enemies":"3 Darklings","floor":37,"turns":4},{"damage":48,"enemies":"Maw","floor":39,"turns":8}],"event_choices":[{"event_name":"Dead Adventurer","player_choice":"Searched \u00271\u0027 times","floor":12,"damage_taken":0},{"event_name":"Mushrooms","player_choice":"Fought Mushrooms","floor":13,"damage_taken":0},{"event_name":"Beggar","player_choice":"Ignored","floor":22,"damage_taken":0},{"event_name":"Cursed Tome","player_choice":"Obtained Book","floor":27,"damage_taken":0},{"event_name":"Tomb of Lord Red Mask","player_choice":"Paid","floor":36,"damage_taken":0},{"event_name":"Match and Keep!","player_choice":"1 cards matched","floor":38,"damage_taken":0}],"boss_relics":[{"not_picked":["Velvet Choker","Pandora\u0027s Box"],"picked":"Cursed Key"},{"not_picked":["Eternal Feather","White Beast Statue"],"picked":"Black Blood"}],"potions_floor_spawned":[4,7,8,13,14,16,18,24,25,37],"seed_played":"-6180225818842250271","killed_by":"Maw","ascension_level":0,"is_trial":false}