{"gold_per_floor":[118,128,138,148,164,164,198,198,198,215,9,21,21,21,21,119,119,139,139,139,139,153,153,179,192,192,20,20],"floor_reached":28,"playtime":879,"items_purged":["Strike_B"],"score":289,"play_id":"43948ae0-b59b-4fc5-bab2-cf1df34c7bcd","local_time":"20190216150324","is_ascension_mode":true,"campfire_choices":[{"data":"Sunder","floor":6.0,"key":"SMITH"},{"data":"Gash","floor":8.0,"key":"SMITH"},{"data":"FTL","floor":15,"key":"SMITH"},{"data":"Streamline","floor":23,"key":"SMITH"}],"neow_cost":"NONE","seed_source_timestamp":111661217719139,"circlet_count":0,"master_deck":["Strike_B","Strike_B","Strike_B","Defend_B","Defend_B","Defend_B","Defend_B","Zap","Dualcast","Rip and Tear","BootSequence","Steam+1","Coolheaded","Sunder+1","Gash+1","FTL+1","Gash+1","Hologram","Streamline+1","Leap","Hologram","Echo Form","Hologram+1","Gash"],"special_seed":0,"relics":["Cracked Core","NeowsBlessing","Bag of Preparation","Letter Opener","DollysMirror","Orrery","Dodecahedron","Sundial","Strawberry"],"potions_floor_usage":[24],"damage_taken":[{"damage":0.0,"enemies":"2 Louse","floor":1.0,"turns":1.0},{"damage":0.0,"enemies":"Small Slimes","floor":2.0,"turns":1.0},{"damage":0.0,"enemies":"Jaw Worm","floor":3.0,"turns":1.0},{"damage":0.0,"enemies":"3 Louse","floor":4.0,"turns":3.0},{"damage":7.0,"enemies":"Red Slaver","floor":5.0,"turns":3.0},{"damage":14.0,"enemies":"Gremlin Nob","floor":7.0,"turns":3.0},{"damage":7,"enemies":"Large Slime","floor":10,"turns":5},{"damage":0,"enemies":"3 Louse","floor":12,"turns":2},{"damage":41,"enemies":"Hexaghost","floor":16,"turns":8},{"damage":10,"enemies":"2 Thieves","floor":18,"turns":4},{"damage":11,"enemies":"3 Byrds","floor":22,"turns":5},{"damage":25,"enemies":"Book of Stabbing","floor":24,"turns":6},{"damage":12,"enemies":"Centurion and Healer","floor":25,"turns":4},{"damage":18,"enemies":"Gremlin Leader","floor":28,"turns":4}],"seed_played":"997538810589314776","potions_obtained":[{"floor":3.0,"key":"Strength Potion"},{"floor":4.0,"key":"Fire Potion"},{"floor":10,"key":"Strength Potion"},{"floor":16,"key":"EssenceOfSteel"},{"floor":24,"key":"Ancient Potion"}],"is_trial":false,"path_per_floor":["M","M","M","M","M","R","E","R","T","M","$","M","?","?","R","B",null,"M","?","?","?","M","R","E","M","T","$","E"],"character_chosen":"DEFECT","items_purchased":["DollysMirror","Gash","FearPotion"],"campfire_rested":0,"item_purchase_floors":[11,27,27],"current_hp_per_floor":[75,75,75,75,68,68,54,54,54,47,47,47,52,52,52,11,80,70,55,55,55,44,44,19,7,14,14,0],"gold":20,"neow_bonus":"THREE_ENEMY_KILL","is_prod":false,"is_daily":false,"chose_seed":false,"campfire_upgraded":4,"win_rate":0,"timestamp":1550351004,"path_taken":["M","M","M","M","M","R","E","R","T","M","$","M","?","?","R","BOSS","M","?","?","?","M","R","E","M","T","$","E"],"build_version":"2019-01-23","purchased_purges":1,"victory":false,"max_hp_per_floor":[75,75,75,75,75,75,75,75,75,75,75,75,80,80,80,80,80,80,85,85,85,85,85,85,85,92,92,92],"card_choices":[{"not_picked":["Coolheaded","Compile Driver"],"picked":"Rip and Tear","floor":1.0},{"not_picked":["Streamline","Sweeping Beam"],"picked":"BootSequence","floor":2.0},{"not_picked":["Ball Lightning","Rebound"],"picked":"Steam","floor":3.0},{"not_picked":["Aggregate","Sweeping Beam"],"picked":"Coolheaded","floor":4.0},{"not_picked":["Hello World","Consume"],"picked":"Sunder","floor":5.0},{"not_picked":["Stack","Redo"],"picked":"Gash","floor":7.0},{"not_picked":["Stack","Barrage"],"picked":"FTL","floor":10},{"not_picked":["Barrage","Buffer","Defragment"],"picked":"SKIP","floor":12},{"not_picked":["Go for the Eyes","Stack"],"picked":"Hologram","floor":17},{"not_picked":["Beam Cell","Rainbow"],"picked":"Streamline","floor":17},{"not_picked":["Coolheaded","Streamline"],"picked":"Leap","floor":17},{"not_picked":["Tempest","Coolheaded","Steam"],"picked":"SKIP","floor":18},{"not_picked":["Redo","Beam Cell"],"picked":"Hologram","floor":22},{"not_picked":["Fusion","Conserve Battery+1"],"picked":"Echo Form","floor":24},{"not_picked":["Chaos","Turbo"],"picked":"Hologram+1","floor":25}],"player_experience":199752,"relics_obtained":[{"floor":7.0,"key":"Bag of Preparation"},{"floor":9.0,"key":"Letter Opener"},{"floor":24,"key":"Sundial"},{"floor":26,"key":"Strawberry"}],"event_choices":[{"damage_healed":0,"gold_gain":0,"player_choice":"Donut","damage_taken":0,"max_hp_gain":5,"max_hp_loss":0,"event_name":"Big Fish","floor":13,"gold_loss":0},{"damage_healed":0,"gold_gain":0,"player_choice":"Grow","damage_taken":0,"max_hp_gain":0,"max_hp_loss":0,"event_name":"Living Wall","floor":14,"gold_loss":0,"cards_upgraded":["Steam"]},{"damage_healed":0,"gold_gain":0,"player_choice":"Shed Blood","damage_taken":20,"max_hp_gain":5,"max_hp_loss":0,"event_name":"Forgotten Altar","floor":19,"gold_loss":0},{"damage_healed":0,"gold_gain":0,"player_choice":"Opened","damage_taken":0,"relics_obtained":["Dodecahedron"],"max_hp_gain":0,"max_hp_loss":0,"event_name":"The Mausoleum","floor":20,"gold_loss":0,"cards_obtained":["Writhe"]},{"cards_removed":["Writhe"],"damage_healed":0,"gold_gain":0,"player_choice":"Elegance","damage_taken":0,"max_hp_gain":0,"max_hp_loss":0,"event_name":"Back to Basics","floor":21,"gold_loss":0}],"is_beta":false,"boss_relics":[{"not_picked":["Velvet Choker","Coffee Dripper"],"picked":"Orrery"}],"items_purged_floors":[27],"is_endless":false,"potions_floor_spawned":[3,4,10,16,24,25],"killed_by":"Gremlin Leader","ascension_level":2}