{"gold_per_floor":[362,312,65,65,82,82,96,171,197,71,71,83,83,38,38,141,141,158,174,27,37,37,37,55,55],"floor_reached":25,"playtime":733,"items_purged":["Strike_B"],"score":301,"play_id":"46308241-1909-4041-a793-8b378777a05a","local_time":"20190303201143","is_ascension_mode":true,"campfire_choices":[{"data":"Zap","floor":6.0,"key":"SMITH"},{"data":"Steam","floor":11.0,"key":"SMITH"},{"floor":15.0,"key":"REST"},{"floor":23.0,"key":"REST"}],"neow_cost":"PERCENT_DAMAGE","seed_source_timestamp":160395228907807,"circlet_count":0,"master_deck":["Strike_B","Defend_B","Defend_B","Defend_B","Defend_B","Zap+1","Dualcast","All For One","Finesse","Steam+1","Beam Cell","Gash","Echo Form","Rebound","Hologram","Leap+1","Scrape"],"special_seed":0,"relics":["Cracked Core","Pear","Regal Pillow","Nuclear Battery","Bag of Marbles","Ice Cream"],"potions_floor_usage":[24,25],"damage_taken":[{"damage":3.0,"enemies":"2 Louse","floor":1.0,"turns":3.0},{"damage":12.0,"enemies":"Small Slimes","floor":5.0,"turns":3.0},{"damage":0.0,"enemies":"Cultist","floor":7.0,"turns":2.0},{"damage":15.0,"enemies":"Exordium Wildlife","floor":12.0,"turns":5.0},{"damage":0.0,"enemies":"Slime Boss","floor":16.0,"turns":6.0},{"damage":19.0,"enemies":"Spheric Guardian","floor":18.0,"turns":4.0},{"damage":36.0,"enemies":"2 Thieves","floor":19.0,"turns":5.0},{"damage":10.0,"enemies":"Shelled Parasite and Fungi","floor":21.0,"turns":5.0},{"damage":17,"enemies":"Snake Plant","floor":24,"turns":5},{"damage":42,"enemies":"Slavers","floor":25,"turns":3}],"seed_played":"2898013249052438211","potions_obtained":[{"floor":5.0,"key":"Fire Potion"},{"floor":18.0,"key":"Fire Potion"},{"floor":19.0,"key":"SkillPotion"},{"floor":24,"key":"Dexterity Potion"}],"is_trial":false,"path_per_floor":["M","?","$","?","M","R","M","?","T","$","R","M","?","$","R","B",null,"M","M","$","M","?","R","M","E"],"character_chosen":"DEFECT","items_purchased":["All For One","Finesse","Fire Potion","Gash","Bag of Marbles"],"campfire_rested":2,"item_purchase_floors":[3,3,10,14,20],"current_hp_per_floor":[51,51,51,61,49,49,49,38,38,38,38,23,16,16,56,56,78,59,23,23,13,13,53,36,0],"gold":55,"neow_bonus":"TWO_FIFTY_GOLD","is_prod":false,"is_daily":false,"chose_seed":false,"campfire_upgraded":2,"win_rate":0,"timestamp":1551665503,"path_taken":["M","?","$","?","?","R","M","?","T","$","R","M","?","$","R","BOSS","M","M","$","M","?","R","M","E"],"build_version":"2019-01-23","purchased_purges":1,"victory":false,"max_hp_per_floor":[75,75,75,85,85,85,85,85,85,85,85,85,85,85,85,85,85,85,85,85,85,85,85,85,85],"card_choices":[{"not_picked":["Rip and Tear","Recycle"],"picked":"Barrage","floor":1.0},{"not_picked":["Turbo","Heatsinks"],"picked":"Steam","floor":5.0},{"not_picked":["Conserve Battery","Sweeping Beam"],"picked":"Beam Cell","floor":7.0},{"not_picked":["White Noise","Glacier","Static Discharge"],"picked":"SKIP","floor":12.0},{"not_picked":["Reboot","All For One"],"picked":"Echo Form","floor":16.0},{"not_picked":["Sweeping Beam+1","Storm"],"picked":"Rebound","floor":18.0},{"not_picked":["Compile Driver+1","Conserve Battery"],"picked":"Hologram","floor":19.0},{"not_picked":["Conserve Battery","Beam Cell"],"picked":"Leap+1","floor":21.0},{"not_picked":["Chaos","Double Energy"],"picked":"Scrape","floor":24}],"player_experience":296091,"relics_obtained":[{"floor":9.0,"key":"Regal Pillow"}],"event_choices":[{"cards_removed":["Strike_B"],"damage_healed":0.0,"max_hp_gain":0.0,"max_hp_loss":0.0,"gold_gain":0.0,"event_name":"The Cleric","player_choice":"Card Removal","floor":2.0,"gold_loss":50.0,"damage_taken":0.0},{"cards_removed":["Barrage"],"damage_healed":0.0,"max_hp_gain":0.0,"max_hp_loss":0.0,"gold_gain":0.0,"event_name":"WeMeetAgain","player_choice":"Gave Card","floor":4.0,"gold_loss":0.0,"damage_taken":0.0,"relics_obtained":["Pear"]},{"damage_healed":0.0,"max_hp_gain":0.0,"max_hp_loss":0.0,"gold_gain":75.0,"event_name":"World of Goop","player_choice":"Gather Gold","floor":8.0,"gold_loss":0.0,"damage_taken":11.0},{"cards_removed":["Strike_B"],"damage_healed":0.0,"max_hp_gain":0.0,"max_hp_loss":0.0,"gold_gain":0.0,"event_name":"Golden Wing","player_choice":"Card Removal","floor":13.0,"gold_loss":0.0,"damage_taken":7.0},{"damage_healed":0.0,"max_hp_gain":0.0,"max_hp_loss":0.0,"gold_gain":0.0,"event_name":"The Mausoleum","player_choice":"Opened","floor":22.0,"gold_loss":0.0,"damage_taken":0.0,"relics_obtained":["Ice Cream"]}],"is_beta":false,"boss_relics":[{"not_picked":["Tiny House","Velvet Choker"],"picked":"Nuclear Battery"}],"items_purged_floors":[10],"is_endless":false,"potions_floor_spawned":[5,18,19,24],"killed_by":"Slavers","ascension_level":5}