{"gold_per_floor":[117,127,127,9,23,53,10,22,69,69,17,48,59,59],"floor_reached":14,"playtime":441,"items_purged":[],"score":195,"play_id":"188263a2-1ccb-4afa-9db4-ff3463bdd247","local_time":"20190311230808","is_ascension_mode":true,"campfire_choices":[{"data":"Footwork","floor":10,"key":"SMITH"}],"neow_cost":"NONE","seed_source_timestamp":452289523057655,"circlet_count":0,"master_deck":["AscendersBane","Defend_G","Defend_G","Defend_G","Defend_G","Defend_G","Strike_G","Strike_G","Strike_G","Strike_G","Strike_G","Survivor","Neutralize+1","Dagger Spray","Footwork+1","Crippling Poison","Well Laid Plans","Flechettes","Infinite Blades","Infinite Blades","Cloak And Dagger","Blade Dance"],"relics":["Ring of the Snake","NeowsBlessing","Dodecahedron","Regal Pillow","Pen Nib"],"potions_floor_usage":[12,14,14],"damage_taken":[{"damage":0,"enemies":"Small Slimes","floor":1,"turns":1},{"damage":0,"enemies":"Cultist","floor":2,"turns":1},{"damage":0,"enemies":"Jaw Worm","floor":5,"turns":1},{"damage":32,"enemies":"3 Sentries","floor":6,"turns":13},{"damage":6,"enemies":"Blue Slaver","floor":8,"turns":4},{"damage":15,"enemies":"Lagavulin","floor":12,"turns":6},{"damage":4,"enemies":"2 Fungi Beasts","floor":13,"turns":3},{"damage":5,"enemies":"Red Slaver","floor":14,"turns":3}],"seed_played":"7311456114146784116","potions_obtained":[{"floor":2,"key":"SpeedPotion"},{"floor":8,"key":"AttackPotion"},{"floor":13,"key":"Dexterity Potion"}],"is_trial":false,"path_per_floor":["M","M","?","$","M","E","$","M","T","R","$","E","M","M"],"character_chosen":"THE_SILENT","items_purchased":["Footwork","Crippling Poison","Infinite Blades","Cloak And Dagger"],"campfire_rested":0,"item_purchase_floors":[4,4,7,11],"current_hp_per_floor":[59,59,59,59,59,27,27,21,21,21,21,6,2,0],"gold":59,"neow_bonus":"THREE_ENEMY_KILL","is_prod":false,"is_daily":false,"chose_seed":false,"campfire_upgraded":1,"win_rate":0,"timestamp":1552342088,"path_taken":["M","M","?","$","?","E","$","M","T","R","?","E","M","M"],"build_version":"2019-01-23","purchased_purges":0,"victory":false,"max_hp_per_floor":[66,66,66,66,66,66,66,66,66,66,66,66,66,66],"card_choices":[{"not_picked":["Dodge and Roll","Bane"],"picked":"Dagger Spray","floor":1},{"not_picked":["Slice","Cloak And Dagger","Acrobatics"],"picked":"SKIP","floor":2},{"not_picked":["Backflip","Slice"],"picked":"Well Laid Plans","floor":5},{"not_picked":["Blade Dance","Setup"],"picked":"Flechettes","floor":6},{"not_picked":["Dagger Throw","Acrobatics"],"picked":"Infinite Blades","floor":8},{"not_picked":["Eviscerate","Endless Agony"],"picked":"Blade Dance","floor":12},{"not_picked":["Sucker Punch","Prepared","Slice"],"picked":"SKIP","floor":13}],"player_experience":973823,"relics_obtained":[{"floor":6,"key":"Dodecahedron"},{"floor":9,"key":"Regal Pillow"},{"floor":12,"key":"Pen Nib"}],"event_choices":[{"damage_healed":0,"gold_gain":0,"player_choice":"Upgraded","damage_taken":0,"max_hp_gain":0,"max_hp_loss":0,"event_name":"Upgrade Shrine","floor":3,"gold_loss":0,"cards_upgraded":["Neutralize"]}],"is_beta":false,"boss_relics":[],"items_purged_floors":[],"is_endless":false,"potions_floor_spawned":[2,8,13],"killed_by":"Red Slaver","ascension_level":19}