{"gold_per_floor":[114,124,199,213,8,24,34,69,95,95,95,95,45,56,56,153,153,171,42,42,55,55,55,80,80,80,80],"floor_reached":27,"playtime":1275,"items_purged":[],"score":309,"play_id":"d0daf5c6-62ce-49eb-b715-ad3fcf3fcbbd","local_time":"20190224182620","is_ascension_mode":true,"campfire_choices":[{"data":"Streamline","floor":10,"key":"SMITH"},{"data":"Hologram","floor":12,"key":"SMITH"},{"data":"Zap","floor":15,"key":"SMITH"},{"floor":23,"key":"REST"},{"floor":25,"key":"REST"}],"neow_cost":"NONE","seed_source_timestamp":290949944559718,"circlet_count":0,"master_deck":["Strike_B","Strike_B","Defend_B","Defend_B","Defend_B","Defend_B","Zap+1","Dualcast","Ball Lightning","Streamline+1","Conserve Battery","Hologram+1","Echo Form","All For One","Redo","FTL","Gash","Steam","Ball Lightning+1"],"relics":["Cracked Core","Blood Vial","Letter Opener","Juzu Bracelet","Regal Pillow","Velvet Choker","Omamori"],"potions_floor_usage":[21],"damage_taken":[{"damage":7,"enemies":"Jaw Worm","floor":1,"turns":3},{"damage":0,"enemies":"2 Louse","floor":2,"turns":3},{"damage":7,"enemies":"Small Slimes","floor":4,"turns":2},{"damage":2,"enemies":"Looter","floor":6,"turns":3},{"damage":6,"enemies":"Exordium Wildlife","floor":7,"turns":6},{"damage":17,"enemies":"Gremlin Nob","floor":8,"turns":4},{"damage":7,"enemies":"Exordium Thugs","floor":14,"turns":3},{"damage":0,"enemies":"Slime Boss","floor":16,"turns":6},{"damage":22,"enemies":"3 Byrds","floor":18,"turns":4},{"damage":23,"enemies":"2 Thieves","floor":21,"turns":4},{"damage":54,"enemies":"Slavers","floor":24,"turns":4},{"damage":25,"enemies":"Colosseum Slavers","floor":27,"turns":3},{"damage":38,"enemies":"Colosseum Nobs","floor":27,"turns":4}],"seed_played":"-5712425941592850101","potions_obtained":[{"floor":1,"key":"SteroidPotion"},{"floor":8,"key":"Block Potion"},{"floor":14,"key":"Strength Potion"},{"floor":24,"key":"FocusPotion"}],"is_trial":false,"path_per_floor":["M","M","?","M","$","M","M","E","T","R","?","R","?","M","R","B",null,"M","$","?","M","?","R","E","R","T","?"],"character_chosen":"DEFECT","items_purchased":["Blood Vial","Streamline","FTL","Gash","Steam"],"campfire_rested":2,"item_purchase_floors":[5,5,19,19,19],"current_hp_per_floor":[75,75,64,57,57,57,53,38,38,38,35,35,35,30,30,32,82,60,60,60,39,23,64,12,53,53,0],"gold":80,"neow_bonus":"TEN_PERCENT_HP_BONUS","is_prod":false,"is_daily":false,"chose_seed":false,"campfire_upgraded":3,"win_rate":0,"timestamp":1551054380,"path_taken":["M","M","?","M","$","M","M","E","T","R","?","R","?","M","R","BOSS","M","$","?","M","?","R","E","R","T","?"],"build_version":"2019-01-23","purchased_purges":0,"victory":false,"max_hp_per_floor":[82,82,82,82,82,82,82,82,82,82,82,82,82,82,82,82,82,82,82,82,82,87,87,87,87,87,87],"card_choices":[{"not_picked":["Lockon","Auto Shields","Turbo"],"picked":"SKIP","floor":1},{"not_picked":["Steam","Static Discharge"],"picked":"Ball Lightning","floor":2},{"not_picked":["Hello World","Storm","Stack"],"picked":"SKIP","floor":4},{"not_picked":["Steam","Sweeping Beam"],"picked":"Conserve Battery","floor":6},{"not_picked":["Rebound","Steam"],"picked":"Hologram","floor":7},{"not_picked":["Static Discharge","Ball Lightning"],"picked":"Echo Form","floor":8},{"not_picked":["Defragment","Static Discharge","Hologram"],"picked":"SKIP","floor":14},{"not_picked":["Hyperbeam","Amplify"],"picked":"All For One","floor":16},{"not_picked":["Steam","Stack+1"],"picked":"Redo","floor":18},{"not_picked":["Lockon","FTL+1"],"picked":"Ball Lightning+1","floor":21},{"not_picked":["Sweeping Beam","Machine Learning","Cold Snap"],"picked":"SKIP","floor":24}],"player_experience":224565,"relics_obtained":[{"floor":8,"key":"Letter Opener"},{"floor":9,"key":"Juzu Bracelet"},{"floor":24,"key":"Omamori"}],"event_choices":[{"damage_healed":0,"gold_gain":75,"player_choice":"Gather Gold","damage_taken":11,"max_hp_gain":0,"max_hp_loss":0,"event_name":"World of Goop","floor":3,"gold_loss":0},{"damage_healed":0,"gold_gain":0,"player_choice":"Success","damage_taken":3,"relics_obtained":["Regal Pillow"],"max_hp_gain":0,"max_hp_loss":0,"event_name":"Scrap Ooze","floor":11,"gold_loss":0},{"cards_removed":["Strike_B"],"damage_healed":0,"gold_gain":0,"player_choice":"Card Removal","damage_taken":0,"max_hp_gain":0,"max_hp_loss":0,"event_name":"The Cleric","floor":13,"gold_loss":50},{"cards_removed":["Strike_B"],"damage_healed":0,"gold_gain":0,"player_choice":"Elegance","damage_taken":0,"max_hp_gain":0,"max_hp_loss":0,"event_name":"Back to Basics","floor":20,"gold_loss":0},{"damage_healed":0,"gold_gain":0,"player_choice":"Shed Blood","damage_taken":21,"max_hp_gain":5,"max_hp_loss":0,"event_name":"Forgotten Altar","floor":22,"gold_loss":0},{"damage_healed":0,"gold_gain":0,"player_choice":"Fight","damage_taken":0,"max_hp_gain":0,"max_hp_loss":0,"event_name":"Colosseum","floor":27,"gold_loss":0},{"damage_healed":0,"gold_gain":0,"player_choice":"Fought Nobs","damage_taken":0,"max_hp_gain":0,"max_hp_loss":0,"event_name":"Colosseum","floor":27,"gold_loss":0}],"is_beta":false,"boss_relics":[{"not_picked":["Tiny House","Runic Pyramid"],"picked":"Velvet Choker"}],"items_purged_floors":[],"is_endless":false,"potions_floor_spawned":[1,8,14,18,24],"killed_by":"Colosseum Nobs","ascension_level":2}