{"gold_per_floor":[112,130,144,144,16,50,61,95,95,95,113,138,138,51,51,151,151,151,151,151,101,101,101,101,101,101,51,51,51,51,51,51,51,51,51,1,1,1,1,1,1,1,1,1,1,1,1,1,1,1],"floor_reached":51,"playtime":2036,"items_purged":["Strike_B","Dualcast","Strike_B","Injury"],"score":753,"play_id":"b322dbcd-ee64-4d45-9203-c8be9a46151e","local_time":"20180726235224","is_ascension_mode":true,"campfire_choices":[{"data":"Hyperbeam","floor":10.0,"key":"SMITH"},{"floor":15.0,"key":"REST"},{"data":"Gash","floor":32.0,"key":"SMITH"},{"floor":40.0,"key":"DIG"},{"data":"Seek","floor":42.0,"key":"SMITH"},{"floor":45.0,"key":"DIG"},{"floor":49.0,"key":"REST"}],"neow_cost":"NONE","seed_source_timestamp":0,"circlet_count":0,"master_deck":["Strike_B","Strike_B","Defend_B","Defend_B","Defend_B","Defend_B","Zap","Gash+1","Hologram","Sweeping Beam","Hyperbeam+1","Beam Cell","Melter","Steam","Streamline","Rebound","RitualDagger","Auto Shields+1","Gash","Gash","Scrape","Seek+1","Heatsinks+1","White Noise+1","Madness","Madness"],"special_seed":0,"relics":["Cracked Core","Bronze Scales","The Courier","Incense Burner","Omamori","Smiling Mask","Boot","Anchor","Ectoplasm","Meat on the Bone","Red Mask","Kunai","Frozen Egg 2","Calling Bell","Mummified Hand","Shovel","Happy Flower","Nunchaku","Bottled Flame","Tiny Chest","Vajra"],"potions_floor_usage":[50,50,50],"damage_taken":[{"damage":1.0,"enemies":"Cultist","floor":1.0,"turns":3.0},{"damage":2.0,"enemies":"Jaw Worm","floor":2.0,"turns":3.0},{"damage":1.0,"enemies":"2 Louse","floor":3.0,"turns":3.0},{"damage":6.0,"enemies":"Gremlin Nob","floor":6.0,"turns":3.0},{"damage":16.0,"enemies":"Blue Slaver","floor":7.0,"turns":3.0},{"damage":18.0,"enemies":"Lagavulin","floor":8.0,"turns":4.0},{"damage":0.0,"enemies":"2 Fungi Beasts","floor":11.0,"turns":2.0},{"damage":5.0,"enemies":"3 Sentries","floor":12.0,"turns":3.0},{"damage":10.0,"enemies":"Slime Boss","floor":16.0,"turns":7.0},{"damage":0.0,"enemies":"Spheric Guardian","floor":18.0,"turns":1.0},{"damage":0.0,"floor":22.0,"turns":1.0},{"damage":0.0,"enemies":"3 Byrds","floor":23.0,"turns":2.0},{"damage":16.0,"enemies":"Book of Stabbing","floor":24.0,"turns":4.0},{"damage":0.0,"enemies":"Centurion and Healer","floor":25.0,"turns":2.0},{"damage":0.0,"enemies":"Snecko","floor":28.0,"turns":1.0},{"damage":0.0,"enemies":"Sentry and Sphere","floor":29.0,"turns":3.0},{"damage":0.0,"enemies":"Cultist and Chosen","floor":31.0,"turns":3.0},{"damage":30.0,"enemies":"Collector","floor":33.0,"turns":10.0},{"damage":12.0,"enemies":"Flame Bruiser 1 Orb","floor":35.0,"turns":7.0},{"damage":3.0,"enemies":"3 Shapes","floor":37.0,"turns":2.0},{"damage":37.0,"floor":38.0,"turns":6.0},{"damage":1.0,"enemies":"Sphere and 2 Shapes","floor":39.0,"turns":2.0},{"damage":15.0,"enemies":"Spire Growth","floor":44.0,"turns":4.0},{"damage":0.0,"enemies":"4 Shapes","floor":47.0,"turns":1.0},{"damage":0.0,"enemies":"Maw","floor":48.0,"turns":6.0},{"damage":56,"enemies":"Donu and Deca","floor":50,"turns":7}],"seed_played":"-2589528380864835383","potions_obtained":[{"floor":3.0,"key":"FocusPotion"},{"floor":6.0,"key":"FocusPotion"},{"floor":7.0,"key":"AttackPotion"},{"floor":12.0,"key":"Block Potion"},{"floor":23.0,"key":"Poison Potion"},{"floor":24.0,"key":"FearPotion"},{"floor":25.0,"key":"SmokeBomb"},{"floor":37.0,"key":"Fire Potion"},{"floor":38.0,"key":"SpeedPotion"},{"floor":39.0,"key":"Energy Potion"},{"floor":47.0,"key":"EssenceOfSteel"}],"is_trial":false,"path_per_floor":["M","M","M","T","$","E","M","E","T","R","M","E","T","$","R","B",null,"M","?","?","$","?","M","E","M","T","$","M","M","?","M","R","B",null,"M","$","M","?","M","R","$","R","T","M","R","?","M","M","R","B"],"character_chosen":"DEFECT","items_purchased":["Hyperbeam","Beam Cell","Rebound"],"campfire_rested":2,"item_purchase_floors":[5,5,14],"current_hp_per_floor":[74,72,71,71,71,65,49,31,31,31,31,26,26,26,48,38,75,75,75,69,69,69,69,53,53,53,53,53,53,53,53,53,35,75,63,63,60,35,46,46,46,46,46,43,43,34,46,46,68,24],"gold":1,"neow_bonus":"RANDOM_COMMON_RELIC","is_prod":false,"is_daily":false,"chose_seed":false,"campfire_upgraded":3,"win_rate":0,"timestamp":1532659944,"path_taken":["M","?","M","?","?","E","M","E","T","R","M","E","?","$","R","BOSS","M","?","?","$","?","?","E","M","T","$","M","M","?","M","R","BOSS","M","$","?","?","M","R","$","R","T","M","R","?","?","M","R","BOSS"],"build_version":"2018-07-26","purchased_purges":4,"victory":true,"max_hp_per_floor":[75,75,75,75,75,75,75,75,75,75,75,75,75,75,75,75,75,75,75,75,75,75,75,75,75,75,75,75,75,75,75,75,75,75,75,75,75,75,75,75,75,75,75,75,75,75,75,75,75,75],"card_choices":[{"not_picked":["Ball Lightning","Hologram"],"picked":"Gash","floor":1.0},{"not_picked":["Darkness","Turbo"],"picked":"Hologram","floor":2.0},{"not_picked":["Compile Driver","Melter"],"picked":"Sweeping Beam","floor":3.0},{"not_picked":["Redo","Steam"],"picked":"Melter","floor":6.0},{"not_picked":["Cold Snap","Sweeping Beam"],"picked":"Steam","floor":7.0},{"not_picked":["Compile Driver","Rip and Tear","Go for the Eyes"],"picked":"SKIP","floor":8.0},{"not_picked":["Consume","Static Discharge","Aggregate"],"picked":"SKIP","floor":11.0},{"not_picked":["Biased Cognition","Compile Driver"],"picked":"Streamline","floor":12.0},{"not_picked":["Ball Lightning","Compile Driver","Beam Cell"],"picked":"SKIP","floor":18.0},{"not_picked":["Streamline+1","Melter"],"picked":"Auto Shields+1","floor":22.0},{"not_picked":["Coolheaded","Steam Power"],"picked":"Gash","floor":23.0},{"not_picked":["Streamline+1","Conserve Battery+1","Force Field+1"],"picked":"SKIP","floor":24.0},{"not_picked":["Sweeping Beam","Defragment"],"picked":"Gash","floor":25.0},{"not_picked":["Blizzard","Coolheaded"],"picked":"Scrape","floor":29.0},{"not_picked":["Leap","Melter","Cold Snap"],"picked":"SKIP","floor":31.0},{"not_picked":["Fission","Multi-Cast"],"picked":"Seek","floor":33.0},{"not_picked":["Hologram+1","Sweeping Beam"],"picked":"Heatsinks+1","floor":35.0},{"not_picked":["Rebound","Darkness+1","Fission"],"picked":"SKIP","floor":37.0},{"not_picked":["Barrage","Lockon"],"picked":"White Noise+1","floor":39.0},{"not_picked":["Loop+1","Compile Driver","Beam Cell+1"],"picked":"SKIP","floor":44.0},{"not_picked":["Force Field","Storm+1","Coolheaded+1"],"picked":"SKIP","floor":47.0},{"not_picked":["Defragment+1","Rip and Tear","Compile Driver+1"],"picked":"SKIP","floor":48.0}],"player_experience":844508,"relics_obtained":[{"floor":4.0,"key":"The Courier"},{"floor":6.0,"key":"Incense Burner"},{"floor":8.0,"key":"Omamori"},{"floor":9.0,"key":"Smiling Mask"},{"floor":12.0,"key":"Boot"},{"floor":13.0,"key":"Anchor"},{"floor":22.0,"key":"Red Mask"},{"floor":24.0,"key":"Kunai"},{"floor":26.0,"key":"Frozen Egg 2"},{"floor":34.0,"key":"Mummified Hand"},{"floor":34.0,"key":"Shovel"},{"floor":34.0,"key":"Happy Flower"},{"floor":38.0,"key":"Nunchaku"},{"floor":40.0,"key":"Bottled Flame"},{"floor":43.0,"key":"Tiny Chest"},{"floor":45.0,"key":"Vajra"}],"event_choices":[{"event_name":"The Mausoleum","player_choice":"Yes","floor":19.0,"damage_taken":0.0},{"event_name":"Nest","player_choice":"Joined the Cult","floor":20.0,"damage_taken":0.0},{"event_name":"Masked Bandits","player_choice":"Fought over 101 gold","floor":22.0,"damage_taken":0.0},{"event_name":"Drug Dealer","player_choice":"Ignored","floor":30.0,"damage_taken":0.0},{"event_name":"MindBloom","player_choice":"Fight","floor":38.0,"damage_taken":0.0},{"event_name":"Winding Halls","player_choice":"Embrace Madness","floor":46.0,"damage_taken":0.0}],"is_beta":true,"boss_relics":[{"not_picked":["Inserter","Snecko Eye"],"picked":"Ectoplasm"},{"not_picked":["Cursed Key","Tiny House"],"picked":"Calling Bell"}],"items_purged_floors":[14,21,27,36],"is_endless":false,"potions_floor_spawned":[3,6,7,12,23,24,25,28,37,38,39,47],"ascension_level":2}