{"gold_per_floor":[118,133,97,115,127,127,139,139,139,139,149,149,176,197,197,296,296,316,329,348,366,416,416,431,431,478,498,528,528,528,528,528,624,624,644,644,662,679,65,65,119,119,146,146,179,215,230,255,255,255],"floor_reached":50,"playtime":7182,"items_purged":[],"score":969,"play_id":"c20f853d-68cc-41c3-b119-1e2096f9ae15","local_time":"20190312220451","is_ascension_mode":true,"campfire_choices":[{"data":"Backflip","floor":6.0,"key":"SMITH"},{"data":"Venomology","floor":8.0,"key":"SMITH"},{"data":"Backflip","floor":10.0,"key":"SMITH"},{"data":"Neutralize","floor":12.0,"key":"SMITH"},{"data":"Calculated Gamble","floor":15.0,"key":"SMITH"},{"data":"Infinite Blades","floor":23.0,"key":"SMITH"},{"data":"Adrenaline","floor":25.0,"key":"SMITH"},{"data":"Dodge and Roll","floor":29.0,"key":"SMITH"},{"floor":32.0,"key":"REST"},{"data":"Underhanded Strike","floor":40.0,"key":"SMITH"},{"floor":42.0,"key":"REST"},{"floor":44.0,"key":"REST"},{"floor":49.0,"key":"REST"}],"neow_cost":"NONE","seed_source_timestamp":768796976380750,"circlet_count":0,"master_deck":["AscendersBane","Survivor","Neutralize+1","Endless Agony","Dodge and Roll","Night Terror","Venomology+1","Dash","Masterful Stab","Unload","Tools of the Trade","Masterful Stab","Adrenaline+1","Underhanded Strike+1","Flying Knee","Endless Agony","Dodge and Roll+1","Backflip+1","Backflip+1","Calculated Gamble+1","Quick Slash","Backstab","Burst","Underhanded Strike+1","Dodge and Roll+1","Quick Slash+1","Infinite Blades+1","Escape Plan+1","Escape Plan","Acrobatics","Finisher","Phantasmal Killer","Leg Sweep","HandOfGreed","Noxious Fumes","Tactician+1","Crippling Poison","Dagger Throw","Footwork","Sucker Punch","Sucker Punch+1","Eviscerate+1","Acrobatics","Underhanded Strike+1","Infinite Blades"],"special_seed":0,"relics":["Pandora\u0027s Box","Ornamental Fan","Tingsha","Odd Mushroom","HoveringKite","Dream Catcher","Paper Crane","Snecko Eye","Centennial Puzzle","TwistedFunnel","Omamori","Anchor","Bag of Preparation","Dead Branch"],"potions_floor_usage":[50,50,50],"damage_taken":[{"damage":0.0,"enemies":"Jaw Worm","floor":1.0,"turns":3.0},{"damage":0.0,"enemies":"Cultist","floor":2.0,"turns":3.0},{"damage":0.0,"enemies":"2 Louse","floor":4.0,"turns":2.0},{"damage":0.0,"enemies":"Blue Slaver","floor":5.0,"turns":2.0},{"damage":0.0,"enemies":"Large Slime","floor":7.0,"turns":3.0},{"damage":0.0,"enemies":"Gremlin Gang","floor":11.0,"turns":1.0},{"damage":0.0,"enemies":"Gremlin Nob","floor":13.0,"turns":3.0},{"damage":0.0,"enemies":"The Mushroom Lair","floor":14.0,"turns":2.0},{"damage":0.0,"enemies":"Slime Boss","floor":16.0,"turns":6.0},{"damage":0.0,"enemies":"Spheric Guardian","floor":18.0,"turns":2.0},{"damage":12.0,"enemies":"Chosen","floor":19.0,"turns":2.0},{"damage":0.0,"enemies":"Snake Plant","floor":20.0,"turns":3.0},{"damage":15.0,"enemies":"Centurion and Healer","floor":21.0,"turns":4.0},{"damage":10.0,"enemies":"Cultist and Chosen","floor":24.0,"turns":5.0},{"damage":0.0,"enemies":"3 Cultists","floor":27.0,"turns":4.0},{"damage":1.0,"enemies":"Gremlin Leader","floor":28.0,"turns":5.0},{"damage":43.0,"enemies":"Champ","floor":33.0,"turns":8.0},{"damage":0.0,"enemies":"Orb Walker","floor":35.0,"turns":3.0},{"damage":10.0,"enemies":"3 Darklings","floor":37.0,"turns":3.0},{"damage":18.0,"enemies":"Spire Growth","floor":38.0,"turns":3.0},{"damage":21.0,"enemies":"Reptomancer","floor":41.0,"turns":6.0},{"damage":4.0,"enemies":"Nemesis","floor":45.0,"turns":7.0},{"damage":8.0,"enemies":"4 Shapes","floor":46.0,"turns":3.0},{"damage":15.0,"enemies":"3 Darklings","floor":47.0,"turns":3.0},{"damage":6.0,"enemies":"Giant Head","floor":48.0,"turns":6.0},{"damage":49,"enemies":"Time Eater","floor":50,"turns":7}],"seed_played":"-7489880153423923585","potions_obtained":[{"floor":4.0,"key":"SkillPotion"},{"floor":7.0,"key":"SmokeBomb"},{"floor":11.0,"key":"Energy Potion"},{"floor":13.0,"key":"Explosive Potion"},{"floor":16.0,"key":"LiquidBronze"},{"floor":18.0,"key":"EssenceOfSteel"},{"floor":19.0,"key":"Swift Potion"},{"floor":21.0,"key":"Fire Potion"},{"floor":27.0,"key":"Weak Potion"},{"floor":45.0,"key":"GamblersBrew"},{"floor":47.0,"key":"EssenceOfSteel"},{"floor":48.0,"key":"SpeedPotion"}],"is_trial":false,"path_per_floor":["M","M","$","M","M","R","M","R","T","R","M","R","E","?","R","B",null,"M","M","M","M","?","R","M","R","T","M","E","R","?","?","R","B",null,"M","?","M","M","$","R","E","R","T","R","E","M","M","E","R","B"],"character_chosen":"THE_SILENT","items_purchased":["Endless Agony","Crippling Poison","Centennial Puzzle","TwistedFunnel","Dagger Throw","Footwork","Weak Potion","Sucker Punch"],"campfire_rested":4,"item_purchase_floors":[3,39,39,39,39,39,39,39],"current_hp_per_floor":[63,63,63,63,63,63,63,63,63,63,63,63,63,63,63,63,68,68,56,56,41,41,41,31,31,31,31,30,30,30,30,51,8,55,55,55,45,36,36,36,15,36,36,57,53,45,30,24,45,0],"gold":255,"neow_bonus":"BOSS_RELIC","is_prod":false,"is_daily":false,"chose_seed":false,"campfire_upgraded":9,"win_rate":0,"timestamp":1552453491,"path_taken":["M","M","$","M","M","R","M","R","T","R","M","R","E","?","R","BOSS","M","M","M","M","?","R","M","R","T","?","E","R","?","?","R","BOSS","M","?","M","M","$","R","E","R","T","R","E","M","M","E","R","BOSS"],"build_version":"2019-01-23","purchased_purges":0,"victory":false,"max_hp_per_floor":[70,70,70,70,70,70,70,70,70,70,70,70,70,70,70,70,70,70,70,70,70,70,70,70,70,70,70,70,70,70,70,70,70,70,70,70,70,70,70,70,70,70,70,70,70,70,70,70,70,70],"card_choices":[{"not_picked":["Acrobatics","Flechettes"],"picked":"Underhanded Strike","floor":1.0},{"not_picked":["Setup","Heel Hook"],"picked":"Flying Knee","floor":2.0},{"not_picked":["Venomology","Heel Hook"],"picked":"Dodge and Roll","floor":4.0},{"not_picked":["PiercingWail","Slice"],"picked":"Backflip","floor":5.0},{"not_picked":["Dash","Bane"],"picked":"Backflip","floor":7.0},{"not_picked":["PiercingWail","Deadly Poison"],"picked":"Calculated Gamble","floor":11.0},{"not_picked":["Sucker Punch","Flechettes"],"picked":"Quick Slash","floor":13.0},{"not_picked":["Dodge and Roll","Flying Knee"],"picked":"Backstab","floor":14.0},{"not_picked":["Unload","Envenom"],"picked":"Burst","floor":16.0},{"not_picked":["Footwork","Bane"],"picked":"Underhanded Strike+1","floor":18.0},{"not_picked":["Riddle With Holes","Outmaneuver+1"],"picked":"Dodge and Roll+1","floor":19.0},{"not_picked":["Prepared","Poisoned Stab"],"picked":"Quick Slash+1","floor":20.0},{"not_picked":["Choke+1","Escape Plan+1"],"picked":"Infinite Blades","floor":21.0},{"not_picked":["Terror","Expertise"],"picked":"Escape Plan+1","floor":24.0},{"not_picked":["Backstab","Dagger Spray+1"],"picked":"Escape Plan","floor":27.0},{"not_picked":["Sucker Punch","Finisher"],"picked":"Acrobatics","floor":28.0},{"not_picked":["Setup","Blade Dance"],"picked":"Finisher","floor":32.0},{"not_picked":["Glass Knife","Doppelganger"],"picked":"Phantasmal Killer","floor":33.0},{"not_picked":["Outmaneuver+1","Deadly Poison+1"],"picked":"Leg Sweep","floor":35.0},{"not_picked":["Swift Strike","Transmutation"],"picked":"HandOfGreed","floor":36.0},{"not_picked":["Bane+1","Cloak And Dagger"],"picked":"Noxious Fumes","floor":37.0},{"not_picked":["Footwork+1","Skewer+1"],"picked":"Tactician+1","floor":38.0},{"not_picked":["Heel Hook","PiercingWail+1","Blade Dance+1"],"picked":"SKIP","floor":41.0},{"not_picked":["Prepared+1","Deflect"],"picked":"Sucker Punch+1","floor":42.0},{"not_picked":["Poisoned Stab","Doppelganger"],"picked":"Eviscerate+1","floor":45.0},{"not_picked":["Bane+1","PiercingWail+1"],"picked":"Acrobatics","floor":46.0},{"not_picked":["Dodge and Roll+1","Sucker Punch"],"picked":"Underhanded Strike+1","floor":47.0},{"not_picked":["Quick Slash+1","Sucker Punch"],"picked":"Infinite Blades","floor":48.0}],"player_experience":466521,"relics_obtained":[{"floor":9.0,"key":"Ornamental Fan"},{"floor":13.0,"key":"Tingsha"},{"floor":14.0,"key":"Odd Mushroom"},{"floor":26.0,"key":"Dream Catcher"},{"floor":28.0,"key":"Paper Crane"},{"floor":41.0,"key":"Omamori"},{"floor":43.0,"key":"Anchor"},{"floor":45.0,"key":"Bag of Preparation"},{"floor":48.0,"key":"Dead Branch"}],"event_choices":[{"damage_healed":0.0,"max_hp_gain":0.0,"max_hp_loss":0.0,"gold_gain":0.0,"event_name":"Mushrooms","player_choice":"Fought Mushrooms","floor":14.0,"gold_loss":0.0,"damage_taken":0.0},{"damage_healed":0.0,"max_hp_gain":0.0,"max_hp_loss":0.0,"gold_gain":100.0,"event_name":"The Joust","player_choice":"Bet on Murderer","floor":22.0,"gold_loss":50.0,"damage_taken":0.0},{"damage_healed":0.0,"max_hp_gain":0.0,"max_hp_loss":0.0,"gold_gain":0.0,"event_name":"Cursed Tome","player_choice":"Ignored","floor":30.0,"gold_loss":0.0,"damage_taken":0.0},{"damage_healed":0.0,"max_hp_gain":0.0,"max_hp_loss":0.0,"gold_gain":0.0,"event_name":"Vampires","player_choice":"Ignored","floor":31.0,"gold_loss":0.0,"damage_taken":0.0},{"damage_healed":0.0,"max_hp_gain":0.0,"max_hp_loss":0.0,"gold_gain":0.0,"event_name":"SensoryStone","player_choice":"Memory 1","floor":36.0,"gold_loss":0.0,"damage_taken":0.0}],"is_beta":false,"boss_relics":[{"not_picked":["Empty Cage","Philosopher\u0027s Stone"],"picked":"HoveringKite"},{"not_picked":["Lizard Tail","Cursed Key"],"picked":"Snecko Eye"}],"items_purged_floors":[],"is_endless":false,"potions_floor_spawned":[4,7,11,13,14,16,18,19,21,27,45,47,48],"killed_by":"Time Eater","ascension_level":10}