{"path_per_floor":["M","M","?","M","M","$","?","M","T","R","E","M","M","M","R","B",null,"M","?","?","M","M","R","M","M","T","R","M","?","$","?","R"],"character_chosen":"DEFECT","items_purchased":["Panache","Doom and Gloom","Bottled Tornado","Melter"],"gold_per_floor":[367,381,331,345,355,46,46,59,84,84,116,131,148,165,165,266,266,278,278,278,296,313,313,325,339,339,339,350,350,57,57,57,57],"floor_reached":33,"campfire_rested":4,"playtime":1370,"current_hp_per_floor":[38,34,34,33,33,33,33,16,16,38,16,15,2,2,24,3,75,53,53,53,40,17,25,21,10,10,40,7,7,7,7,37,0],"items_purged":["Strike_B"],"gold":57,"score":278,"play_id":"d89f5265-35e4-4d20-9d34-d9b49defc092","local_time":"20180507070637","is_prod":false,"is_daily":false,"chose_seed":false,"is_ascension_mode":true,"campfire_upgraded":1,"timestamp":1525687597,"path_taken":["M","M","?","?","M","?","?","M","T","R","E","M","M","M","R","BOSS","M","?","?","?","?","R","M","M","T","R","?","?","$","?","R","BOSS"],"build_version":"2018-05-03","seed_source_timestamp":1357996824044,"purchased_purges":1,"victory":false,"master_deck":["Strike_B","Defend_B","Defend_B","Defend_B","Defend_B","Zap+1","Dualcast","Skim","Barrage","Glacier","Rebound","Panache","Doom and Gloom","Ball Lightning","Blizzard","Axe Kick","Go for the Eyes","Coolheaded","Beam Cell","Gash","Cold Snap","Conserve Battery+1","Consume+1","Melter"],"max_hp_per_floor":[75,75,75,75,75,75,75,75,75,75,75,75,75,75,75,75,75,75,75,75,75,75,75,75,75,75,75,75,75,75,75,75,75],"relics":["Cracked Core","Anchor","Pen Nib","Eternal Feather","Blood Vial","Bottled Tornado"],"card_choices":[{"not_picked":["Leap","Cold Snap"],"picked":"Skim","floor":1},{"not_picked":["Buffer","Recycle"],"picked":"Barrage","floor":2},{"not_picked":["Barrage","Streamline"],"picked":"Glacier","floor":4},{"not_picked":["Skim","Hologram"],"picked":"Rebound","floor":5},{"not_picked":["Leap","Streamline"],"picked":"Ball Lightning","floor":8},{"not_picked":["Hyperbeam","Impulse"],"picked":"Blizzard","floor":11},{"not_picked":["Rip and Tear","Capacitor"],"picked":"Axe Kick","floor":12},{"not_picked":["Capacitor","Streamline"],"picked":"Go for the Eyes","floor":13},{"not_picked":["Capacitor","Turbo"],"picked":"Coolheaded","floor":14},{"not_picked":["Consume","Heatsinks"],"picked":"Beam Cell","floor":18},{"not_picked":["Go for the Eyes","Doom and Gloom"],"picked":"Cold Snap","floor":21},{"not_picked":["Rebound","Beam Cell"],"picked":"Conserve Battery","floor":22},{"not_picked":["Chill","Ball Lightning"],"picked":"Consume","floor":24}],"player_experience":793359,"potions_floor_usage":[5,13,13,16,22,24,25,33],"damage_taken":[{"damage":0,"enemies":"2 Louse","floor":1,"turns":2},{"damage":4,"enemies":"Small Slimes","floor":2,"turns":3},{"damage":1,"enemies":"Cultist","floor":4,"turns":3},{"damage":0,"enemies":"Lots of Slimes","floor":5,"turns":1},{"damage":17,"enemies":"Looter","floor":8,"turns":3},{"damage":22,"enemies":"3 Sentries","floor":11,"turns":5},{"damage":1,"enemies":"Blue Slaver","floor":12,"turns":4},{"damage":25,"enemies":"Exordium Thugs","floor":13,"turns":5},{"damage":0,"enemies":"Exordium Wildlife","floor":14,"turns":3},{"damage":21,"enemies":"Hexaghost","floor":16,"turns":13},{"damage":22,"enemies":"2 Thieves","floor":18,"turns":4},{"damage":13,"enemies":"Shell Parasite","floor":21,"turns":5},{"damage":23,"enemies":"Centurion and Healer","floor":22,"turns":7},{"damage":4,"enemies":"Cultist and Chosen","floor":24,"turns":6},{"damage":11,"enemies":"Snake Plant","floor":25,"turns":4},{"damage":35,"enemies":"Centurion and Healer","floor":28,"turns":10},{"damage":58,"enemies":"Automaton","floor":33,"turns":6}],"event_choices":[{"event_name":"The Cleric","player_choice":"Card Removal","floor":3,"damage_taken":0},{"event_name":"Liars Game","player_choice":"disagreed","floor":7,"damage_taken":0},{"event_name":"Ghosts","player_choice":"Ignored","floor":19,"damage_taken":0},{"event_name":"The Library","player_choice":"Read","floor":20,"damage_taken":0},{"event_name":"Drug Dealer","player_choice":"Ignored","floor":29,"damage_taken":0},{"event_name":"Purifier","player_choice":"One Purge","floor":31,"damage_taken":0}],"boss_relics":[{"not_picked":["Ectoplasm","Runic Pyramid"],"picked":"Eternal Feather"}],"potions_floor_spawned":[2,11,12,14,16,21,22,28],"seed_played":"-9127194370176033965","killed_by":"Automaton","ascension_level":2,"is_trial":false}