{"path_per_floor":["M","$","?","?","?","R","E","M","T","M","?","E","R","$","R","B",null,"M","?","M","$","?","R","E","$","T","R","$","?","?","$","R"],"character_chosen":"DEFECT","items_purchased":["DataDisk","Cold Snap","Reprieve","Capacitor","Cold Snap"],"gold_per_floor":[113,38,113,113,113,113,146,161,161,181,181,213,213,20,20,116,116,128,128,141,45,45,45,77,77,77,77,29,29,29,29,29,29],"floor_reached":33,"campfire_rested":1,"playtime":1053,"current_hp_per_floor":[75,75,64,64,64,64,64,64,64,64,64,51,51,51,51,51,75,62,62,59,59,59,59,14,14,14,36,36,61,61,61,61,0],"items_purged":["Strike_B"],"gold":29,"score":374,"play_id":"2c38ffb1-a5c2-4c8d-8d21-6f15909bfcdb","local_time":"20180501140942","is_prod":false,"is_daily":false,"chose_seed":false,"is_ascension_mode":true,"campfire_upgraded":5,"timestamp":1525194582,"path_taken":["M","$","?","?","?","R","E","?","T","M","?","E","R","$","R","BOSS","M","?","M","$","?","R","E","$","T","R","$","?","?","?","R","BOSS"],"build_version":"2018-04-30","seed_source_timestamp":13068514458559,"purchased_purges":1,"victory":false,"master_deck":["Strike_B","Strike_B","Strike_B","Defend_B","Defend_B","Defend_B","Zap+1","Dualcast+1","Cold Snap","Sunder+1","Streamline+1","Ball Lightning+1","Seek","Cold Snap","Redo","Rebound","Sweeping Beam","Blizzard+1","Recycle","Auto Shields+1","Reprieve+1","Capacitor","Darkness","Cold Snap","Decay"],"max_hp_per_floor":[75,75,75,75,75,75,75,75,75,75,75,75,75,75,75,75,75,75,75,75,75,75,75,75,75,75,75,75,75,75,75,75,75],"relics":["Cracked Core","NeowsBlessing","Cables","Bottled Flame","Matryoshka","DataDisk","Orrery","Juzu Bracelet","Blood Vial","Frozen Egg 2"],"card_choices":[{"not_picked":["Impulse","Beam Cell"],"picked":"Cold Snap","floor":1},{"not_picked":["Sweeping Beam","Skim"],"picked":"Sunder","floor":7},{"not_picked":["Coolheaded","Turbo"],"picked":"Streamline","floor":8},{"not_picked":["Double Energy","Melter"],"picked":"Ball Lightning","floor":10},{"not_picked":["Go for the Eyes","Aggregate"],"picked":"Seek","floor":12},{"not_picked":["Machine Learning","Seek"],"picked":"Redo","floor":16},{"not_picked":["Skim","Consume"],"picked":"Rebound","floor":17},{"not_picked":["Double Energy","Turbo"],"picked":"Sweeping Beam","floor":17},{"not_picked":["Axe Kick","Beam Cell"],"picked":"Blizzard","floor":17},{"not_picked":["Stack","Coolheaded"],"picked":"Recycle","floor":18},{"not_picked":["Machine Learning","Leap"],"picked":"Auto Shields","floor":20},{"not_picked":["Turbo","Force Field"],"picked":"Darkness","floor":24}],"player_experience":787774,"potions_floor_usage":[20,33,33],"damage_taken":[{"damage":0,"enemies":"Small Slimes","floor":1,"turns":1},{"damage":0,"enemies":"Lagavulin","floor":7,"turns":2},{"damage":0,"enemies":"2 Louse","floor":8,"turns":1},{"damage":0,"enemies":"Jaw Worm","floor":10,"turns":1},{"damage":13,"enemies":"3 Sentries","floor":12,"turns":4},{"damage":0,"enemies":"Slime Boss","floor":16,"turns":7},{"damage":13,"enemies":"Shell Parasite","floor":18,"turns":4},{"damage":3,"enemies":"3 Byrds","floor":20,"turns":3},{"damage":45,"enemies":"Book of Stabbing","floor":24,"turns":5},{"damage":82,"enemies":"Collector","floor":33,"turns":14}],"event_choices":[{"event_name":"World of Goop","player_choice":"Gather Gold","floor":3,"damage_taken":0},{"event_name":"Accursed Blacksmith","player_choice":"Forge","floor":4,"damage_taken":0},{"event_name":"Bonfire Elementals","player_choice":"BASIC","floor":5,"damage_taken":0},{"event_name":"Upgrade Shrine","player_choice":"Upgraded","floor":11,"damage_taken":0},{"event_name":"Drug Dealer","player_choice":"Ignored","floor":19,"damage_taken":0},{"event_name":"Addict","player_choice":"Ignored","floor":22,"damage_taken":0},{"event_name":"The Library","player_choice":"Heal","floor":29,"damage_taken":0},{"event_name":"Forgotten Altar","player_choice":"Smashed Altar","floor":30,"damage_taken":0}],"boss_relics":[{"not_picked":["White Beast Statue","Philosopher\u0027s Stone"],"picked":"Orrery"}],"potions_floor_spawned":[10,12,18],"seed_played":"-8560991573933637083","killed_by":"Collector","ascension_level":2,"is_trial":false}