{"gold_per_floor":[109,39,39,54,65,90,105,180,180,105,105],"floor_reached":11,"playtime":319,"items_purged":["Defend_B"],"score":73,"play_id":"b0b42435-1d09-4933-bb7a-6f7a26ce06a5","local_time":"20190312230801","is_ascension_mode":false,"campfire_choices":[],"neow_cost":"NONE","seed_source_timestamp":344926683130500,"circlet_count":0,"master_deck":["Strike_B","Strike_B","Strike_B","Defend_B","Defend_B","Defend_B","Zap","Dualcast","Storm","Defragment","Capacitor","Leap"],"relics":["Cracked Core","Sundial","Peace Pipe"],"potions_floor_usage":[],"damage_taken":[{"damage":6,"enemies":"Jaw Worm","floor":1,"turns":2},{"damage":1,"enemies":"Cultist","floor":4,"turns":3},{"damage":0,"enemies":"Small Slimes","floor":5,"turns":3},{"damage":34,"enemies":"3 Sentries","floor":6,"turns":8},{"damage":18,"enemies":"2 Fungi Beasts","floor":7,"turns":4}],"seed_played":"6552283802482128767","potions_obtained":[{"floor":4,"key":"Weak Potion"},{"floor":7,"key":"Poison Potion"}],"is_trial":false,"path_per_floor":["M","$","?","M","M","E","M","?","T","$","?"],"character_chosen":"DEFECT","items_purchased":["Defragment"],"campfire_rested":0,"item_purchase_floors":[2],"current_hp_per_floor":[76,76,69,68,68,34,16,5,5,5,0],"gold":105,"neow_bonus":"TEN_PERCENT_HP_BONUS","is_prod":false,"is_daily":false,"chose_seed":false,"campfire_upgraded":0,"win_rate":0.0,"timestamp":1552453681,"path_taken":["M","$","?","M","M","E","M","?","T","$","?"],"build_version":"2019-01-23","purchased_purges":1,"victory":false,"max_hp_per_floor":[82,82,82,82,82,82,82,82,82,82,82],"card_choices":[{"not_picked":["Streamline","Stack"],"picked":"Storm","floor":1},{"not_picked":["Cold Snap","Stack","Steam"],"picked":"SKIP","floor":4},{"not_picked":["Streamline","Turbo","Compile Driver"],"picked":"SKIP","floor":5},{"not_picked":["Sweeping Beam","Rebound"],"picked":"Capacitor","floor":6},{"not_picked":["Sweeping Beam","Double Energy"],"picked":"Leap","floor":7}],"player_experience":329322,"relics_obtained":[{"floor":6,"key":"Sundial"},{"floor":9,"key":"Peace Pipe"}],"event_choices":[{"cards_removed":["Strike_B"],"damage_healed":0,"gold_gain":0,"player_choice":"Card Removal","damage_taken":7,"max_hp_gain":0,"max_hp_loss":0,"event_name":"Golden Wing","floor":3,"gold_loss":0},{"damage_healed":0,"gold_gain":75,"player_choice":"Gather Gold","damage_taken":11,"max_hp_gain":0,"max_hp_loss":0,"event_name":"World of Goop","floor":8,"gold_loss":0}],"is_beta":false,"boss_relics":[],"items_purged_floors":[10],"is_endless":false,"potions_floor_spawned":[4,7],"ascension_level":0}