{"path_per_floor":["M","?","M","?","?","M","R","E","T","R","$","M","M","M","R","B",null,"M","M","$","?","M","E","R","?","T","$","M","?","?","T","R"],"character_chosen":"IRONCLAD","items_purchased":["Offering","Pen Nib"],"gold_per_floor":[210,210,221,221,296,306,306,340,340,340,54,69,87,98,98,196,196,207,224,144,144,160,188,188,188,213,163,173,173,88,136,136],"floor_reached":33,"campfire_rested":4,"playtime":889,"current_hp_per_floor":[80,73,72,65,54,49,49,33,33,57,57,59,61,56,80,51,80,52,44,44,44,15,15,31,31,31,31,35,35,35,35,51],"items_purged":["Defend_R","Defend_R","Defend_R"],"gold":136,"score":291,"play_id":"38714107-067a-400e-b799-e01681e3b457","local_time":"20180319120125","is_prod":false,"is_daily":false,"is_ascension_mode":false,"campfire_upgraded":1,"timestamp":1521471685,"path_taken":["M","?","?","?","?","M","R","E","T","R","$","M","?","M","R","BOSS","M","M","$","?","M","E","R","?","T","$","M","?","?","?","R","BOSS"],"build_version":"2018-03-15v3","purchased_purges":3,"victory":false,"master_deck":["Bash+1","Clash+1","Offering","Dual Wield","Double Tap","Bite","Bite","Bite+1","Bite","Bite","Dropkick"],"max_hp_per_floor":[80,80,80,80,80,80,80,80,80,80,80,80,80,80,80,80,80,80,80,80,56,56,56,56,56,56,56,56,56,56,56,56],"relics":["Burning Blood","Ancient Tea Set","The Courier","Bronze Scales","Pen Nib","Lizard Tail","Smiling Mask","Oddly Smooth Stone","Anchor","Whetstone"],"card_choices":[{"not_picked":["Warcry","Heavy Blade"],"picked":"Clash"},{"not_picked":["Power Through","Blood for Blood"],"picked":"Dual Wield"},{"not_picked":["Sword Boomerang","Pummel"],"picked":"Double Tap"},{"not_picked":["Clash","True Grit"],"picked":"Dropkick"}],"player_experience":619191,"potions_floor_usage":[8,16,16,23,23],"damage_taken":[{"damage":0,"enemies":"2 Louse","floor":1,"turns":3},{"damage":7,"enemies":"Small Slimes","floor":3,"turns":3},{"damage":11,"enemies":"Jaw Worm","floor":6,"turns":2},{"damage":22,"enemies":"3 Sentries","floor":8,"turns":9},{"damage":4,"enemies":"Red Slaver","floor":12,"turns":1},{"damage":4,"enemies":"3 Louse","floor":13,"turns":2},{"damage":11,"enemies":"2 Fungi Beasts","floor":14,"turns":2},{"damage":35,"enemies":"Hexaghost","floor":16,"turns":7},{"damage":34,"enemies":"2 Thieves","floor":18,"turns":3},{"damage":14,"enemies":"3 Byrds","floor":19,"turns":3},{"damage":55,"enemies":"Slaver and Parasite","floor":22,"turns":6},{"damage":69,"enemies":"Book of Stabbing","floor":23,"turns":5},{"damage":12,"enemies":"Snecko","floor":28,"turns":2},{"damage":4,"enemies":"Collector","floor":33,"turns":1}],"event_choices":[{"event_name":"Golden Wing","player_choice":"Card Removal","floor":2,"damage_taken":0},{"event_name":"Scrap Ooze","player_choice":"success","floor":4,"damage_taken":7},{"event_name":"World of Goop","player_choice":"Gather Gold","floor":5,"damage_taken":0},{"event_name":"Vampires","player_choice":"Became a vampire","floor":21,"damage_taken":0},{"event_name":"The Mausoleum","player_choice":"No","floor":25,"damage_taken":0},{"event_name":"Cursed Tome","player_choice":"Ignored","floor":29,"damage_taken":0},{"event_name":"Addict","player_choice":"Obtained Relic","floor":30,"damage_taken":0}],"boss_relics":[{"not_picked":["Cursed Key","Mark of Pain"],"picked":"Lizard Tail"}],"potions_floor_spawned":[1,3,8,16,22,28],"seed_played":"463615934924766417","killed_by":"Collector","ascension_level":0,"is_trial":false}