{"gold_per_floor":[115,115,62,62,77,77,102,102,102,102,44,44,44,63,63,136,136,156,156,169,181,181,181,200,200,200,210,54,54,88,100,100,100],"floor_reached":33,"playtime":1335,"items_purged":["Flechettes"],"score":473,"play_id":"e8c74986-af7f-4304-8b61-5d36e95449f8","local_time":"20190121230252","is_ascension_mode":true,"campfire_choices":[{"data":"1","floor":6,"key":"LIFT"},{"data":"2","floor":8,"key":"LIFT"},{"data":"3","floor":10,"key":"LIFT"},{"data":"Cloak And Dagger","floor":15,"key":"SMITH"},{"data":"A Thousand Cuts","floor":23,"key":"SMITH"},{"data":"Burst","floor":25,"key":"SMITH"},{"data":"Choke","floor":29,"key":"SMITH"},{"floor":32,"key":"REST"}],"neow_cost":"PERCENT_DAMAGE","seed_source_timestamp":43946898941568,"circlet_count":0,"master_deck":["AscendersBane","Survivor","Neutralize","Blade Dance+1","Dagger Spray","Sucker Punch","Cloak And Dagger+1","Cloak And Dagger","A Thousand Cuts+1","Calculated Gamble","Tools of the Trade","Die Die Die","Backflip","Sucker Punch","Footwork","Malaise","Dash","Noxious Fumes+1","Accuracy","Burst+1","Flying Knee","Choke+1","Blur","Backflip+1"],"relics":["Ring of the Snake","Girya","Potion Belt","Meat on the Bone","Pandora\u0027s Box","GremlinMask","Incense Burner","Shovel"],"potions_floor_usage":[7,24,27],"damage_taken":[{"damage":9,"enemies":"Jaw Worm","floor":1,"turns":7},{"damage":4,"enemies":"Small Slimes","floor":5,"turns":3},{"damage":12,"enemies":"3 Sentries","floor":7,"turns":6},{"damage":0,"enemies":"Cultist","floor":14,"turns":2},{"damage":19,"enemies":"Slime Boss","floor":16,"turns":11},{"damage":11,"enemies":"Shell Parasite","floor":18,"turns":3},{"damage":4,"enemies":"Chosen","floor":20,"turns":4},{"damage":6,"enemies":"Snecko","floor":21,"turns":4},{"damage":32,"enemies":"Snake Plant","floor":24,"turns":5},{"damage":6,"enemies":"Cultist and Chosen","floor":27,"turns":5},{"damage":34,"enemies":"Gremlin Leader","floor":30,"turns":6},{"damage":16,"enemies":"3 Cultists","floor":31,"turns":4},{"damage":55,"enemies":"Collector","floor":33,"turns":6}],"seed_played":"-3337696777568197415","potions_obtained":[{"floor":1,"key":"GamblersBrew"},{"floor":16,"key":"Strength Potion"},{"floor":18,"key":"Strength Potion"},{"floor":20,"key":"LiquidBronze"},{"floor":22,"key":"Regen Potion"},{"floor":24,"key":"PowerPotion"}],"is_trial":false,"path_per_floor":["?","?","M","?","?","?","M","M","?","M"],"character_chosen":"THE_SILENT","items_purchased":["Dagger Spray","Cloak And Dagger","Choke"],"campfire_rested":1,"item_purchase_floors":[3,11,28],"current_hp_per_floor":[35,35,35,35,31,31,19,19,19,19,19,24,71,71,71,52,66,55,55,51,45,45,45,40,40,40,46,46,46,24,20,41,0],"gold":100,"neow_bonus":"ONE_RARE_RELIC","is_prod":false,"is_daily":false,"chose_seed":false,"campfire_upgraded":4,"win_rate":0,"timestamp":1548118972,"path_taken":["M","?","$","?","?","R","E","R","T","R","$","?","?","M","R","BOSS","M","?","?","?","?","R","M","R","T","?","$","R","E","M","R","BOSS"],"build_version":"2019-01-20","purchased_purges":1,"victory":false,"max_hp_per_floor":[66,66,66,66,66,66,66,66,66,66,66,71,71,71,71,71,71,71,71,71,71,71,71,71,71,71,71,71,71,71,71,71,71],"card_choices":[{"not_picked":["Choke","Deflect"],"picked":"Blade Dance","floor":1},{"not_picked":["Setup","Dash","Catalyst"],"picked":"SKIP","floor":5},{"not_picked":["Venomology","Masterful Stab"],"picked":"Escape Plan","floor":7},{"not_picked":["Acrobatics","Poisoned Stab"],"picked":"Cloak And Dagger","floor":14},{"not_picked":["Venomology","Tools of the Trade"],"picked":"A Thousand Cuts","floor":16},{"not_picked":["Bouncing Flask","Escape Plan"],"picked":"Noxious Fumes+1","floor":18},{"not_picked":["Backflip","Sucker Punch","Quick Slash"],"picked":"SKIP","floor":20},{"not_picked":["Deadly Poison","Prepared"],"picked":"Accuracy","floor":21},{"not_picked":["Infinite Blades","Outmaneuver"],"picked":"Burst","floor":24},{"not_picked":["Dodge and Roll","Cloak And Dagger"],"picked":"Flying Knee","floor":27},{"not_picked":["Venomology","Escape Plan"],"picked":"Blur","floor":30},{"not_picked":["Quick Slash","Sucker Punch"],"picked":"Backflip+1","floor":31}],"player_experience":934801,"relics_obtained":[{"floor":7,"key":"Potion Belt"},{"floor":9,"key":"Meat on the Bone"},{"floor":26,"key":"Incense Burner"},{"floor":30,"key":"Shovel"}],"event_choices":[{"damage_healed":0,"gold_gain":0,"player_choice":"Grow","damage_taken":0,"max_hp_gain":0,"max_hp_loss":0,"event_name":"Living Wall","floor":2,"gold_loss":0,"cards_upgraded":["Blade Dance"]},{"damage_healed":0,"gold_gain":0,"cards_transformed":["Strike_G"],"player_choice":"Transformed","damage_taken":0,"max_hp_gain":0,"max_hp_loss":0,"event_name":"Transmorgrifier","floor":4,"gold_loss":0,"cards_obtained":["Sucker Punch"]},{"damage_healed":0,"gold_gain":0,"player_choice":"Donut","damage_taken":0,"max_hp_gain":5,"max_hp_loss":0,"event_name":"Big Fish","floor":12,"gold_loss":0},{"cards_removed":["Escape Plan"],"damage_healed":47,"gold_gain":0,"player_choice":"Offered Uncommon","damage_taken":0,"max_hp_gain":0,"max_hp_loss":0,"event_name":"Bonfire Elementals","floor":13,"gold_loss":0},{"damage_healed":0,"gold_gain":0,"player_choice":"Trade","damage_taken":0,"relics_obtained":["GremlinMask"],"max_hp_gain":0,"max_hp_loss":0,"event_name":"FaceTrader","floor":19,"gold_loss":0},{"damage_healed":0,"gold_gain":0,"player_choice":"Got Potions","damage_taken":0,"max_hp_gain":0,"max_hp_loss":0,"event_name":"Lab","floor":22,"gold_loss":0}],"is_beta":true,"boss_relics":[{"not_picked":["Fusion Hammer","Snecko Eye"],"picked":"Pandora\u0027s Box"}],"items_purged_floors":[28],"is_endless":false,"potions_floor_spawned":[1,16,18,20,24],"killed_by":"Collector","ascension_level":16}