{"gold_per_floor":[115,190,190,203,217,217,251,251,251,271,271,26,26,46,46,149,149,168,180,197,149,161,161,181,181,233,37,62,94,94,111,111,209,209,221,74,174,274,287,287,303,323,323,339,367,47,66,66,66,66],"floor_reached":50,"playtime":3469,"items_purged":["Strike_G","Pain","Strike_G"],"score":494,"play_id":"f63485c3-3fb7-42b5-9c75-f17e74d6e2cf","local_time":"20190205215703","is_ascension_mode":false,"campfire_choices":[{"data":"Quick Slash","floor":6,"key":"SMITH"},{"floor":8,"key":"REST"},{"data":"Apotheosis","floor":13,"key":"SMITH"},{"floor":15,"key":"REST"},{"data":"Acrobatics","floor":23,"key":"SMITH"},{"data":"Footwork","floor":30,"key":"SMITH"},{"floor":32,"key":"REST"},{"data":"1","floor":40,"key":"LIFT"},{"floor":49,"key":"REST"}],"neow_cost":"TEN_PERCENT_HP_LOSS","seed_source_timestamp":449588221786296,"circlet_count":0,"master_deck":["Defend_G","Defend_G","Defend_G","Defend_G","Defend_G","Survivor","Neutralize","Dagger Throw","Quick Slash+1","Poisoned Stab","Flechettes","PiercingWail","Outmaneuver","Footwork+1","Escape Plan","Apotheosis+1","Acrobatics+1","Doppelganger","Panacea","Dodge and Roll+1","Quick Slash+1","Terror","Die Die Die","Calculated Gamble"],"relics":["Ring of the Serpent","Torii","Meat on the Bone","Busted Crown","WarpedTongs","Boot","Ancient Tea Set","PreservedInsect","Anchor","Girya","Blood Vial","Singing Bowl"],"potions_floor_usage":[22,29,33,33,39,39,47,50],"damage_taken":[{"damage":0,"enemies":"Jaw Worm","floor":1,"turns":3},{"damage":0,"enemies":"Small Slimes","floor":4,"turns":3},{"damage":0,"enemies":"Cultist","floor":5,"turns":3},{"damage":40,"enemies":"3 Sentries","floor":7,"turns":9},{"damage":1,"enemies":"Looter","floor":10,"turns":2},{"damage":18,"enemies":"Gremlin Gang","floor":14,"turns":5},{"damage":18,"enemies":"The Guardian","floor":16,"turns":11},{"damage":0,"enemies":"Spheric Guardian","floor":18,"turns":3},{"damage":1,"enemies":"3 Byrds","floor":19,"turns":7},{"damage":2,"enemies":"Snake Plant","floor":20,"turns":6},{"damage":0,"enemies":"Centurion and Healer","floor":22,"turns":6},{"damage":9,"enemies":"Chosen and Byrds","floor":24,"turns":6},{"damage":1,"enemies":"Slavers","floor":29,"turns":7},{"damage":0,"enemies":"Snake Plant","floor":31,"turns":3},{"damage":89,"enemies":"Collector","floor":33,"turns":16},{"damage":30,"enemies":"3 Shapes","floor":35,"turns":6},{"damage":3,"enemies":"Mind Bloom Boss Battle","floor":37,"turns":6},{"damage":1,"enemies":"3 Darklings","floor":39,"turns":6},{"damage":1,"enemies":"Sphere and 2 Shapes","floor":41,"turns":5},{"damage":15,"enemies":"Maw","floor":42,"turns":5},{"damage":1,"enemies":"Transient","floor":44,"turns":5},{"damage":6,"enemies":"Giant Head","floor":45,"turns":8},{"damage":10,"enemies":"Sphere and 2 Shapes","floor":47,"turns":4},{"damage":63,"enemies":"Time Eater","floor":50,"turns":10}],"seed_played":"-334835810204847226","potions_obtained":[{"floor":5,"key":"Ancient Potion"},{"floor":10,"key":"Strength Potion"},{"floor":11,"key":"FairyPotion"},{"floor":24,"key":"Swift Potion"},{"floor":29,"key":"Regen Potion"},{"floor":33,"key":"Swift Potion"},{"floor":37,"key":"PowerPotion"},{"floor":42,"key":"SteroidPotion"},{"floor":45,"key":"Regen Potion"}],"is_trial":false,"path_per_floor":["M","?","?","M","M","R","E","R","T","M","?","$","R","M","R","B",null,"M","M","M","$","M","R","M","?","T","$","T","E","R","M","R","B",null,"M","$","?","?","M","R","M","M","T","M","E","$","M","?","R","B"],"character_chosen":"THE_SILENT","items_purchased":["Apotheosis","Fire Potion","Panacea","Anchor","Die Die Die","Calculated Gamble"],"campfire_rested":4,"item_purchase_floors":[12,21,27,36,46,46],"current_hp_per_floor":[63,52,52,52,52,52,12,30,30,41,41,41,41,35,53,35,63,63,62,60,60,60,60,51,51,51,51,51,50,50,50,63,18,63,33,33,42,42,41,41,40,37,37,38,36,36,35,35,55,0],"gold":66,"neow_bonus":"TRANSFORM_TWO_CARDS","is_prod":false,"is_daily":false,"chose_seed":false,"campfire_upgraded":4,"win_rate":0,"timestamp":1549425423,"path_taken":["M","?","?","M","?","R","E","R","T","M","?","$","R","M","R","BOSS","M","?","M","$","M","R","M","?","T","$","?","E","R","M","R","BOSS","M","$","?","?","?","R","M","M","T","M","E","$","M","?","R","BOSS"],"build_version":"2019-01-23","purchased_purges":3,"victory":false,"max_hp_per_floor":[63,63,63,63,63,63,63,63,63,63,63,63,63,63,63,63,63,63,63,63,63,63,63,63,63,63,63,63,63,63,63,63,63,63,63,63,63,63,63,63,63,63,63,63,65,65,67,67,67,67],"card_choices":[{"not_picked":["Deflect","PiercingWail"],"picked":"Poisoned Stab","floor":1},{"not_picked":["Deflect","Dagger Spray"],"picked":"PiercingWail","floor":4},{"not_picked":["Quick Slash","Prepared"],"picked":"Outmaneuver","floor":5},{"not_picked":["Wraith Form v2","Calculated Gamble"],"picked":"Footwork","floor":7},{"not_picked":["Cloak And Dagger","Dodge and Roll"],"picked":"Escape Plan","floor":10},{"not_picked":["Prepared","Distraction"],"picked":"Acrobatics","floor":14},{"not_picked":["Die Die Die","Bullet Time"],"picked":"Doppelganger","floor":16},{"not_picked":["Sucker Punch"],"picked":"SKIP","floor":18},{"not_picked":["Outmaneuver"],"picked":"SKIP","floor":19},{"not_picked":["Infinite Blades+1"],"picked":"SKIP","floor":20},{"not_picked":["Sucker Punch"],"picked":"SKIP","floor":22},{"not_picked":["Underhanded Strike"],"picked":"SKIP","floor":24},{"not_picked":["Finisher"],"picked":"SKIP","floor":29},{"not_picked":[],"picked":"Dodge and Roll+1","floor":31},{"not_picked":["Dodge and Roll+1"],"picked":"SKIP","floor":35},{"not_picked":[],"picked":"Quick Slash+1","floor":39},{"not_picked":[],"picked":"Terror","floor":41},{"not_picked":["Setup+1"],"picked":"SKIP","floor":42},{"not_picked":["Sucker Punch+1"],"picked":"SKIP","floor":44},{"not_picked":["Finisher+1"],"picked":"Singing Bowl","floor":45},{"not_picked":["Dodge and Roll"],"picked":"Singing Bowl","floor":47}],"player_experience":122538,"relics_obtained":[{"floor":7,"key":"Torii"},{"floor":9,"key":"Meat on the Bone"},{"floor":26,"key":"Boot"},{"floor":28,"key":"Ancient Tea Set"},{"floor":29,"key":"PreservedInsect"},{"floor":37,"key":"Girya"},{"floor":43,"key":"Blood Vial"},{"floor":45,"key":"Singing Bowl"}],"event_choices":[{"damage_healed":0,"gold_gain":75,"player_choice":"Gather Gold","damage_taken":11,"max_hp_gain":0,"max_hp_loss":0,"event_name":"World of Goop","floor":2,"gold_loss":0},{"damage_healed":0,"gold_gain":0,"cards_transformed":["Strike_G"],"player_choice":"Transformed","damage_taken":0,"max_hp_gain":0,"max_hp_loss":0,"event_name":"Transmorgrifier","floor":3,"gold_loss":0,"cards_obtained":["Flechettes"]},{"damage_healed":0,"gold_gain":0,"player_choice":"Got Potions","damage_taken":0,"max_hp_gain":0,"max_hp_loss":0,"event_name":"Lab","floor":11,"gold_loss":0},{"damage_healed":0,"gold_gain":0,"player_choice":"Rummage","damage_taken":0,"relics_obtained":["WarpedTongs"],"max_hp_gain":0,"max_hp_loss":0,"event_name":"Accursed Blacksmith","floor":25,"gold_loss":0,"cards_obtained":["Pain"]},{"damage_healed":0,"gold_gain":0,"player_choice":"Fight","damage_taken":0,"max_hp_gain":0,"max_hp_loss":0,"event_name":"MindBloom","floor":37,"gold_loss":0},{"damage_healed":0,"gold_gain":100,"player_choice":"Pray","damage_taken":0,"max_hp_gain":0,"max_hp_loss":0,"event_name":"Golden Shrine","floor":38,"gold_loss":0},{"damage_healed":0,"gold_gain":0,"player_choice":"Ignored","damage_taken":0,"max_hp_gain":0,"max_hp_loss":0,"event_name":"Mysterious Sphere","floor":48,"gold_loss":0}],"is_beta":false,"boss_relics":[{"not_picked":["Velvet Choker","Calling Bell"],"picked":"Busted Crown"},{"not_picked":["WristBlade","Coffee Dripper"],"picked":"Ring of the Serpent"}],"items_purged_floors":[12,27,46],"is_endless":false,"potions_floor_spawned":[5,10,14,16,19,24,29,33,37,42,45],"killed_by":"Time Eater","ascension_level":0}