{"gold_per_floor":[113,133,66,66,85,85,38,38,38,50,61,11,37,62,74,184,196,220,232],"floor_reached":19,"playtime":672,"items_purged":[],"score":194,"play_id":"cc8f3245-fecd-4c52-a86b-677033bda7d7","local_time":"20190226000219","is_ascension_mode":true,"campfire_choices":[{"data":"BootSequence","floor":6.0,"key":"SMITH"},{"data":"Turbo","floor":8.0,"key":"SMITH"},{"data":"White Noise","floor":15.0,"key":"SMITH"}],"neow_cost":"NONE","seed_source_timestamp":23881083638131,"circlet_count":0,"master_deck":["Strike_B","Strike_B","Defend_B","Defend_B","Defend_B","Defend_B","Zap","Dualcast","Self Repair","Sunder","BootSequence+1","Leap","Turbo+1","Hologram","Steam","White Noise+1","Beam Cell","Buffer","Go for the Eyes"],"special_seed":0,"relics":["Cracked Core","NeowsBlessing","Ancient Tea Set","MawBank","Snecko Eye"],"potions_floor_usage":[],"damage_taken":[{"damage":0.0,"enemies":"Small Slimes","floor":1.0,"turns":1.0},{"damage":0.0,"enemies":"Cultist","floor":2.0,"turns":1.0},{"damage":0.0,"enemies":"2 Louse","floor":5.0,"turns":1.0},{"damage":6.0,"enemies":"2 Fungi Beasts","floor":10.0,"turns":3.0},{"damage":10.0,"enemies":"Exordium Thugs","floor":11.0,"turns":6.0},{"damage":36.0,"enemies":"3 Sentries","floor":13.0,"turns":11.0},{"damage":0.0,"enemies":"Blue Slaver","floor":14.0,"turns":3.0},{"damage":58.0,"enemies":"The Guardian","floor":16.0,"turns":14.0},{"damage":4,"enemies":"Chosen","floor":18,"turns":3},{"damage":38,"enemies":"Colosseum Slavers","floor":19,"turns":5},{"damage":47,"enemies":"Colosseum Nobs","floor":19,"turns":5}],"seed_played":"5523455652839910725","potions_obtained":[{"floor":2.0,"key":"Regen Potion"},{"floor":5.0,"key":"SteroidPotion"},{"floor":16.0,"key":"Energy Potion"}],"is_trial":false,"path_per_floor":["M","M","$","?","M","R","$","R","T","M","M","?","E","M","R","B",null,"M","?"],"character_chosen":"DEFECT","items_purchased":["BootSequence","Turbo"],"campfire_rested":0,"item_purchase_floors":[3,7],"current_hp_per_floor":[75,75,75,75,75,75,75,75,75,75,72,72,57,64,64,13,75,75,0],"gold":232,"neow_bonus":"THREE_ENEMY_KILL","is_prod":false,"is_daily":false,"chose_seed":false,"campfire_upgraded":3,"win_rate":0,"timestamp":1551160939,"path_taken":["M","M","$","?","?","R","?","R","T","?","M","?","E","M","R","BOSS","M","?"],"build_version":"2019-01-23","purchased_purges":0,"victory":false,"max_hp_per_floor":[75,75,75,75,75,75,75,75,75,75,75,75,75,75,75,75,75,75,75],"card_choices":[{"not_picked":["Redo","Beam Cell"],"picked":"Self Repair","floor":1.0},{"not_picked":["Redo","Chaos"],"picked":"Sunder","floor":2.0},{"not_picked":["Sweeping Beam","Skim"],"picked":"Leap","floor":5.0},{"not_picked":["Turbo","Stack"],"picked":"Hologram","floor":10.0},{"not_picked":["Ball Lightning","Thunder Strike"],"picked":"Steam","floor":11.0},{"not_picked":["Conserve Battery","Redo"],"picked":"White Noise","floor":13.0},{"not_picked":["Compile Driver","Force Field"],"picked":"Beam Cell","floor":14.0},{"not_picked":["Seek","Machine Learning"],"picked":"Buffer","floor":16.0},{"not_picked":["Turbo+1","Lockon"],"picked":"Go for the Eyes","floor":18}],"player_experience":248701,"relics_obtained":[{"floor":9.0,"key":"Ancient Tea Set"},{"floor":13.0,"key":"MawBank"}],"event_choices":[{"cards_removed":["Strike_B"],"damage_healed":0.0,"max_hp_gain":0.0,"max_hp_loss":0.0,"gold_gain":0.0,"event_name":"Bonfire Elementals","player_choice":"Offered Basic","floor":4.0,"gold_loss":0.0,"damage_taken":0.0},{"cards_removed":["Strike_B"],"damage_healed":0.0,"max_hp_gain":0.0,"max_hp_loss":0.0,"gold_gain":0.0,"event_name":"The Cleric","player_choice":"Card Removal","floor":12.0,"gold_loss":50.0,"damage_taken":0.0},{"damage_healed":0,"gold_gain":0,"player_choice":"Fight","damage_taken":0,"max_hp_gain":0,"max_hp_loss":0,"event_name":"Colosseum","floor":19,"gold_loss":0},{"damage_healed":0,"gold_gain":0,"player_choice":"Fought Nobs","damage_taken":0,"max_hp_gain":0,"max_hp_loss":0,"event_name":"Colosseum","floor":19,"gold_loss":0}],"is_beta":false,"boss_relics":[{"not_picked":["Nuclear Battery","Calling Bell"],"picked":"Snecko Eye"}],"items_purged_floors":[],"is_endless":false,"potions_floor_spawned":[2,5,16],"killed_by":"Colosseum Nobs","ascension_level":3}