{"gold_per_floor":[112,112,129,54,71,98,98,113,137,137,167,245,275,303,303,399,399,411,431,29,29,41,71,71,83,83,83,93,93,45,63,63,159,159,172,272,289,301,101,101,131,131,157,157,188,223,16,49,49,49],"floor_reached":51,"playtime":5419,"items_purged":["Strike_B","Strike_B","Defend_B"],"score":1327,"play_id":"7f6921e5-12b1-4b95-91d2-b4fb211cb04e","local_time":"20190314222302","is_ascension_mode":true,"campfire_choices":[{"data":"Zap","floor":7.0,"key":"SMITH"},{"floor":10.0,"key":"REST"},{"floor":15.0,"key":"REST"},{"data":"Scrape","floor":24.0,"key":"SMITH"},{"data":"Defragment","floor":27.0,"key":"SMITH"},{"data":"Buffer","floor":29.0,"key":"SMITH"},{"floor":32.0,"key":"REST"},{"data":"Machine Learning","floor":40.0,"key":"SMITH"},{"floor":42.0,"key":"DIG"},{"floor":44.0,"key":"DIG"},{"floor":49,"key":"DIG"}],"neow_cost":"NONE","seed_source_timestamp":162611599019952,"circlet_count":0,"master_deck":["AscendersBane","Defend_B+1","Defend_B","Zap+1","Dualcast","Barrage","Gash","Rebound","Go for the Eyes","Glacier+1","Defragment+1","FTL","Buffer+1","Scrape+1","Machine Learning+1","Loop+1","FTL","Gash","Amplify","Gash","Glacier","Defragment+1","Hologram+1","Gash","Loop","Capacitor+1","Melter+1","Gash","Conserve Battery","Heatsinks+1"],"special_seed":0,"relics":["FrozenCore","CultistMask","Anchor","DataDisk","War Paint","Ornamental Fan","Singing Bowl","Odd Mushroom","Pear","Bottled Flame","Blood Vial","Busted Crown","WingedGreaves","Shovel","Juzu Bracelet","Smiling Mask","Pantograph","Blue Candle","Frozen Egg 2","Runic Capacitor","Lantern","Gremlin Horn"],"potions_floor_usage":[48,48],"damage_taken":[{"damage":3.0,"enemies":"Jaw Worm","floor":1.0,"turns":5.0},{"damage":6.0,"enemies":"Cultist","floor":3.0,"turns":4.0},{"damage":0.0,"enemies":"Small Slimes","floor":5.0,"turns":3.0},{"damage":25.0,"enemies":"Gremlin Nob","floor":6.0,"turns":4.0},{"damage":0.0,"enemies":"3 Louse","floor":8.0,"turns":3.0},{"damage":0.0,"enemies":"Lagavulin","floor":11.0,"turns":7.0},{"damage":1.0,"enemies":"3 Sentries","floor":13.0,"turns":7.0},{"damage":1.0,"enemies":"The Mushroom Lair","floor":14.0,"turns":5.0},{"damage":14.0,"enemies":"The Guardian","floor":16.0,"turns":13.0},{"damage":0.0,"enemies":"Chosen","floor":18.0,"turns":7.0},{"damage":9.0,"enemies":"3 Byrds","floor":19.0,"turns":4.0},{"damage":2.0,"enemies":"Snecko","floor":22.0,"turns":7.0},{"damage":24.0,"enemies":"Book of Stabbing","floor":23.0,"turns":7.0},{"damage":0.0,"enemies":"Cultist and Chosen","floor":25.0,"turns":7.0},{"damage":3.0,"enemies":"Snake Plant","floor":28.0,"turns":6.0},{"damage":0.0,"enemies":"Centurion and Healer","floor":31.0,"turns":6.0},{"damage":0.0,"enemies":"Champ","floor":33.0,"turns":11.0},{"damage":0.0,"enemies":"Orb Walker","floor":35.0,"turns":5.0},{"damage":24.0,"enemies":"Mind Bloom Boss Battle","floor":36.0,"turns":6.0},{"damage":0.0,"enemies":"3 Shapes","floor":37.0,"turns":6.0},{"damage":0.0,"enemies":"Maw","floor":38.0,"turns":8.0},{"damage":21.0,"enemies":"Reptomancer","floor":41.0,"turns":9.0},{"damage":4.0,"enemies":"Nemesis","floor":45.0,"turns":9.0},{"damage":0,"enemies":"Giant Head","floor":46,"turns":8},{"damage":4,"enemies":"Reptomancer","floor":48,"turns":7},{"damage":10,"enemies":"Donu and Deca","floor":50,"turns":11}],"seed_played":"-5888418128452203305","potions_obtained":[{"floor":1.0,"key":"Dexterity Potion"},{"floor":5.0,"key":"LiquidBronze"},{"floor":11.0,"key":"Ancient Potion"},{"floor":16.0,"key":"Weak Potion"},{"floor":23.0,"key":"SpeedPotion"},{"floor":25.0,"key":"FocusPotion"},{"floor":38.0,"key":"PowerPotion"},{"floor":41.0,"key":"Explosive Potion"},{"floor":45.0,"key":"Poison Potion"}],"is_trial":false,"path_per_floor":["M","?","M","$","M","E","R","M","T","R","E","T","E","?","R","B",null,"M","M","$","?","M","E","R","M","T","R","M","R","$","M","R","B",null,"M","?","M","M","$","R","E","R","T","R","E","E","$","E","R","B",null],"character_chosen":"DEFECT","items_purchased":["FTL","Pear","Gash","Gash","Conserve Battery","Runic Capacitor"],"campfire_rested":3,"item_purchase_floors":[20,20,30,39,39,47],"current_hp_per_floor":[65,65,59,59,59,34,34,34,34,56,56,56,55,54,75,61,72,72,65,75,75,73,49,49,49,49,49,48,48,48,50,76,80,87,91,67,71,73,73,73,56,56,56,56,56,58,58,58,58,75],"gold":49,"neow_bonus":"TRANSFORM_CARD","is_prod":false,"is_daily":false,"chose_seed":false,"campfire_upgraded":5,"win_rate":0,"timestamp":1552627382,"path_taken":["M","?","?","?","M","E","R","?","T","R","E","?","E","?","R","BOSS","M","M","$","?","M","E","R","M","T","R","M","R","?","M","R","BOSS","M","?","M","M","$","R","E","R","T","R","E","E","$","E","R","BOSS"],"build_version":"2019-01-23","purchased_purges":3,"victory":true,"max_hp_per_floor":[75,75,75,75,75,75,75,75,75,75,75,75,75,75,75,75,75,75,77,87,87,87,87,87,87,87,87,87,87,87,87,87,89,89,91,91,93,93,93,93,95,95,95,95,97,97,97,99,99,99],"card_choices":[{"not_picked":["Tempest","Go for the Eyes"],"picked":"Gash","floor":1.0},{"not_picked":["Hologram","Redo"],"picked":"Rebound","floor":3.0},{"not_picked":["Compile Driver","Redo"],"picked":"Go for the Eyes","floor":5.0},{"not_picked":["Double Energy","Rebound"],"picked":"Glacier","floor":6.0},{"not_picked":["Coolheaded","Amplify"],"picked":"Defragment","floor":8.0},{"not_picked":["Cold Snap","Compile Driver"],"picked":"FTL","floor":11.0},{"not_picked":["Coolheaded","Hologram"],"picked":"Buffer","floor":13.0},{"not_picked":["Sweeping Beam","Tempest"],"picked":"Scrape","floor":14.0},{"not_picked":["Multi-Cast","Amplify"],"picked":"Machine Learning","floor":16.0},{"not_picked":["Genetic Algorithm","Leap"],"picked":"Loop+1","floor":18.0},{"not_picked":["Ball Lightning","Sweeping Beam","Rebound"],"picked":"Singing Bowl","floor":19.0},{"not_picked":["Tempest","Double Energy"],"picked":"Gash","floor":22.0},{"not_picked":["Coolheaded","Cold Snap"],"picked":"Glacier","floor":23.0},{"not_picked":["Leap","Turbo"],"picked":"Defragment+1","floor":25.0},{"not_picked":["Beam Cell+1","Capacitor"],"picked":"Hologram+1","floor":28.0},{"not_picked":["Darkness","Static Discharge"],"picked":"Loop","floor":31.0},{"not_picked":["Meteor Strike","Thunder Strike","Hyperbeam"],"picked":"Singing Bowl","floor":33.0},{"not_picked":["Auto Shields+1"],"picked":"Singing Bowl","floor":35.0},{"not_picked":[],"picked":"Capacitor+1","floor":36.0},{"not_picked":["Streamline"],"picked":"Singing Bowl","floor":37.0},{"not_picked":[],"picked":"Melter+1","floor":38.0},{"not_picked":["Coolheaded+1"],"picked":"Singing Bowl","floor":41.0},{"not_picked":["Hello World"],"picked":"Singing Bowl","floor":45.0},{"not_picked":[],"picked":"Heatsinks","floor":46},{"not_picked":["Amplify"],"picked":"Singing Bowl","floor":48}],"player_experience":485090,"relics_obtained":[{"floor":6.0,"key":"Anchor"},{"floor":9.0,"key":"DataDisk"},{"floor":11.0,"key":"War Paint"},{"floor":12.0,"key":"Ornamental Fan"},{"floor":13.0,"key":"Singing Bowl"},{"floor":14.0,"key":"Odd Mushroom"},{"floor":23.0,"key":"Bottled Flame"},{"floor":26.0,"key":"Blood Vial"},{"floor":36.0,"key":"WingedGreaves"},{"floor":41.0,"key":"Shovel"},{"floor":42.0,"key":"Juzu Bracelet"},{"floor":43.0,"key":"Smiling Mask"},{"floor":44.0,"key":"Pantograph"},{"floor":45.0,"key":"Blue Candle"},{"floor":46,"key":"Frozen Egg 2"},{"floor":48,"key":"Lantern"},{"floor":49,"key":"Gremlin Horn"}],"event_choices":[{"damage_healed":0.0,"max_hp_gain":0.0,"max_hp_loss":0.0,"gold_gain":0.0,"event_name":"FaceTrader","player_choice":"Trade","floor":2.0,"gold_loss":0.0,"damage_taken":0.0,"relics_obtained":["CultistMask"]},{"damage_healed":0.0,"max_hp_gain":0.0,"max_hp_loss":0.0,"gold_gain":0.0,"event_name":"Mushrooms","player_choice":"Fought Mushrooms","floor":14.0,"gold_loss":0.0,"damage_taken":0.0},{"damage_healed":0.0,"max_hp_gain":0.0,"max_hp_loss":0.0,"gold_gain":0.0,"cards_transformed":["Strike_B","Defend_B"],"event_name":"Drug Dealer","player_choice":"Became Test Subject","floor":21.0,"gold_loss":0.0,"damage_taken":0.0,"cards_obtained":["Gash","Amplify"]},{"damage_healed":0.0,"max_hp_gain":0.0,"max_hp_loss":0.0,"gold_gain":0.0,"event_name":"MindBloom","player_choice":"Fight","floor":36.0,"gold_loss":0.0,"damage_taken":0.0}],"is_beta":false,"boss_relics":[{"not_picked":["White Beast Statue","Lizard Tail"],"picked":"FrozenCore"},{"not_picked":["Runic Pyramid","Astrolabe"],"picked":"Busted Crown"}],"items_purged_floors":[4,20,39],"is_endless":false,"potions_floor_spawned":[1,5,11,16,18,23,25,38,41,45],"ascension_level":10}