{"path_per_floor":["M","?","?","?","M","R","M","E","T","R","?","M","E","M","R","B",null,"M","M","$","M","?","R","M","R","T","M"],"character_chosen":"THE_SILENT","items_purchased":["Shuriken","Underhanded Strike"],"gold_per_floor":[117,117,117,117,133,133,153,179,179,179,179,191,220,236,236,311,311,299,314,15,34,34,34,54,54,77,91,91],"floor_reached":28,"campfire_rested":3,"playtime":1788,"current_hp_per_floor":[56,38,38,38,37,37,25,16,16,37,37,33,15,10,31,5,54,49,35,35,16,16,37,16,16,16,6,0],"items_purged":[],"gold":91,"score":380,"play_id":"1cc6353b-1853-4ad0-a4dc-18ae1d33003e","local_time":"20180417160621","is_prod":false,"is_daily":false,"chose_seed":false,"is_ascension_mode":true,"campfire_upgraded":2,"timestamp":1523991981,"path_taken":["M","?","?","?","M","R","M","E","T","R","?","?","E","M","R","BOSS","M","M","$","M","?","R","M","R","T","M","M"],"build_version":"2018-04-12","seed_source_timestamp":16901395435408,"purchased_purges":0,"victory":false,"master_deck":["Defend_G","Defend_G","Defend_G","Defend_G","Strike_G","Strike_G","Strike_G","Strike_G","Survivor","Neutralize","AscendersBane","Reflex+1","Skewer","Blade Dance","Backflip","Acrobatics","Blur","Prepared","Dagger Throw","After Image","Concentrate+1","Flying Knee","Underhanded Strike","Infinite Blades+1"],"max_hp_per_floor":[70,70,70,70,70,70,70,70,70,70,70,70,70,70,70,70,70,70,70,70,70,70,70,70,70,70,70,70],"relics":["Runic Pyramid","Tough Bandages","Dead Branch","Bottled Lightning","Oddly Smooth Stone","Black Star","Shuriken","Anchor"],"card_choices":[{"not_picked":["Cloak And Dagger","Heel Hook"],"picked":"Reflex","floor":1},{"not_picked":["Flechettes","Finisher"],"picked":"Blade Dance","floor":5},{"not_picked":["Prepared","PiercingWail"],"picked":"Backflip","floor":7},{"not_picked":["Poisoned Stab","Sucker Punch"],"picked":"Acrobatics","floor":8},{"not_picked":["Deadly Poison","Infinite Blades"],"picked":"Blur","floor":12},{"not_picked":["Dagger Spray","Accuracy"],"picked":"Prepared","floor":13},{"not_picked":["Sucker Punch","Poisoned Stab"],"picked":"Dagger Throw","floor":14},{"not_picked":["Grand Finale","Phantasmal Killer"],"picked":"After Image","floor":16},{"not_picked":["Caltrops","Quick Slash"],"picked":"Concentrate","floor":18},{"not_picked":["Poisoned Stab","Quick Slash"],"picked":"Flying Knee","floor":19},{"not_picked":["Sucker Punch","Catalyst"],"picked":"Infinite Blades","floor":21}],"player_experience":702632,"potions_floor_usage":[5,8,8,14,16,24],"damage_taken":[{"damage":7,"enemies":"Jaw Worm","floor":1,"turns":5},{"damage":1,"enemies":"2 Louse","floor":5,"turns":3},{"damage":12,"enemies":"Small Slimes","floor":7,"turns":4},{"damage":9,"enemies":"3 Sentries","floor":8,"turns":9},{"damage":4,"enemies":"3 Louse","floor":12,"turns":4},{"damage":18,"enemies":"Lagavulin","floor":13,"turns":6},{"damage":5,"enemies":"Exordium Thugs","floor":14,"turns":6},{"damage":26,"enemies":"Slime Boss","floor":16,"turns":11},{"damage":5,"enemies":"2 Thieves","floor":18,"turns":4},{"damage":14,"enemies":"Shell Parasite","floor":19,"turns":9},{"damage":19,"enemies":"Centurion and Healer","floor":21,"turns":7},{"damage":21,"enemies":"Chosen and Byrds","floor":24,"turns":6},{"damage":10,"enemies":"Snecko","floor":27,"turns":6},{"damage":9,"enemies":"Slaver and Parasite","floor":28,"turns":2}],"event_choices":[{"event_name":"Scrap Ooze","player_choice":"success","floor":2,"damage_taken":18},{"event_name":"Transmorgrifier","player_choice":"Transform","floor":3,"damage_taken":0},{"event_name":"The Lab","player_choice":"Got Potions","floor":4,"damage_taken":0},{"event_name":"Purifier","player_choice":"One Purge","floor":11,"damage_taken":0},{"event_name":"Ghosts","player_choice":"Ignored","floor":22,"damage_taken":0}],"boss_relics":[{"not_picked":["Snecko Eye","Calling Bell"],"picked":"Black Star"}],"potions_floor_spawned":[5,8,12,13,14,19,24],"seed_played":"-4478174238413526302","killed_by":"Slaver and Parasite","ascension_level":13,"is_trial":false}