{"path_per_floor":["M","$","?","M","M","E","?","M","T","M","M","R","?","M","R","B",null,"M","?","$","?","M","R","$","E","T","M","?","R","M"],"character_chosen":"THE_SILENT","items_purchased":["Madness","Sadistic Nature"],"gold_per_floor":[118,43,43,59,73,99,99,114,186,199,215,215,315,335,335,438,438,457,457,261,261,273,273,64,398,398,417,417,417,428],"floor_reached":31,"campfire_rested":3,"playtime":1556,"current_hp_per_floor":[58,58,58,58,57,3,25,25,25,27,27,47,47,38,38,12,55,22,22,22,45,37,58,58,25,25,11,11,32,29],"items_purged":["Parasite","Strike_G"],"gold":428,"score":411,"play_id":"e1d450fe-8917-40c4-8b8b-7638b4cca4c5","local_time":"20180307073157","is_prod":false,"is_daily":false,"is_ascension_mode":true,"campfire_upgraded":1,"timestamp":1520418717,"path_taken":["M","$","?","M","M","E","?","M","T","M","?","R","?","M","R","BOSS","M","?","$","?","M","R","$","E","T","?","?","R","M","?"],"build_version":"2018-03-01-PROD1","purchased_purges":2,"victory":false,"master_deck":["Defend_G","Defend_G","Defend_G","Defend_G","Defend_G","Strike_G","Survivor","Neutralize","Backstab","Flying Knee+1","Leg Sweep","Cloak And Dagger","Noxious Fumes","Blur","Envenom","Die Die Die+1","Backflip+1","Adrenaline+1","Dagger Spray+1","Madness","Sadistic Nature","Terror+1","Phantasmal Killer","Decay"],"max_hp_per_floor":[70,67,67,67,67,67,67,67,67,69,69,69,69,69,69,69,69,69,69,69,69,71,71,71,71,71,71,71,71,73],"relics":["Ring of the Snake","Singing Bowl","Mercury Hourglass","Astrolabe","Old Coin","Frozen Eye"],"card_choices":[{"not_picked":["Acrobatics","Heel Hook"],"picked":"Backstab"},{"not_picked":["Deflect","Concentrate"],"picked":"Flying Knee"},{"not_picked":["All Out Attack","Blur"],"picked":"Leg Sweep"},{"not_picked":["Riddle With Holes","Slice"],"picked":"Cloak And Dagger"},{"not_picked":["Outmaneuver","Dagger Throw"],"picked":"Noxious Fumes"},{"not_picked":["Acrobatics","Choke"],"picked":"Blur"},{"not_picked":["Unload","Venomology"],"picked":"Envenom"},{"not_picked":["Flying Knee","Acrobatics"],"picked":"Dagger Spray"},{"not_picked":["Cloak And Dagger","Dagger Throw"],"picked":"Terror"},{"not_picked":["Backflip","Blade Dance"],"picked":"Phantasmal Killer"}],"player_experience":515898,"potions_floor_usage":[6,14,16,30,31,31],"damage_taken":[{"damage":5,"enemies":"Jaw Worm","floor":1,"turns":7},{"damage":0,"enemies":"Small Slimes","floor":4,"turns":4},{"damage":1,"enemies":"Cultist","floor":5,"turns":5},{"damage":66,"enemies":"Lagavulin","floor":6,"turns":9},{"damage":0,"enemies":"2 Fungi Beasts","floor":8,"turns":4},{"damage":0,"enemies":"3 Louse","floor":10,"turns":2},{"damage":0,"enemies":"Looter","floor":11,"turns":3},{"damage":9,"enemies":"Exordium Thugs","floor":14,"turns":5},{"damage":26,"enemies":"Slime Boss","floor":16,"turns":12},{"damage":33,"enemies":"Spheric Guardian","floor":18,"turns":8},{"damage":10,"enemies":"Shell Parasite","floor":22,"turns":6},{"damage":33,"enemies":"Slavers","floor":25,"turns":5},{"damage":14,"enemies":"Centurion and Healer","floor":27,"turns":6},{"damage":5,"enemies":"Snake Plant","floor":30,"turns":3},{"damage":30,"enemies":"Sentry and Sphere","floor":31,"turns":7}],"event_choices":[{"event_name":"The Cleric","player_choice":"Leave","floor":3,"damage_taken":0},{"event_name":"Big Fish","player_choice":"Banana","floor":7,"damage_taken":0},{"event_name":"Golden Shrine","player_choice":"Pray","floor":13,"damage_taken":0},{"event_name":"Upgrade Shrine","player_choice":"Upgraded","floor":19,"damage_taken":0},{"event_name":"The Library","player_choice":"Heal","floor":21,"damage_taken":0},{"event_name":"Forgotten Altar","player_choice":"Smashed Altar","floor":28,"damage_taken":0}],"boss_relics":[{"not_picked":["Black Star","Pandora\u0027s Box"],"picked":"Astrolabe"}],"potions_floor_spawned":[4,8,11,25,27,30],"seed_played":"4198392872173036183","killed_by":"Sentry and Sphere","ascension_level":12,"is_trial":false}