{"gold_per_floor":[116,66,66,41,52,52,82,82,82,108,108,283,298,326,326,421,421,437,454,249,262,278,308,308,308,383,383,383],"floor_reached":28,"playtime":1867,"items_purged":["Doubt"],"score":381,"play_id":"1033d60a-e7f7-41ec-97db-63d32ec62d99","local_time":"20190312194656","is_ascension_mode":true,"campfire_choices":[{"data":"Neutralize","floor":6.0,"key":"SMITH"},{"data":"Phantasmal Killer","floor":8.0,"key":"SMITH"},{"data":"Backflip","floor":11.0,"key":"SMITH"},{"floor":15.0,"key":"REST"},{"data":"Accuracy","floor":25,"key":"SMITH"},{"data":"Cloak And Dagger","floor":27,"key":"SMITH"}],"neow_cost":"NONE","seed_source_timestamp":766667183971337,"circlet_count":0,"master_deck":["AscendersBane","Defend_G","Defend_G","Defend_G","Defend_G","Strike_G","Strike_G","Strike_G","Strike_G","Survivor","Neutralize+1","Backflip+1","Well Laid Plans","Poisoned Stab","Cloak And Dagger+1","Phantasmal Killer+1","Malaise","Heel Hook","Dodge and Roll","Die Die Die","Accuracy+1","Terror","Infinite Blades+1","Backstab","Dodge and Roll+1","Blade Dance","Prepared+1"],"special_seed":0,"relics":["Sozu","Ninja Scroll","Meat on the Bone","Smiling Mask","Tingsha","WristBlade","Juzu Bracelet","Dodecahedron"],"potions_floor_usage":[],"damage_taken":[{"damage":7.0,"enemies":"Jaw Worm","floor":1.0,"turns":4.0},{"damage":0.0,"enemies":"2 Louse","floor":5.0,"turns":3.0},{"damage":12.0,"enemies":"Lagavulin","floor":7.0,"turns":9.0},{"damage":28.0,"enemies":"Gremlin Nob","floor":10.0,"turns":5.0},{"damage":2.0,"enemies":"Small Slimes","floor":13.0,"turns":3.0},{"damage":16.0,"enemies":"3 Sentries","floor":14.0,"turns":11.0},{"damage":18.0,"enemies":"Hexaghost","floor":16.0,"turns":13.0},{"damage":16.0,"enemies":"Spheric Guardian","floor":18.0,"turns":4.0},{"damage":8.0,"enemies":"Shell Parasite","floor":19.0,"turns":6.0},{"damage":12.0,"enemies":"Sentry and Sphere","floor":21.0,"turns":5.0},{"damage":9,"enemies":"Centurion and Healer","floor":22,"turns":6},{"damage":22,"enemies":"Gremlin Leader","floor":23,"turns":5},{"damage":32,"enemies":"Snake Plant","floor":28,"turns":2}],"seed_played":"6635538725928960332","potions_obtained":[],"is_trial":false,"path_per_floor":["M","?","?","$","M","R","E","R","T","E","R","?","M","E","R","B",null,"M","M","$","M","M","E","?","R","T","R","M"],"character_chosen":"THE_SILENT","items_purchased":["Poisoned Stab","Infinite Blades","Backstab"],"campfire_rested":1,"item_purchase_floors":[4,20,20],"current_hp_per_floor":[56,56,56,56,56,56,44,44,44,28,28,28,38,34,55,37,62,46,38,38,38,41,31,31,31,31,31,0],"gold":383,"neow_bonus":"BOSS_RELIC","is_prod":false,"is_daily":false,"chose_seed":false,"campfire_upgraded":5,"win_rate":0,"timestamp":1552445216,"path_taken":["M","?","?","$","M","R","E","R","T","E","R","?","M","E","R","BOSS","M","M","$","M","M","E","?","R","T","R","M"],"build_version":"2019-01-23","purchased_purges":1,"victory":false,"max_hp_per_floor":[70,70,70,70,70,70,70,70,70,70,70,70,70,70,70,70,70,70,70,70,70,70,70,70,70,70,70,70],"card_choices":[{"not_picked":["Bane","Deflect"],"picked":"Backflip","floor":1.0},{"not_picked":["Slice","Skewer"],"picked":"Cloak And Dagger","floor":5.0},{"not_picked":["Dagger Spray","Caltrops"],"picked":"Phantasmal Killer","floor":7.0},{"not_picked":["Deflect","Quick Slash"],"picked":"Malaise","floor":10.0},{"not_picked":["Dagger Spray","Outmaneuver"],"picked":"Heel Hook","floor":13.0},{"not_picked":["Endless Agony","Prepared"],"picked":"Dodge and Roll","floor":14.0},{"not_picked":["Malaise","Doppelganger"],"picked":"Die Die Die","floor":16.0},{"not_picked":["Escape Plan","Poisoned Stab"],"picked":"Accuracy","floor":18.0},{"not_picked":["PiercingWail+1","Dagger Throw"],"picked":"Terror","floor":19.0},{"not_picked":["Flechettes+1","Flying Knee"],"picked":"Dodge and Roll+1","floor":21.0},{"not_picked":["Terror+1","Acrobatics+1"],"picked":"Blade Dance","floor":22},{"not_picked":["Dodge and Roll","Backflip"],"picked":"Prepared+1","floor":23}],"player_experience":464654,"relics_obtained":[{"floor":7.0,"key":"Ninja Scroll"},{"floor":9.0,"key":"Meat on the Bone"},{"floor":10.0,"key":"Smiling Mask"},{"floor":14.0,"key":"Tingsha"},{"floor":23,"key":"Juzu Bracelet"},{"floor":26,"key":"Dodecahedron"}],"event_choices":[{"cards_removed":["Strike_G"],"damage_healed":0.0,"max_hp_gain":0.0,"max_hp_loss":0.0,"gold_gain":0.0,"event_name":"The Cleric","player_choice":"Card Removal","floor":2.0,"gold_loss":50.0,"damage_taken":0.0},{"damage_healed":0.0,"max_hp_gain":0.0,"max_hp_loss":0.0,"gold_gain":0.0,"cards_transformed":["Defend_G"],"event_name":"Living Wall","player_choice":"Change","floor":3.0,"gold_loss":0.0,"damage_taken":0.0,"cards_obtained":["Well Laid Plans"]},{"damage_healed":0.0,"max_hp_gain":0.0,"max_hp_loss":0.0,"gold_gain":175.0,"event_name":"Liars Game","player_choice":"AGREE","floor":12.0,"gold_loss":0.0,"damage_taken":0.0,"cards_obtained":["Doubt"]},{"damage_healed":0,"gold_gain":0,"player_choice":"Upgraded","damage_taken":0,"max_hp_gain":0,"max_hp_loss":0,"event_name":"Upgrade Shrine","floor":24,"gold_loss":0,"cards_upgraded":["Infinite Blades"]}],"is_beta":false,"boss_relics":[{"not_picked":["Empty Cage","Fusion Hammer"],"picked":"WristBlade"}],"items_purged_floors":[20],"is_endless":false,"potions_floor_spawned":[7,10,13,18,19,21],"killed_by":"Snake Plant","ascension_level":10}