{"gold_per_floor":[362,34,34,45,59,91,91,106,106,106,106,125,156,170,170,170],"floor_reached":16,"playtime":853,"items_purged":["Normality"],"score":224,"play_id":"8b17597a-631d-44b1-93f8-660f6ba40dbb","local_time":"20190314121723","is_ascension_mode":true,"campfire_choices":[{"data":"Envenom","floor":7,"key":"SMITH"},{"floor":11,"key":"REST"},{"floor":15,"key":"REST"}],"neow_cost":"CURSE","seed_source_timestamp":46522007489765,"circlet_count":0,"master_deck":["AscendersBane","Defend_G","Defend_G","Defend_G","Defend_G","Strike_G","Strike_G","Strike_G","Strike_G","Survivor","Neutralize","Well Laid Plans","Infinite Blades","Leg Sweep","Envenom+1","Terror","Backstab","PiercingWail"],"relics":["Ring of the Snake","Boot","Frozen Egg 2","Bottled Tornado","Question Card"],"potions_floor_usage":[16,16],"damage_taken":[{"damage":1,"enemies":"2 Louse","floor":1,"turns":3},{"damage":9,"enemies":"Small Slimes","floor":4,"turns":4},{"damage":0,"enemies":"Cultist","floor":5,"turns":4},{"damage":26,"enemies":"3 Sentries","floor":6,"turns":12},{"damage":2,"enemies":"2 Fungi Beasts","floor":8,"turns":5},{"damage":7,"enemies":"3 Louse","floor":12,"turns":5},{"damage":11,"enemies":"Lagavulin","floor":13,"turns":7},{"damage":1,"enemies":"Blue Slaver","floor":14,"turns":5},{"damage":33,"enemies":"Slime Boss","floor":16,"turns":12}],"seed_played":"-5077652202012535475","potions_obtained":[{"floor":4,"key":"GhostInAJar"},{"floor":8,"key":"SkillPotion"},{"floor":12,"key":"GhostInAJar"}],"is_trial":false,"path_per_floor":["M","$","?","M","M","E","R","M","T","?","R","M","E","M","R","B"],"character_chosen":"THE_SILENT","items_purchased":["Boot","Infinite Blades"],"campfire_rested":2,"item_purchase_floors":[2,2],"current_hp_per_floor":[58,58,51,42,42,16,16,14,14,14,33,26,15,14,33,0],"gold":170,"neow_bonus":"TWO_FIFTY_GOLD","is_prod":false,"is_daily":false,"chose_seed":false,"campfire_upgraded":1,"win_rate":0,"timestamp":1552562243,"path_taken":["M","$","?","M","M","E","R","M","T","?","R","M","E","?","R","BOSS"],"build_version":"2019-01-23","purchased_purges":1,"victory":false,"max_hp_per_floor":[66,66,66,66,66,66,66,66,66,66,66,66,66,66,66,66],"card_choices":[{"not_picked":["Slice","Sucker Punch"],"picked":"Well Laid Plans","floor":1},{"not_picked":["Dodge and Roll","Dagger Throw"],"picked":"Leg Sweep","floor":4},{"not_picked":["Blur","Predator"],"picked":"Envenom","floor":5},{"not_picked":["Masterful Stab","Flying Knee","Acrobatics"],"picked":"SKIP","floor":6},{"not_picked":["Slice","Deflect"],"picked":"Terror","floor":8},{"not_picked":["Bane","Expertise","Poisoned Stab"],"picked":"SKIP","floor":12},{"not_picked":["Crippling Poison","Blur"],"picked":"Backstab","floor":13},{"not_picked":["Dagger Throw","Terror","Catalyst"],"picked":"PiercingWail","floor":14}],"player_experience":1008674,"relics_obtained":[{"floor":6,"key":"Frozen Egg 2"},{"floor":9,"key":"Bottled Tornado"},{"floor":13,"key":"Question Card"}],"event_choices":[{"cards_removed":["Strike_G"],"damage_healed":0,"gold_gain":0,"player_choice":"Card Removal","damage_taken":7,"max_hp_gain":0,"max_hp_loss":0,"event_name":"Golden Wing","floor":3,"gold_loss":0},{"cards_removed":["Defend_G"],"damage_healed":0,"gold_gain":0,"player_choice":"Purged","damage_taken":0,"max_hp_gain":0,"max_hp_loss":0,"event_name":"Purifier","floor":10,"gold_loss":0}],"is_beta":false,"boss_relics":[],"items_purged_floors":[2],"is_endless":false,"potions_floor_spawned":[4,8,12,13],"killed_by":"Slime Boss","ascension_level":20}