{"gold_per_floor":[114,114,124,4,16,16,46,60,84,111,36,36,66,78,78,178,178,189,200,200,230,82,82,82],"floor_reached":24,"playtime":1137,"items_purged":["Strike_R","Writhe"],"score":316,"play_id":"59421d80-eb64-4ab7-a438-3ea845e891b6","local_time":"20190121120800","is_ascension_mode":true,"campfire_choices":[{"data":"Armaments","floor":6,"key":"SMITH"},{"data":"Corruption","floor":12,"key":"SMITH"},{"data":"Inflame","floor":15,"key":"SMITH"},{"data":"Limit Break","floor":23,"key":"SMITH"}],"neow_cost":"TEN_PERCENT_HP_LOSS","seed_source_timestamp":4855373469646,"circlet_count":0,"master_deck":["AscendersBane","Strike_R","Strike_R","Strike_R","Strike_R","Defend_R","Defend_R","Defend_R","Defend_R","Bash+1","Brutality","Iron Wave","True Grit","Whirlwind","Armaments+1","Corruption+1","Clash","Sentinel","Clash","Rage","Inflame+1","Limit Break+1","Pommel Strike","Anger"],"relics":["Black Blood","Bronze Scales","Strawberry","Odd Mushroom","Happy Flower","MutagenicStrength","Tiny Chest"],"potions_floor_usage":[24],"damage_taken":[{"damage":13,"enemies":"Jaw Worm","floor":1,"turns":4},{"damage":0,"enemies":"Cultist","floor":3,"turns":4},{"damage":6,"enemies":"2 Louse","floor":5,"turns":3},{"damage":10,"enemies":"Lagavulin","floor":7,"turns":6},{"damage":3,"enemies":"2 Fungi Beasts","floor":8,"turns":3},{"damage":22,"enemies":"The Mushroom Lair","floor":10,"turns":5},{"damage":19,"enemies":"3 Sentries","floor":13,"turns":7},{"damage":8,"enemies":"Blue Slaver","floor":14,"turns":3},{"damage":27,"enemies":"Slime Boss","floor":16,"turns":8},{"damage":34,"enemies":"2 Thieves","floor":18,"turns":4},{"damage":16,"enemies":"Shell Parasite","floor":19,"turns":5},{"damage":38,"enemies":"Gremlin Leader","floor":24,"turns":4}],"seed_played":"7863520327931048571","potions_obtained":[{"floor":1,"key":"Dexterity Potion"},{"floor":8,"key":"Ancient Potion"},{"floor":10,"key":"Strength Potion"}],"is_trial":false,"path_per_floor":["?","M","$","?","?","?"],"character_chosen":"IRONCLAD","items_purchased":["Whirlwind","Armaments","Anger"],"campfire_rested":0,"item_purchase_floors":[4,4,22],"current_hp_per_floor":[65,65,71,71,71,71,67,70,77,61,61,61,48,46,46,25,66,42,36,36,36,36,36,0],"gold":82,"neow_bonus":"THREE_RARE_CARDS","is_prod":false,"is_daily":false,"chose_seed":false,"campfire_upgraded":4,"win_rate":0,"timestamp":1548079680,"path_taken":["M","?","?","?","M","R","E","M","T","?","$","R","E","M","R","BOSS","M","M","?","?","$","R","E"],"build_version":"2019-01-20","purchased_purges":2,"victory":false,"max_hp_per_floor":[72,72,72,72,72,72,72,72,79,79,79,79,79,79,79,79,79,79,79,79,79,79,79,79],"card_choices":[{"not_picked":["Exhume","Berserk"],"picked":"Brutality","floor":0},{"not_picked":["Power Through","Warcry"],"picked":"Iron Wave","floor":1},{"not_picked":["Warcry","Flex"],"picked":"True Grit","floor":3},{"not_picked":["Warcry","Disarm"],"picked":"Corruption","floor":5},{"not_picked":["Combust","Havoc"],"picked":"Clash","floor":7},{"not_picked":["Pommel Strike","Power Through"],"picked":"Sentinel","floor":8},{"not_picked":["Limit Break","Disarm"],"picked":"Clash","floor":10},{"not_picked":["Burning Pact","Pommel Strike"],"picked":"Rage","floor":13},{"not_picked":["Flame Barrier","Iron Wave"],"picked":"Inflame","floor":14},{"not_picked":["Double Tap","Offering"],"picked":"Limit Break","floor":16},{"not_picked":["Twin Strike","Perfected Strike","Entrench"],"picked":"SKIP","floor":18},{"not_picked":["Cleave","Seeing Red+1"],"picked":"Pommel Strike","floor":19}],"player_experience":928691,"relics_obtained":[{"floor":7,"key":"Bronze Scales"},{"floor":9,"key":"Strawberry"},{"floor":10,"key":"Odd Mushroom"},{"floor":13,"key":"Happy Flower"}],"event_choices":[{"damage_healed":0,"gold_gain":0,"player_choice":"Upgraded","damage_taken":0,"max_hp_gain":0,"max_hp_loss":0,"event_name":"Upgrade Shrine","floor":2,"gold_loss":0,"cards_upgraded":["Bash"]},{"damage_healed":0,"gold_gain":0,"player_choice":"Fought Mushrooms","damage_taken":0,"max_hp_gain":0,"max_hp_loss":0,"event_name":"Mushrooms","floor":10,"gold_loss":0},{"damage_healed":0,"gold_gain":0,"player_choice":"Inject Mutagens","damage_taken":0,"relics_obtained":["MutagenicStrength"],"max_hp_gain":0,"max_hp_loss":0,"event_name":"Drug Dealer","floor":20,"gold_loss":0},{"damage_healed":0,"gold_gain":0,"player_choice":"Opened","damage_taken":0,"relics_obtained":["Tiny Chest"],"max_hp_gain":0,"max_hp_loss":0,"event_name":"The Mausoleum","floor":21,"gold_loss":0,"cards_obtained":["Writhe"]}],"is_beta":true,"boss_relics":[{"not_picked":["Orrery","Ectoplasm"],"picked":"Black Blood"}],"items_purged_floors":[11,22],"is_endless":false,"potions_floor_spawned":[1,8,10,13,16,18],"killed_by":"Gremlin Leader","ascension_level":11}