{"gold_per_floor":[112,5,5,5,5,46,46,46,103,122,145,166,205,218,218,218],"floor_reached":16,"playtime":427,"items_purged":[],"score":132,"play_id":"8d9a286b-0591-43ec-b780-710554a4572c","local_time":"20190227121144","is_ascension_mode":true,"campfire_choices":[{"data":"Fiend Fire","floor":7,"key":"SMITH"},{"floor":15,"key":"REST"}],"neow_cost":"PERCENT_DAMAGE","seed_source_timestamp":58483994822907,"circlet_count":0,"master_deck":["Strike_R","Strike_R","Strike_R","Strike_R","Strike_R","Defend_R","Defend_R","Defend_R","Defend_R","Bash","Fiend Fire+1","Burning Pact","Sentinel","Twin Strike","Shockwave","Ghostly Armor","Dark Embrace","Warcry"],"relics":["Burning Blood","Mango","Golden Idol","Shuriken","Tiny Chest","Bag of Marbles"],"potions_floor_usage":[13],"damage_taken":[{"damage":12,"enemies":"Jaw Worm","floor":1,"turns":2},{"damage":44,"enemies":"Gremlin Nob","floor":6,"turns":5},{"damage":0,"enemies":"Cultist","floor":10,"turns":2},{"damage":0,"enemies":"Small Slimes","floor":11,"turns":2},{"damage":8,"enemies":"3 Louse","floor":12,"turns":3},{"damage":25,"enemies":"3 Sentries","floor":13,"turns":8},{"damage":0,"enemies":"Large Slime","floor":14,"turns":2},{"damage":46,"enemies":"Slime Boss","floor":16,"turns":7}],"seed_played":"4272189316106364577","potions_obtained":[{"floor":12,"key":"SkillPotion"},{"floor":13,"key":"Weak Potion"},{"floor":14,"key":"Ancient Potion"}],"is_trial":false,"path_per_floor":["M","$","?","$","?","E","R","$","T","M","M","M","E","M","R","B"],"character_chosen":"IRONCLAD","items_purchased":["Burning Pact","Sentinel"],"campfire_rested":1,"item_purchase_floors":[2,2],"current_hp_per_floor":[50,50,57,57,57,19,19,19,19,25,31,29,10,16,42,0],"gold":218,"neow_bonus":"THREE_RARE_CARDS","is_prod":false,"is_daily":false,"chose_seed":false,"campfire_upgraded":1,"win_rate":0,"timestamp":1551291104,"path_taken":["M","$","?","$","?","E","R","?","T","M","M","M","E","M","R","BOSS"],"build_version":"2019-01-23","purchased_purges":0,"victory":false,"max_hp_per_floor":[80,80,94,94,87,87,87,87,87,87,87,87,87,87,87,87],"card_choices":[{"not_picked":["Feed","Bludgeon"],"picked":"Fiend Fire","floor":0},{"not_picked":["Havoc","Searing Blow","Headbutt"],"picked":"SKIP","floor":1},{"not_picked":["Reckless Charge","Cleave"],"picked":"Twin Strike","floor":6},{"not_picked":["Hemokinesis","Rampage"],"picked":"Shockwave","floor":10},{"not_picked":["Heavy Blade","Perfected Strike"],"picked":"Ghostly Armor","floor":11},{"not_picked":["Shockwave","Havoc","Armaments"],"picked":"SKIP","floor":12},{"not_picked":["Perfected Strike","Headbutt"],"picked":"Dark Embrace","floor":13},{"not_picked":["Pommel Strike","Dropkick"],"picked":"Warcry","floor":14}],"player_experience":260141,"relics_obtained":[{"floor":6,"key":"Shuriken"},{"floor":9,"key":"Tiny Chest"},{"floor":13,"key":"Bag of Marbles"}],"event_choices":[{"damage_healed":0,"gold_gain":0,"player_choice":"Success","damage_taken":7,"relics_obtained":["Mango"],"max_hp_gain":0,"max_hp_loss":0,"event_name":"Scrap Ooze","floor":3,"gold_loss":0},{"damage_healed":0,"gold_gain":0,"player_choice":"Lose Max HP","damage_taken":0,"relics_obtained":["Golden Idol"],"max_hp_gain":0,"max_hp_loss":7,"event_name":"Golden Idol","floor":5,"gold_loss":0}],"is_beta":false,"boss_relics":[],"items_purged_floors":[],"is_endless":false,"potions_floor_spawned":[12,13,14],"killed_by":"Slime Boss","ascension_level":4}