{"path_per_floor":["M","M","?","T","M","R","E","?","T","M","$","R","M","M","R","B",null,"M","M","$","M","?","R","?","R","T","R","$","E","M","M","R","B",null,"M","M","?","?","$","R","M","R","T","M","?","M","$","M","R","B"],"character_chosen":"THE_SILENT","items_purchased":["Ninja Scroll","Footwork","Accuracy","Cloak And Dagger","PiercingWail"],"gold_per_floor":[212,226,176,176,190,190,223,223,223,241,0,0,12,22,22,126,126,136,146,35,54,54,54,54,54,103,103,9,40,60,73,73,169,169,189,207,207,307,207,207,226,226,251,271,271,281,103,117,117,117],"floor_reached":51,"campfire_rested":4,"playtime":3321,"current_hp_per_floor":[57,53,53,53,53,53,24,24,24,21,21,42,31,31,52,36,70,59,59,59,46,46,46,46,46,46,67,67,62,62,62,62,57,70,70,69,69,69,69,69,63,63,63,43,43,42,42,42,63,37],"items_purged":["Strike_G","Strike_G","Strike_G"],"gold":117,"score":541,"play_id":"37a79432-d4fc-469d-bbe5-6b5ca74d0b48","is_prod":false,"is_daily":false,"is_ascension_mode":true,"campfire_upgraded":6,"path_taken":["M","M","?","?","M","R","E","?","T","M","$","R","?","M","R","BOSS","M","?","?","M","?","R","?","R","T","R","$","E","M","M","R","BOSS","M","M","?","?","?","R","M","R","T","M","?","M","$","M","R","BOSS"],"build_version":"2018-02-15-PROD1","purchased_purges":3,"victory":true,"master_deck":["Defend_G","Defend_G","Defend_G","Defend_G","Strike_G","Survivor","Neutralize+1","Cloak And Dagger","Backflip","Blade Dance+1","Infinite Blades","After Image+1","Dagger Throw","A Thousand Cuts+1","Noxious Fumes+1","Quick Slash+1","Footwork","Accuracy+1","Cloak And Dagger+1","Blur+1","Dagger Spray+1","Burst+1","Bane","Backstab+1","PiercingWail+1","Backstab+1"],"max_hp_per_floor":[70,70,70,70,70,70,70,70,70,70,70,70,70,70,70,70,70,70,70,70,70,70,70,70,70,70,70,70,70,70,70,70,70,70,70,70,70,70,70,70,70,70,70,70,70,70,70,70,70,70],"relics":["Ring of the Snake","Bag of Marbles","Lantern","Anchor","Toxic Egg 2","Ninja Scroll","Philosopher\u0027s Stone","Ancient Tea Set","Happy Flower","Vajra","The Specimen","Omamori"],"card_choices":[{"not_picked":["Sucker Punch","PiercingWail"],"picked":"Cloak And Dagger"},{"not_picked":["Cloak And Dagger","Deflect"],"picked":"Backflip"},{"not_picked":["Quick Slash","Outmaneuver"],"picked":"Blade Dance"},{"not_picked":["Eviscerate","Cloak And Dagger"],"picked":"Infinite Blades"},{"not_picked":["Prepared","Deflect"],"picked":"After Image"},{"not_picked":["Deflect","Infinite Blades"],"picked":"Dagger Throw"},{"not_picked":["Grand Finale","Night Terror"],"picked":"A Thousand Cuts"},{"not_picked":["Leg Sweep","Dagger Spray"],"picked":"Noxious Fumes"},{"not_picked":["Setup","Poisoned Stab"],"picked":"Quick Slash"},{"not_picked":["Calculated Gamble","Quick Slash"],"picked":"Blur"},{"not_picked":["Dodge and Roll","Dash"],"picked":"Dagger Spray"},{"not_picked":["Venomology","Doppelganger"],"picked":"Burst"},{"not_picked":["Blade Dance","Catalyst"],"picked":"Bane"},{"not_picked":["Cloak And Dagger","Flying Knee"],"picked":"Backstab"},{"not_picked":["Poisoned Stab","Choke"],"picked":"Backstab"}],"player_experience":189447,"potions_floor_usage":[13,16,21,50,50],"damage_taken":[{"damage":13,"enemies":"Jaw Worm","floor":1,"turns":8},{"damage":4,"enemies":"Small Slimes","floor":2,"turns":4},{"damage":0,"enemies":"2 Louse","floor":5,"turns":4},{"damage":29,"enemies":"Lagavulin","floor":7,"turns":10},{"damage":3,"enemies":"Lots of Slimes","floor":10,"turns":5},{"damage":11,"enemies":"Gremlin Gang","floor":13,"turns":5},{"damage":0,"enemies":"Red Slaver","floor":14,"turns":2},{"damage":16,"enemies":"Hexaghost","floor":16,"turns":12},{"damage":11,"enemies":"Spheric Guardian","floor":18,"turns":4},{"damage":0,"enemies":"Shell Parasite","floor":19,"turns":4},{"damage":13,"enemies":"Centurion and Healer","floor":21,"turns":7},{"damage":5,"enemies":"Gremlin Leader","floor":29,"turns":4},{"damage":0,"enemies":"Snake Plant","floor":30,"turns":4},{"damage":0,"enemies":"Sentry and Sphere","floor":31,"turns":3},{"damage":5,"enemies":"Collector","floor":33,"turns":8},{"damage":0,"enemies":"3 Shapes","floor":35,"turns":5},{"damage":1,"enemies":"Orb Walker","floor":36,"turns":3},{"damage":6,"enemies":"3 Darklings","floor":41,"turns":3},{"damage":20,"enemies":"Maw","floor":44,"turns":6},{"damage":1,"enemies":"4 Shapes","floor":46,"turns":5},{"damage":0,"enemies":"Sphere and 2 Shapes","floor":48,"turns":4},{"damage":41,"enemies":"Donu and Deca","floor":50,"turns":8}],"event_choices":[{"event_name":"The Cleric","player_choice":"Card Removal","floor":3,"damage_taken":0},{"event_name":"Dead Adventurer","player_choice":"Searched \u00271\u0027 times","floor":8,"damage_taken":0},{"event_name":"Addict","player_choice":"Ignored","floor":22,"damage_taken":0},{"event_name":"The Mausoleum","player_choice":"Yes","floor":24,"damage_taken":0},{"event_name":"Golden Shrine","player_choice":"Pray","floor":38,"damage_taken":0},{"event_name":"Tomb of Lord Red Mask","player_choice":"Ignored","floor":45,"damage_taken":0}],"boss_relics":[{"not_picked":["Tiny House","Eternal Feather"],"picked":"Philosopher\u0027s Stone"},{"not_picked":["Question Card","Calling Bell"],"picked":"The Specimen"}],"potions_floor_spawned":[7,10,16,19,30,33,36,41],"seed_played":"-221991991968428338","ascension_level":2,"is_trial":false}