{"gold_per_floor":[111,111,123,123,140,175,195,209,209,239,239,254,254,254,254,350,350,368,92,104,121,121,121,150,150,150,150,176,176,176,193,193,294,294,305,305,305,405,424,50,75,75,75,94,113,113,141,153,153,153],"floor_reached":51,"playtime":6223,"items_purged":["Strike_G","Reflex+1"],"score":1025,"play_id":"86d12735-5b10-44ae-a28a-befd71d5af45","local_time":"20190211210335","is_ascension_mode":true,"campfire_choices":[{"data":"After Image","floor":11,"key":"SMITH"},{"data":"Noxious Fumes","floor":13,"key":"SMITH"},{"floor":15,"key":"REST"},{"data":"Neutralize","floor":23,"key":"SMITH"},{"floor":27,"key":"REST"},{"data":"J.A.X.","floor":29,"key":"SMITH"},{"floor":32,"key":"REST"},{"floor":42,"key":"DIG"},{"floor":46,"key":"DIG"},{"floor":49,"key":"DIG"}],"neow_cost":"TEN_PERCENT_HP_LOSS","seed_source_timestamp":806114108339828,"circlet_count":0,"master_deck":["Defend_G","Defend_G","Defend_G","Defend_G","Strike_G","Strike_G","Survivor","Neutralize+1","After Image+1","Cloak And Dagger","Noxious Fumes+1","Endless Agony","Die Die Die","Endless Agony","Deflect","Prepared","Slice","Tools of the Trade","Wraith Form v2+1","Caltrops+1","Escape Plan+1","Deflect+1","Deflect","Escape Plan+1","J.A.X.+1","Deflect","Envenom","Deflect","Madness","Madness","Apotheosis","Deflect","Bandage Up","Concentrate+1","Prepared","Noxious Fumes+1","Caltrops","Setup+1"],"relics":["Ring of the Snake","Unceasing Top","Calipers","The Specimen","Tingsha","Art of War","Astrolabe","HandDrill","Ornamental Fan","Mummified Hand","FossilizedHelix","HoveringKite","Shovel","Bronze Scales","Strawberry","Bottled Tornado","Pantograph","Toxic Egg 2","Juzu Bracelet","Pen Nib"],"potions_floor_usage":[6,10,16,16,21,33,50],"damage_taken":[{"damage":1,"enemies":"2 Louse","floor":1,"turns":4},{"damage":7,"enemies":"Jaw Worm","floor":3,"turns":7},{"damage":1,"enemies":"Small Slimes","floor":5,"turns":5},{"damage":9,"enemies":"Lagavulin","floor":6,"turns":9},{"damage":0,"enemies":"2 Fungi Beasts","floor":7,"turns":3},{"damage":4,"enemies":"Looter","floor":8,"turns":4},{"damage":7,"enemies":"3 Sentries","floor":10,"turns":6},{"damage":0,"enemies":"Blue Slaver","floor":12,"turns":4},{"damage":10,"enemies":"The Guardian","floor":16,"turns":12},{"damage":6,"enemies":"Spheric Guardian","floor":18,"turns":4},{"damage":9,"enemies":"Shell Parasite","floor":20,"turns":5},{"damage":4,"enemies":"Cultist and Chosen","floor":21,"turns":7},{"damage":22,"enemies":"Gremlin Leader","floor":24,"turns":7},{"damage":10,"enemies":"Slavers","floor":28,"turns":5},{"damage":8,"enemies":"3 Cultists","floor":31,"turns":5},{"damage":41,"enemies":"Collector","floor":33,"turns":13},{"damage":0,"enemies":"3 Shapes","floor":35,"turns":3},{"damage":3,"enemies":"Mind Bloom Boss Battle","floor":38,"turns":5},{"damage":0,"enemies":"3 Darklings","floor":39,"turns":4},{"damage":0,"enemies":"Reptomancer","floor":41,"turns":6},{"damage":0,"enemies":"Jaw Worm Horde","floor":44,"turns":3},{"damage":0,"enemies":"Sphere and 2 Shapes","floor":45,"turns":3},{"damage":0,"enemies":"Nemesis","floor":47,"turns":5},{"damage":6,"enemies":"4 Shapes","floor":48,"turns":3},{"damage":32,"enemies":"Awakened One","floor":50,"turns":6}],"seed_played":"-2037730397822235575","potions_obtained":[{"floor":3,"key":"SkillPotion"},{"floor":8,"key":"AttackPotion"},{"floor":10,"key":"LiquidBronze"},{"floor":12,"key":"SkillPotion"},{"floor":20,"key":"Fire Potion"},{"floor":21,"key":"Weak Potion"},{"floor":31,"key":"SneckoOil"},{"floor":39,"key":"SkillPotion"},{"floor":41,"key":"SpeedPotion"},{"floor":48,"key":"LiquidBronze"}],"is_trial":false,"path_per_floor":["M","?","M","?","M","E","M","M","T","E","R","M","R","T","R","B",null,"M","$","M","M","?","R","E","?","T","R","E","R","?","M","R","B",null,"M","?","?","?","M","$","E","R","T","M","M","R","E","M","R","B",null],"character_chosen":"THE_SILENT","items_purchased":["HandDrill","Bronze Scales","Deflect","Bandage Up"],"campfire_rested":3,"item_purchase_floors":[19,40,40,40],"current_hp_per_floor":[62,67,60,57,56,47,47,43,43,36,36,36,36,36,56,46,63,57,57,48,44,44,44,22,22,22,42,32,32,54,46,66,25,57,57,48,48,45,45,45,56,56,56,56,62,62,68,62,62,49],"gold":153,"neow_bonus":"THREE_RARE_CARDS","is_prod":false,"is_daily":false,"chose_seed":false,"campfire_upgraded":4,"win_rate":0,"timestamp":1549947815,"path_taken":["M","?","M","?","M","E","M","M","T","E","R","M","R","?","R","BOSS","M","$","M","M","?","R","E","?","T","R","E","R","?","M","R","BOSS","M","?","?","?","M","?","E","R","T","M","M","R","E","M","R","BOSS"],"build_version":"2019-01-23","purchased_purges":2,"victory":true,"max_hp_per_floor":[63,68,68,68,68,68,68,68,68,68,68,68,68,68,68,68,68,68,68,68,68,68,68,68,68,68,68,68,68,68,68,68,68,68,68,68,68,68,68,68,75,75,75,75,75,75,75,75,75,75],"card_choices":[{"not_picked":["Corpse Explosion","Doppelganger"],"picked":"After Image","floor":0},{"not_picked":["Sucker Punch","Predator"],"picked":"Cloak And Dagger","floor":1},{"not_picked":["Slice","PiercingWail"],"picked":"Noxious Fumes","floor":3},{"not_picked":["Blur","Expertise"],"picked":"Endless Agony","floor":5},{"not_picked":["Escape Plan","Quick Slash"],"picked":"Die Die Die","floor":6},{"not_picked":["All Out Attack","Quick Slash"],"picked":"Endless Agony","floor":7},{"not_picked":["Terror","Poisoned Stab"],"picked":"Deflect","floor":8},{"not_picked":["Dagger Spray","Riddle With Holes"],"picked":"Prepared","floor":10},{"not_picked":["Deadly Poison","Dagger Spray"],"picked":"Slice","floor":12},{"not_picked":["Wraith Form v2","Grand Finale"],"picked":"Tools of the Trade","floor":16},{"not_picked":["Sucker Punch","Choke+1"],"picked":"Escape Plan+1","floor":18},{"not_picked":["Skewer","Dodge and Roll"],"picked":"Deflect+1","floor":20},{"not_picked":["Poisoned Stab","Sucker Punch"],"picked":"Deflect","floor":21},{"not_picked":["Underhanded Strike","Dagger Spray"],"picked":"Escape Plan+1","floor":24},{"not_picked":["Cloak And Dagger","Acrobatics"],"picked":"Deflect","floor":28},{"not_picked":["Expertise","Dagger Spray","Acrobatics+1"],"picked":"SKIP","floor":31},{"not_picked":["Grand Finale","Doppelganger"],"picked":"Envenom","floor":33},{"not_picked":["Dagger Spray","Backflip"],"picked":"Deflect","floor":35},{"not_picked":["Thinking Ahead","Forethought"],"picked":"Apotheosis","floor":37},{"not_picked":["Dagger Throw","PiercingWail","Bouncing Flask+1"],"picked":"SKIP","floor":39},{"not_picked":["Well Laid Plans+1","Dagger Spray+1"],"picked":"Concentrate+1","floor":41},{"not_picked":["Poisoned Stab","Accuracy"],"picked":"Prepared","floor":44},{"not_picked":["Acrobatics+1","Slice+1"],"picked":"Noxious Fumes+1","floor":45},{"not_picked":["Skewer+1","Cloak And Dagger+1"],"picked":"Caltrops","floor":47},{"not_picked":["Cloak And Dagger+1","Dodge and Roll+1"],"picked":"Setup+1","floor":48}],"player_experience":247632,"relics_obtained":[{"floor":6,"key":"Calipers"},{"floor":9,"key":"The Specimen"},{"floor":10,"key":"Tingsha"},{"floor":14,"key":"Art of War"},{"floor":24,"key":"Ornamental Fan"},{"floor":26,"key":"Mummified Hand"},{"floor":28,"key":"FossilizedHelix"},{"floor":38,"key":"Shovel"},{"floor":41,"key":"Strawberry"},{"floor":42,"key":"Bottled Tornado"},{"floor":43,"key":"Pantograph"},{"floor":46,"key":"Toxic Egg 2"},{"floor":47,"key":"Juzu Bracelet"},{"floor":49,"key":"Pen Nib"}],"event_choices":[{"damage_healed":0,"gold_gain":0,"player_choice":"Donut","damage_taken":0,"max_hp_gain":5,"max_hp_loss":0,"event_name":"Big Fish","floor":2,"gold_loss":0},{"damage_healed":0,"gold_gain":0,"player_choice":"Success","damage_taken":3,"relics_obtained":["Unceasing Top"],"max_hp_gain":0,"max_hp_loss":0,"event_name":"Scrap Ooze","floor":4,"gold_loss":0},{"damage_healed":0,"gold_gain":0,"player_choice":"Ignored","damage_taken":0,"max_hp_gain":0,"max_hp_loss":0,"event_name":"Ghosts","floor":22,"gold_loss":0},{"damage_healed":0,"gold_gain":0,"player_choice":"Obtain J.A.X.","damage_taken":0,"max_hp_gain":0,"max_hp_loss":0,"event_name":"Drug Dealer","floor":25,"gold_loss":0,"cards_obtained":["J.A.X."]},{"damage_healed":22,"gold_gain":0,"player_choice":"Heal","damage_taken":0,"max_hp_gain":0,"max_hp_loss":0,"event_name":"The Library","floor":30,"gold_loss":0},{"damage_healed":0,"gold_gain":0,"player_choice":"Embrace Madness","damage_taken":9,"max_hp_gain":0,"max_hp_loss":0,"event_name":"Winding Halls","floor":36,"gold_loss":0,"cards_obtained":["Madness","Madness"]},{"damage_healed":0,"gold_gain":0,"player_choice":"Memory 1","damage_taken":0,"max_hp_gain":0,"max_hp_loss":0,"event_name":"SensoryStone","floor":37,"gold_loss":0},{"damage_healed":0,"gold_gain":0,"player_choice":"Fight","damage_taken":0,"max_hp_gain":0,"max_hp_loss":0,"event_name":"MindBloom","floor":38,"gold_loss":0}],"is_beta":false,"boss_relics":[{"not_picked":["Coffee Dripper","Runic Pyramid"],"picked":"Astrolabe"},{"not_picked":["Orrery","Velvet Choker"],"picked":"HoveringKite"}],"items_purged_floors":[19,40],"is_endless":false,"potions_floor_spawned":[3,8,10,12,20,21,31,39,41,48],"ascension_level":5}