{"gold_per_floor":[111,76,76,86,86,111,111,140,164,174,174,174,192,23,23,23],"floor_reached":16,"playtime":527,"items_purged":["Strike_G"],"score":216,"play_id":"95625cc5-b05f-450e-853e-6e1b407bcda8","local_time":"20190312141558","is_ascension_mode":true,"campfire_choices":[{"data":"Noxious Fumes","floor":7.0,"key":"SMITH"},{"data":"Wraith Form v2","floor":12,"key":"SMITH"},{"floor":15,"key":"REST"}],"neow_cost":"PERCENT_DAMAGE","seed_source_timestamp":506598700036828,"circlet_count":0,"master_deck":["AscendersBane","Defend_G","Defend_G","Defend_G","Defend_G","Defend_G","Strike_G","Strike_G","Strike_G","Strike_G","Survivor","Neutralize","Wraith Form v2+1","Flechettes","Noxious Fumes+1","Cloak And Dagger","Burst","Dash","Footwork","Deflect"],"special_seed":0,"relics":["Ring of the Snake","Happy Flower","Darkstone Periapt","Bag of Marbles","SsserpentHead"],"potions_floor_usage":[8,13,16],"damage_taken":[{"damage":1.0,"enemies":"Cultist","floor":1.0,"turns":4.0},{"damage":5.0,"enemies":"Small Slimes","floor":4.0,"turns":5.0},{"damage":14.0,"enemies":"Gremlin Nob","floor":6.0,"turns":6.0},{"damage":33,"enemies":"Lagavulin","floor":8,"turns":7},{"damage":2,"enemies":"Jaw Worm","floor":10,"turns":4},{"damage":0,"enemies":"Exordium Wildlife","floor":13,"turns":4},{"damage":27,"enemies":"The Guardian","floor":16,"turns":12}],"seed_played":"4485462217099485169","potions_obtained":[{"floor":6.0,"key":"GamblersBrew"},{"floor":8,"key":"SpeedPotion"},{"floor":13,"key":"SpeedPotion"}],"is_trial":false,"path_per_floor":["M","?","$","M","?","E","R","E","T","M","?","R","M","$","R","B"],"character_chosen":"THE_SILENT","items_purchased":["Footwork","Deflect"],"campfire_rested":1,"item_purchase_floors":[14,14],"current_hp_per_floor":[43,59,59,54,54,40,40,7,7,5,5,5,5,5,24,0],"gold":23,"neow_bonus":"THREE_RARE_CARDS","is_prod":false,"is_daily":false,"chose_seed":false,"campfire_upgraded":2,"win_rate":0,"timestamp":1552396558,"path_taken":["M","?","$","M","?","E","R","E","T","M","?","R","M","$","R","BOSS"],"build_version":"2019-01-23","purchased_purges":1,"victory":false,"max_hp_per_floor":[66,66,66,66,66,66,66,66,66,66,66,66,66,66,66,66],"card_choices":[{"not_picked":["Grand Finale","Malaise"],"picked":"Wraith Form v2","floor":0.0},{"not_picked":["PiercingWail","Tactician"],"picked":"Flechettes","floor":1.0},{"not_picked":["Flying Knee","Underhanded Strike"],"picked":"Noxious Fumes","floor":4.0},{"not_picked":["Sucker Punch","Dagger Spray"],"picked":"Cloak And Dagger","floor":6.0},{"not_picked":["Masterful Stab","Underhanded Strike"],"picked":"Burst","floor":8},{"not_picked":["Blade Dance","Calculated Gamble"],"picked":"Dash","floor":10},{"not_picked":["Dodge and Roll","Outmaneuver","Bane"],"picked":"SKIP","floor":13}],"player_experience":984159,"relics_obtained":[{"floor":6.0,"key":"Happy Flower"},{"floor":8,"key":"Darkstone Periapt"},{"floor":9,"key":"Bag of Marbles"}],"event_choices":[{"damage_healed":16.0,"max_hp_gain":0.0,"max_hp_loss":0.0,"gold_gain":0.0,"event_name":"The Cleric","player_choice":"Healed","floor":2.0,"gold_loss":35.0,"damage_taken":0.0},{"damage_healed":0.0,"max_hp_gain":0.0,"max_hp_loss":0.0,"gold_gain":0.0,"event_name":"Liars Game","player_choice":"Ignored","floor":5.0,"gold_loss":0.0,"damage_taken":0.0},{"damage_healed":0,"gold_gain":0,"player_choice":"Trade","damage_taken":0,"relics_obtained":["SsserpentHead"],"max_hp_gain":0,"max_hp_loss":0,"event_name":"FaceTrader","floor":11,"gold_loss":0}],"is_beta":false,"boss_relics":[],"items_purged_floors":[14],"is_endless":false,"potions_floor_spawned":[6,8,13],"killed_by":"The Guardian","ascension_level":20}