{"gold_per_floor":[115,130,51,61,74,74,74,85,111,111,126,141,8,26,26,103,103,120,130,30,80,100,100,126,1,1,1,1,17,17,34,34,108,108,118,9,9,25,43,43,63,11,36,46,46],"floor_reached":45,"playtime":2762,"items_purged":["Strike_G","Strike_G","Strike_G"],"score":862,"play_id":"7e1805ba-8658-43d4-a6fd-3dbdff01152a","local_time":"20190314120302","is_ascension_mode":true,"campfire_choices":[{"data":"Footwork","floor":6.0,"key":"SMITH"},{"data":"Noxious Fumes","floor":10.0,"key":"SMITH"},{"floor":15.0,"key":"REST"},{"floor":23,"key":"REST"},{"data":"Leg Sweep","floor":27,"key":"SMITH"},{"floor":32,"key":"REST"},{"data":"Burst","floor":40,"key":"SMITH"}],"neow_cost":"PERCENT_DAMAGE","seed_source_timestamp":43678647527081,"circlet_count":0,"master_deck":["AscendersBane","Defend_G","Defend_G","Defend_G","Defend_G","Defend_G","Strike_G+1","Survivor","Neutralize","Adrenaline","Deadly Poison","Noxious Fumes+1","Leg Sweep+1","Footwork+1","Dash","Caltrops","Dagger Spray","Deflect","Adrenaline","Die Die Die+1","Bouncing Flask","Burst+1","Backflip","Dodge and Roll+1","PiercingWail"],"special_seed":0,"relics":["Ring of the Serpent","Regal Pillow","Velvet Choker","Lantern","Letter Opener","Molten Egg 2","Whetstone"],"potions_floor_usage":[24,33,33,38,41],"damage_taken":[{"damage":1.0,"enemies":"Jaw Worm","floor":1.0,"turns":5.0},{"damage":1.0,"enemies":"Cultist","floor":2.0,"turns":4.0},{"damage":0.0,"enemies":"2 Louse","floor":4.0,"turns":2.0},{"damage":0.0,"enemies":"Exordium Thugs","floor":5.0,"turns":4.0},{"damage":0.0,"enemies":"Exordium Wildlife","floor":8.0,"turns":4.0},{"damage":3.0,"enemies":"Looter","floor":11.0,"turns":4.0},{"damage":0.0,"enemies":"Large Slime","floor":12.0,"turns":6.0},{"damage":0.0,"enemies":"3 Louse","floor":14.0,"turns":4.0},{"damage":16.0,"enemies":"The Guardian","floor":16.0,"turns":9.0},{"damage":8.0,"enemies":"Spheric Guardian","floor":18.0,"turns":5.0},{"damage":14,"enemies":"2 Thieves","floor":19,"turns":4},{"damage":3,"enemies":"Centurion and Healer","floor":22,"turns":10},{"damage":46,"enemies":"Slavers","floor":24,"turns":7},{"damage":1,"enemies":"Snake Plant","floor":29,"turns":4},{"damage":6,"enemies":"Sentry and Sphere","floor":31,"turns":5},{"damage":33,"enemies":"Automaton","floor":33,"turns":11},{"damage":2,"enemies":"Orb Walker","floor":35,"turns":4},{"damage":15,"enemies":"3 Darklings","floor":38,"turns":5},{"damage":5,"enemies":"Sphere and 2 Shapes","floor":39,"turns":5},{"damage":13,"enemies":"Jaw Worm Horde","floor":41,"turns":6},{"damage":3,"enemies":"Maw","floor":44,"turns":8},{"damage":21,"enemies":"4 Shapes","floor":45,"turns":3}],"seed_played":"-8040563490982732156","potions_obtained":[{"floor":1.0,"key":"Block Potion"},{"floor":8.0,"key":"EntropicBrew"},{"floor":11.0,"key":"GhostInAJar"},{"floor":12.0,"key":"Poison Potion"},{"floor":19,"key":"AttackPotion"},{"floor":24,"key":"LiquidBronze"},{"floor":29,"key":"GhostInAJar"},{"floor":38,"key":"Ancient Potion"},{"floor":39,"key":"Dexterity Potion"},{"floor":44,"key":"Weak Potion"}],"is_trial":false,"path_per_floor":["M","M","$","M","M","R","?","M","T","R","M","M","$","M","R","B",null,"M","M","$","?","M","R","E","$","T","R","T","M","$","M","R","B",null,"M","$","?","M","M","R","M","$","T","M","M"],"character_chosen":"THE_SILENT","items_purchased":["Noxious Fumes","Deflect","Backflip","Block Potion","PiercingWail"],"campfire_rested":3,"item_purchase_floors":[3,13,36,36,42],"current_hp_per_floor":[43,42,42,42,42,42,42,42,42,42,39,39,39,39,66,50,62,54,40,40,40,37,66,20,20,20,20,20,19,19,13,47,14,53,51,51,51,36,31,31,18,18,18,15,0],"gold":46,"neow_bonus":"THREE_RARE_CARDS","is_prod":false,"is_daily":false,"chose_seed":false,"campfire_upgraded":4,"win_rate":0,"timestamp":1552561382,"path_taken":["M","M","$","M","M","R","?","?","T","R","M","M","$","M","R","BOSS","M","M","$","?","M","R","E","?","T","R","?","M","$","M","R","BOSS","M","$","?","M","M","R","M","$","T","M","M"],"build_version":"2019-01-23","purchased_purges":3,"victory":false,"max_hp_per_floor":[66,66,66,66,66,66,66,66,66,66,66,66,66,66,66,66,66,66,66,66,66,66,66,66,66,66,66,66,66,66,66,66,66,66,66,66,66,66,66,66,66,66,66,66,66],"card_choices":[{"not_picked":["Storm of Steel","Tools of the Trade"],"picked":"Adrenaline","floor":0.0},{"not_picked":["Concentrate","Outmaneuver"],"picked":"Deadly Poison","floor":1.0},{"not_picked":["Poisoned Stab","Eviscerate","Dagger Throw"],"picked":"SKIP","floor":2.0},{"not_picked":["Terror","Dagger Spray"],"picked":"Leg Sweep","floor":4.0},{"not_picked":["Outmaneuver","Flying Knee"],"picked":"Footwork","floor":5.0},{"not_picked":["All Out Attack","Sucker Punch"],"picked":"Dash","floor":8.0},{"not_picked":["Concentrate","Blade Dance"],"picked":"Caltrops","floor":11.0},{"not_picked":["Bouncing Flask","Leg Sweep"],"picked":"Dagger Spray","floor":12.0},{"not_picked":["Cloak And Dagger","Bouncing Flask"],"picked":"Adrenaline","floor":14.0},{"not_picked":["Storm of Steel","Wraith Form v2"],"picked":"Die Die Die","floor":16.0},{"not_picked":["Dash","Deadly Poison","Prepared+1"],"picked":"SKIP","floor":18.0},{"not_picked":["Skewer","Quick Slash","Leg Sweep"],"picked":"SKIP","floor":19},{"not_picked":["Outmaneuver","All Out Attack+1"],"picked":"Bouncing Flask","floor":22},{"not_picked":["Prepared","Outmaneuver","Masterful Stab"],"picked":"SKIP","floor":24},{"not_picked":["Deflect","Outmaneuver","Blade Dance"],"picked":"SKIP","floor":29},{"not_picked":["Reflex","Underhanded Strike+1","Finisher+1"],"picked":"SKIP","floor":31},{"not_picked":["Phantasmal Killer","Envenom"],"picked":"Burst","floor":33},{"not_picked":["Quick Slash+1","Prepared","Slice+1"],"picked":"SKIP","floor":35},{"not_picked":["Slice+1","Caltrops","Sucker Punch+1"],"picked":"SKIP","floor":38},{"not_picked":["Bane+1","Sucker Punch+1","Leg Sweep"],"picked":"SKIP","floor":39},{"not_picked":["All Out Attack+1","Cloak And Dagger"],"picked":"Dodge and Roll+1","floor":41},{"not_picked":["Blade Dance+1","Deadly Poison","Bane+1"],"picked":"SKIP","floor":44}],"player_experience":1005912,"relics_obtained":[{"floor":9.0,"key":"Regal Pillow"},{"floor":24,"key":"Lantern"},{"floor":26,"key":"Letter Opener"},{"floor":28,"key":"Molten Egg 2"},{"floor":43,"key":"Whetstone"}],"event_choices":[{"cards_removed":["Strike_G"],"damage_healed":0.0,"max_hp_gain":0.0,"max_hp_loss":0.0,"gold_gain":0.0,"event_name":"Purifier","player_choice":"Purged","floor":7.0,"gold_loss":0.0,"damage_taken":0.0},{"damage_healed":0,"gold_gain":50,"player_choice":"Stole From Cult","damage_taken":0,"max_hp_gain":0,"max_hp_loss":0,"event_name":"Nest","floor":21,"gold_loss":0},{"damage_healed":0,"gold_gain":0,"player_choice":"Ignored","damage_taken":0,"max_hp_gain":0,"max_hp_loss":0,"event_name":"Mysterious Sphere","floor":37,"gold_loss":0}],"is_beta":false,"boss_relics":[{"not_picked":["Lizard Tail","Eternal Feather"],"picked":"Velvet Choker"},{"not_picked":["Philosopher\u0027s Stone","Black Star"],"picked":"Ring of the Serpent"}],"items_purged_floors":[13,20,25],"is_endless":false,"potions_floor_spawned":[1,8,11,12,14,19,24,29,38,39,44],"killed_by":"4 Shapes","ascension_level":20}