{"gold_per_floor":[109,109,127,127,127,153,153,153,153,178,190,46,61,80,80,179,179,193,36,36,36,36,61,61,72,142,142,154,204],"floor_reached":29,"playtime":1263,"items_purged":["Strike_B"],"score":301,"play_id":"29a0786b-2dd0-4ef1-8694-248c238fd8d0","local_time":"20181116233445","is_ascension_mode":true,"campfire_choices":[{"floor":7,"key":"REST"},{"floor":15,"key":"REST"},{"data":"Genetic Algorithm","floor":24,"key":"SMITH"}],"neow_cost":"NONE","seed_source_timestamp":24379663104114,"circlet_count":0,"master_deck":["Zap","Dualcast","Ball Lightning+1","Go for the Eyes+1","Leap","Genetic Algorithm+1","White Noise","Defragment","Gash","Steam","Go for the Eyes"],"relics":["Cracked Core","Du-Vu Doll","Unceasing Top","Dead Branch","Pandora\u0027s Box","PreservedInsect","Frozen Egg 2","Bottled Lightning","SsserpentHead"],"potions_floor_usage":[6,28,29,29],"damage_taken":[{"damage":1,"enemies":"2 Louse","floor":1,"turns":2},{"damage":0,"enemies":"Small Slimes","floor":3,"turns":3},{"damage":35,"enemies":"Lagavulin","floor":6,"turns":5},{"damage":18,"enemies":"Gremlin Nob","floor":10,"turns":3},{"damage":0,"enemies":"Jaw Worm","floor":11,"turns":2},{"damage":0,"enemies":"Large Slime","floor":13,"turns":3},{"damage":11,"enemies":"Lots of Slimes","floor":14,"turns":3},{"damage":4,"enemies":"Slime Boss","floor":16,"turns":9},{"damage":14,"enemies":"Shell Parasite","floor":18,"turns":4},{"damage":42,"enemies":"Book of Stabbing","floor":23,"turns":5},{"damage":4,"enemies":"3 Byrds","floor":25,"turns":3},{"damage":0,"enemies":"Centurion and Healer","floor":28,"turns":4},{"damage":21,"enemies":"Sentry and Sphere","floor":29,"turns":3}],"seed_played":"2617628034203466273","potions_obtained":[{"floor":3,"key":"Swift Potion"},{"floor":14,"key":"Swift Potion"},{"floor":16,"key":"Swift Potion"},{"floor":25,"key":"SteroidPotion"},{"floor":28,"key":"SkillPotion"}],"is_trial":false,"path_per_floor":["M","?","M","?","?","E","R","?","T","E","M","$","M","M","R","B",null,"M","$","?","$","?","E","R","M","T","?","M","M"],"character_chosen":"DEFECT","items_purchased":["Defragment","PreservedInsect"],"campfire_rested":2,"item_purchase_floors":[12,19],"current_hp_per_floor":[74,79,79,63,63,28,52,52,52,34,34,34,34,23,47,43,80,66,66,66,66,66,24,24,20,20,20,20,0],"gold":204,"neow_bonus":"REMOVE_CARD","is_prod":false,"is_daily":false,"chose_seed":false,"campfire_upgraded":1,"win_rate":0,"timestamp":1542418485,"path_taken":["M","?","M","?","?","E","R","?","T","E","M","$","M","?","R","BOSS","M","$","?","$","?","E","R","M","T","?","M","?"],"build_version":"2018-11-15","purchased_purges":1,"victory":false,"max_hp_per_floor":[75,80,80,80,80,80,80,80,80,80,80,80,80,80,80,80,80,80,80,80,80,80,80,80,80,80,80,80,80],"card_choices":[{"not_picked":["Coolheaded","Hologram"],"picked":"Ball Lightning","floor":1},{"not_picked":["Steam","Fusion"],"picked":"Go for the Eyes","floor":3},{"not_picked":["Turbo","Reprogram"],"picked":"Leap","floor":6},{"not_picked":["Amplify","Stack"],"picked":"Genetic Algorithm","floor":10},{"not_picked":["Stack","Ball Lightning"],"picked":"White Noise","floor":11},{"not_picked":["Fusion","Stack","Ball Lightning"],"picked":"SKIP","floor":13},{"not_picked":["Stack","Chaos","Tempest"],"picked":"SKIP","floor":14},{"not_picked":["Steam","Steam Power","Coolheaded"],"picked":"SKIP","floor":18},{"not_picked":["Rebound","Sweeping Beam","Heatsinks"],"picked":"SKIP","floor":23},{"not_picked":["Go for the Eyes","Steam Power","Ball Lightning"],"picked":"SKIP","floor":25},{"not_picked":["Streamline","Leap+1","Reinforced Body+1"],"picked":"SKIP","floor":28}],"player_experience":881910,"relics_obtained":[{"floor":6,"key":"Du-Vu Doll"},{"floor":9,"key":"Unceasing Top"},{"floor":10,"key":"Dead Branch"},{"floor":23,"key":"Frozen Egg 2"},{"floor":26,"key":"Bottled Lightning"}],"event_choices":[{"damage_healed":0,"gold_gain":0,"player_choice":"Donut","damage_taken":0,"max_hp_gain":5,"max_hp_loss":0,"event_name":"Big Fish","floor":2,"gold_loss":0},{"damage_healed":0,"gold_gain":0,"player_choice":"Entered Light","damage_taken":16,"max_hp_gain":0,"max_hp_loss":0,"event_name":"Shining Light","floor":4,"gold_loss":0,"cards_upgraded":["Ball Lightning","Go for the Eyes"]},{"cards_removed":["Defend_B"],"damage_healed":0,"gold_gain":0,"player_choice":"Forget","damage_taken":0,"max_hp_gain":0,"max_hp_loss":0,"event_name":"Living Wall","floor":5,"gold_loss":0},{"cards_removed":["Defend_B"],"damage_healed":0,"gold_gain":0,"player_choice":"Offered Basic","damage_taken":0,"max_hp_gain":0,"max_hp_loss":0,"event_name":"Bonfire Elementals","floor":8,"gold_loss":0},{"damage_healed":0,"gold_gain":0,"player_choice":"Ignored","damage_taken":0,"max_hp_gain":0,"max_hp_loss":0,"event_name":"The Mausoleum","floor":20,"gold_loss":0},{"cards_removed":["Ball Lightning"],"damage_healed":0,"gold_gain":0,"player_choice":"Elegance","damage_taken":0,"max_hp_gain":0,"max_hp_loss":0,"event_name":"Back to Basics","floor":22,"gold_loss":0},{"damage_healed":0,"gold_gain":0,"player_choice":"Trade","damage_taken":0,"relics_obtained":["SsserpentHead"],"max_hp_gain":0,"max_hp_loss":0,"event_name":"FaceTrader","floor":27,"gold_loss":0}],"is_beta":true,"boss_relics":[{"not_picked":["Velvet Choker","Orrery"],"picked":"Pandora\u0027s Box"}],"items_purged_floors":[12],"is_endless":false,"potions_floor_spawned":[3,14,16,25,28],"killed_by":"Sentry and Sphere","ascension_level":4}