{"gold_per_floor":[217,217,217,292,292,292,332,257,307,307,330,330,374,374,374,374],"floor_reached":16,"playtime":339,"items_purged":["Strike_R"],"score":140,"play_id":"afb570a3-5001-47b7-9efa-fde5905c649d","local_time":"20180710183851","is_ascension_mode":true,"campfire_choices":[{"floor":6,"key":"REST"},{"data":"Warcry","floor":10,"key":"SMITH"},{"data":"Thunderclap","floor":12,"key":"SMITH"},{"data":"Bash","floor":15,"key":"SMITH"}],"neow_cost":"NONE","seed_source_timestamp":30568647774075,"circlet_count":0,"master_deck":["Strike_R","Strike_R","Strike_R","Strike_R","Defend_R","Defend_R","Defend_R","Bash+1","Warcry+1","Thunderclap+1","Corruption+1","Shrug It Off"],"relics":["Burning Blood","Golden Idol","Calipers","Magic Flower","Bag of Marbles","Ornamental Fan"],"potions_floor_usage":[13],"damage_taken":[{"damage":7,"enemies":"Small Slimes","floor":1,"turns":4},{"damage":28,"enemies":"Gremlin Nob","floor":7,"turns":4},{"damage":6,"enemies":"Cultist","floor":11,"turns":3},{"damage":13,"enemies":"3 Sentries","floor":13,"turns":6},{"damage":37,"enemies":"Slime Boss","floor":16,"turns":8}],"seed_played":"-2850510510344362153","potions_obtained":[{"floor":11,"key":"Energy Potion"}],"is_trial":false,"path_per_floor":["M","?","?","?","?","R","E","$","T","R","M","R","E","?","R"],"character_chosen":"IRONCLAD","items_purchased":[],"campfire_rested":1,"item_purchase_floors":[],"current_hp_per_floor":[71,71,51,40,33,57,35,35,35,35,38,38,34,34,34,0],"gold":374,"neow_bonus":"HUNDRED_GOLD","is_prod":false,"is_daily":false,"chose_seed":false,"campfire_upgraded":3,"win_rate":0,"timestamp":1531258731,"path_taken":["M","?","?","?","?","R","E","$","T","R","?","R","E","?","R","BOSS"],"build_version":"2018-07-09","purchased_purges":1,"victory":false,"max_hp_per_floor":[80,80,80,80,80,80,80,80,80,80,80,80,80,80,80,80],"card_choices":[{"not_picked":["Havoc","Pommel Strike"],"picked":"Warcry","floor":1},{"not_picked":["Iron Wave","True Grit"],"picked":"Thunderclap","floor":7},{"not_picked":["Bloodletting","Burning Pact"],"picked":"Corruption","floor":11},{"not_picked":["Dropkick","Perfected Strike"],"picked":"Shrug It Off","floor":13}],"player_experience":819185,"relics_obtained":[{"floor":7,"key":"Magic Flower"},{"floor":9,"key":"Bag of Marbles"},{"floor":13,"key":"Ornamental Fan"}],"event_choices":[{"event_name":"Bonfire Elementals","player_choice":"BASIC","floor":2,"damage_taken":0},{"event_name":"Golden Idol","player_choice":"Take Damage","floor":3,"damage_taken":0},{"event_name":"World of Goop","player_choice":"Gather Gold","floor":4,"damage_taken":0},{"event_name":"Scrap Ooze","player_choice":"success","floor":5,"damage_taken":7},{"event_name":"Accursed Blacksmith","player_choice":"Forge","floor":14,"damage_taken":0}],"boss_relics":[],"items_purged_floors":[8],"is_endless":false,"potions_floor_spawned":[11],"killed_by":"Slime Boss","ascension_level":7}