{"path_per_floor":["M","?","?","M","?","E","$","M","T","?","M","R","?","M","R","B",null,"M","$","?","M","?","R","M","E","T","$","?","R","$","M","R"],"character_chosen":"IRONCLAD","items_purchased":["Flex","Heavy Blade"],"gold_per_floor":[119,119,119,131,81,115,61,71,97,97,122,122,122,147,147,276,276,299,172,172,196,196,196,214,252,279,179,179,179,54,67,67],"floor_reached":33,"campfire_rested":0,"playtime":1357,"current_hp_per_floor":[74,74,79,84,84,56,56,58,58,58,63,63,63,61,61,57,74,63,63,63,62,62,62,68,74,74,74,74,74,74,69,69],"items_purged":["Strike_R","Defend_R","Defend_R"],"gold":67,"score":342,"play_id":"c79d3bf6-3f6a-4244-a681-39b98f13b988","local_time":"20180310190322","is_prod":false,"is_daily":false,"is_ascension_mode":true,"campfire_upgraded":5,"timestamp":1520719402,"path_taken":["M","?","?","?","?","E","?","M","T","?","M","R","?","M","R","BOSS","M","$","?","M","?","R","M","E","T","$","?","R","$","M","R","BOSS"],"build_version":"2018-03-09","purchased_purges":3,"victory":false,"master_deck":["Strike_R+1","Strike_R","Strike_R+1","Bash","Flex+1","Clash","Flex+1","Infernal Blade+1","Headbutt","Fiend Fire","Heavy Blade+1","Twin Strike","Rage+1","Whirlwind+1"],"max_hp_per_floor":[80,80,85,85,85,85,85,85,85,79,79,79,79,79,79,79,79,79,79,79,82,82,82,82,89,89,89,89,89,89,89,89],"relics":["Burning Blood","Bag of Marbles","Whetstone","Bronze Scales","Golden Idol","Black Star","Strawberry","Regal Pillow","Oddly Smooth Stone"],"card_choices":[{"not_picked":["Battle Trance","Entrench"],"picked":"Clash"},{"not_picked":["Thunderclap","Dark Embrace"],"picked":"Flex"},{"not_picked":["Warcry","Havoc"],"picked":"Headbutt"},{"not_picked":["Barricade","Demon Form"],"picked":"Fiend Fire"},{"not_picked":["Burning Pact","Armaments"],"picked":"Rage"},{"not_picked":["Cleave","Heavy Blade"],"picked":"Whirlwind"}],"player_experience":555394,"potions_floor_usage":[6,16,24,25,25,33],"damage_taken":[{"damage":4,"enemies":"2 Louse","floor":1,"turns":4},{"damage":1,"enemies":"Cultist","floor":4,"turns":3},{"damage":34,"enemies":"3 Sentries","floor":6,"turns":10},{"damage":4,"enemies":"Small Slimes","floor":8,"turns":3},{"damage":1,"enemies":"Exordium Wildlife","floor":11,"turns":3},{"damage":8,"enemies":"Blue Slaver","floor":14,"turns":2},{"damage":10,"enemies":"Slime Boss","floor":16,"turns":6},{"damage":17,"enemies":"Shell Parasite","floor":18,"turns":2},{"damage":10,"enemies":"3 Byrds","floor":21,"turns":3},{"damage":0,"enemies":"Snecko","floor":24,"turns":2},{"damage":7,"enemies":"Slavers","floor":25,"turns":2},{"damage":11,"enemies":"Sentry and Sphere","floor":31,"turns":3},{"damage":78,"enemies":"Collector","floor":33,"turns":8}],"event_choices":[{"event_name":"Purifier","player_choice":"One Purge","floor":2,"damage_taken":0},{"event_name":"Big Fish","player_choice":"Donut","floor":3,"damage_taken":0},{"event_name":"The Cleric","player_choice":"Card Removal","floor":5,"damage_taken":0},{"event_name":"Golden Idol","player_choice":"Lose Max HP","floor":10,"damage_taken":0},{"event_name":"Transmorgrifier","player_choice":"Transform","floor":13,"damage_taken":0},{"event_name":"The Library","player_choice":"Read","floor":20,"damage_taken":0},{"event_name":"The Mausoleum","player_choice":"No","floor":22,"damage_taken":0},{"event_name":"Accursed Blacksmith","player_choice":"Forge","floor":28,"damage_taken":0}],"boss_relics":[{"not_picked":["Pandora\u0027s Box","Snecko Eye"],"picked":"Black Star"}],"potions_floor_spawned":[4,6,14,18,21,31],"seed_played":"8802029693373068369","killed_by":"Collector","ascension_level":6,"is_trial":false}