{"path_per_floor":["M","M","?","?","$","R","E","R","T","$","?","$","M","M","R","B",null,"M","M","$","?","?","R","M","M","T","M","?","M","M","M","R","B"],"character_chosen":"IRONCLAD","items_purchased":["Clash","Flex"],"gold_per_floor":[111,121,221,221,97,97,131,131,131,31,106,56,70,95,95,226,226,239,254,129,129,54,54,72,88,114,138,138,159,172,195,195,321],"floor_reached":34,"campfire_rested":1,"playtime":710,"current_hp_per_floor":[28,28,28,28,28,50,42,42,42,42,31,31,37,43,43,31,74,74,71,71,71,71,71,74,74,74,74,74,74,74,69,69,43],"items_purged":["Defend_R","Defend_R","Strike_R"],"gold":321,"score":354,"play_id":"0f1e6528-edd7-432c-ab15-bea26b91a792","local_time":"20180318171743","is_prod":false,"is_daily":false,"is_ascension_mode":false,"campfire_upgraded":4,"timestamp":1521404263,"path_taken":["M","M","?","?","$","R","E","R","T","$","?","$","M","?","R","BOSS","M","?","$","?","?","R","M","M","T","M","?","M","M","M","R","BOSS"],"build_version":"2018-03-15v3","purchased_purges":3,"victory":false,"master_deck":["Strike_R","Strike_R","Strike_R","Bash","Clash+1","Flex+1","Limit Break+1","Rage+1","Dual Wield+1","Thunderclap","Double Tap"],"max_hp_per_floor":[80,80,80,74,74,74,74,74,74,74,74,74,74,74,74,74,74,74,74,74,74,74,74,74,74,74,74,74,74,74,74,74,74],"relics":["Burning Blood","Golden Idol","Orichalcum","Calipers","Runic Dome","Vajra","Sozu"],"card_choices":[{"not_picked":["Offering","Reaper"],"picked":"Limit Break"},{"not_picked":["Clash","Shrug It Off"],"picked":"Rage"},{"not_picked":["Twin Strike","Flame Barrier"],"picked":"Thunderclap"},{"not_picked":["Feed","Fiend Fire"],"picked":"Double Tap"}],"player_experience":607999,"potions_floor_usage":[16,16,16,24,31],"damage_taken":[{"damage":18,"enemies":"Jaw Worm","floor":1,"turns":3},{"damage":6,"enemies":"Cultist","floor":2,"turns":3},{"damage":14,"enemies":"Gremlin Nob","floor":7,"turns":3},{"damage":0,"enemies":"Small Slimes","floor":13,"turns":2},{"damage":0,"enemies":"3 Louse","floor":14,"turns":2},{"damage":18,"enemies":"Hexaghost","floor":16,"turns":5},{"damage":0,"enemies":"Spheric Guardian","floor":18,"turns":2},{"damage":9,"enemies":"2 Thieves","floor":19,"turns":3},{"damage":3,"enemies":"Snecko","floor":24,"turns":4},{"damage":0,"enemies":"Centurion and Healer","floor":25,"turns":3},{"damage":0,"enemies":"Snake Plant","floor":27,"turns":1},{"damage":4,"enemies":"Chosen and Byrds","floor":29,"turns":3},{"damage":0,"enemies":"Snecko","floor":30,"turns":2},{"damage":11,"enemies":"Snake Plant","floor":31,"turns":2},{"damage":32,"enemies":"Champ","floor":33,"turns":7}],"event_choices":[{"event_name":"Golden Shrine","player_choice":"Pray","floor":3,"damage_taken":0},{"event_name":"Golden Idol","player_choice":"Lose Max HP","floor":4,"damage_taken":0},{"event_name":"World of Goop","player_choice":"Gather Gold","floor":11,"damage_taken":0},{"event_name":"The Library","player_choice":"Read","floor":21,"damage_taken":0},{"event_name":"Beggar","player_choice":"Gave Gold","floor":22,"damage_taken":0},{"event_name":"Drug Dealer","player_choice":"Ignored","floor":28,"damage_taken":0}],"boss_relics":[{"not_picked":["Calling Bell","Mark of Pain"],"picked":"Runic Dome"},{"not_picked":["Question Card","Runic Cube"],"picked":"Sozu"}],"potions_floor_spawned":[7,13,14,16,24,25,30,33],"seed_played":"4444589851335436902","ascension_level":0,"is_trial":false}