{"gold_per_floor":[119,131,143,68,68,68,81,81,81,31,31,61,61,61,61,161,161,173,273,287,287,314,349,349,364,364,364,382,382,382],"floor_reached":30,"playtime":1007,"items_purged":["Defend_R"],"score":320,"play_id":"acfef485-5228-4ad9-b060-78e2e794ae28","local_time":"20180702165452","is_ascension_mode":true,"campfire_choices":[{"data":"Armaments","floor":6,"key":"SMITH"},{"data":"True Grit","floor":8,"key":"SMITH"},{"data":"Whirlwind","floor":11,"key":"SMITH"},{"data":"Rampage","floor":15,"key":"SMITH"},{"floor":24,"key":"REST"}],"neow_cost":"NONE","seed_source_timestamp":21737832840472,"circlet_count":0,"master_deck":["Strike_R","Strike_R","Strike_R","Strike_R","Strike_R","Defend_R","Bash+1","Rampage+1","Whirlwind+1","Armaments+1","True Grit+1","Flex","Pummel","Infernal Blade+1"],"relics":["Burning Blood","Orichalcum","Bottled Lightning","Dodecahedron","Mark of Pain","Letter Opener","Red Mask","Singing Bowl","Ornamental Fan","Ancient Tea Set"],"potions_floor_usage":[12,18,22,23,30,30],"damage_taken":[{"damage":6,"enemies":"Cultist","floor":1,"turns":3},{"damage":2,"enemies":"Jaw Worm","floor":2,"turns":3},{"damage":3,"enemies":"2 Louse","floor":3,"turns":2},{"damage":5,"enemies":"Exordium Wildlife","floor":7,"turns":4},{"damage":8,"enemies":"3 Sentries","floor":12,"turns":5},{"damage":51,"enemies":"The Guardian","floor":16,"turns":9},{"damage":5,"enemies":"Spheric Guardian","floor":18,"turns":3},{"damage":6,"enemies":"Chosen","floor":20,"turns":3},{"damage":0,"floor":22,"turns":2},{"damage":50,"enemies":"Slavers","floor":23,"turns":5},{"damage":21,"enemies":"3 Cultists","floor":25,"turns":5},{"damage":21,"enemies":"Sentry and Sphere","floor":28,"turns":4},{"damage":49,"enemies":"Gremlin Leader","floor":30,"turns":4}],"seed_played":"7260991349506756718","potions_obtained":[{"floor":1,"key":"GamblersBrew"},{"floor":7,"key":"AttackPotion"},{"floor":12,"key":"Swift Potion"},{"floor":22,"key":"SpeedPotion"},{"floor":23,"key":"BloodPotion"},{"floor":28,"key":"SpeedPotion"}],"is_trial":false,"path_per_floor":["M","M","M","$","?","R","M","R","T","?","R","E","?","?","R","B",null,"M","?","M","T","?","E","R","M","T","T","M","?"],"character_chosen":"IRONCLAD","items_purchased":[],"campfire_rested":1,"item_purchase_floors":[],"current_hp_per_floor":[72,76,79,79,79,79,80,80,80,80,80,78,78,75,75,30,68,69,69,69,69,75,33,57,44,44,44,31,31,0],"gold":382,"neow_bonus":"UPGRADE_CARD","is_prod":false,"is_daily":false,"chose_seed":false,"campfire_upgraded":4,"win_rate":0,"timestamp":1530561292,"path_taken":["M","M","?","$","?","R","?","R","T","?","R","E","?","?","R","BOSS","M","?","M","?","?","E","R","M","T","?","?","?","E"],"build_version":"2018-06-29","purchased_purges":1,"victory":false,"max_hp_per_floor":[80,80,80,80,80,80,80,80,80,80,80,80,80,80,80,80,80,80,80,80,80,80,82,82,84,84,84,86,86,86],"card_choices":[{"not_picked":["Hemokinesis","Headbutt"],"picked":"Rampage","floor":1},{"not_picked":["Shrug It Off","Sever Soul"],"picked":"Whirlwind","floor":2},{"not_picked":["Blood for Blood","Thunderclap"],"picked":"Armaments","floor":3},{"not_picked":["Sword Boomerang","Warcry"],"picked":"True Grit","floor":7},{"not_picked":["True Grit","Juggernaut"],"picked":"Flex","floor":12},{"not_picked":["Wild Strike+1","Sword Boomerang"],"picked":"Pummel","floor":18},{"not_picked":["Iron Wave+1","Burning Pact"],"picked":"Infernal Blade+1","floor":20},{"not_picked":["Limit Break","Perfected Strike+1","Rage"],"picked":"Singing Bowl","floor":23},{"not_picked":["Body Slam","Searing Blow+1","Armaments+1"],"picked":"Singing Bowl","floor":25},{"not_picked":["Body Slam+1","Pommel Strike","Shrug It Off"],"picked":"Singing Bowl","floor":28}],"player_experience":810406,"relics_obtained":[{"floor":9,"key":"Orichalcum"},{"floor":12,"key":"Bottled Lightning"},{"floor":21,"key":"Letter Opener"},{"floor":22,"key":"Red Mask"},{"floor":23,"key":"Singing Bowl"},{"floor":26,"key":"Ornamental Fan"},{"floor":27,"key":"Ancient Tea Set"}],"event_choices":[{"event_name":"Liars Game","player_choice":"disagreed","floor":5,"damage_taken":0},{"event_name":"The Cleric","player_choice":"Card Removal","floor":10,"damage_taken":0},{"event_name":"Living Wall","player_choice":"Forget","floor":13,"damage_taken":0},{"event_name":"Scrap Ooze","player_choice":"success","floor":14,"damage_taken":3},{"event_name":"Golden Shrine","player_choice":"Pray","floor":19,"damage_taken":0},{"event_name":"Masked Bandits","player_choice":"Fought over 287 gold","floor":22,"damage_taken":0},{"event_name":"Drug Dealer","player_choice":"Ignored","floor":29,"damage_taken":0}],"boss_relics":[{"not_picked":["Runic Pyramid","Runic Dome"],"picked":"Mark of Pain"}],"items_purged_floors":[4],"is_endless":false,"potions_floor_spawned":[1,7,12,22,23,28],"killed_by":"Gremlin Leader","ascension_level":6}