{"path_per_floor":["M","?","?","?","$","E","M","R","T","E","M","M","M","M","R","B",null,"M","M","?","M"],"character_chosen":"THE_SILENT","items_purchased":["Apotheosis"],"gold_per_floor":[218,218,218,218,10,51,67,67,120,153,174,193,207,228,228,327,327,346,359,359,384,384],"floor_reached":22,"campfire_rested":2,"playtime":1089,"current_hp_per_floor":[59,59,59,59,59,14,10,31,31,21,19,8,8,1,22,1,53,48,21,44,43,0],"items_purged":[],"gold":384,"score":327,"play_id":"20096244-46e4-43cf-b1a0-b59296b441ca","local_time":"20180402012824","is_prod":false,"is_daily":false,"is_ascension_mode":true,"campfire_upgraded":0,"timestamp":1522643304,"path_taken":["M","?","?","?","$","E","M","R","T","E","M","M","?","M","R","BOSS","M","M","?","?","?"],"build_version":"2018-03-29v2","purchased_purges":0,"victory":false,"master_deck":["Defend_G","Defend_G","Defend_G","Defend_G","Defend_G","Strike_G","Strike_G","Strike_G","Strike_G","Strike_G","Survivor","Neutralize","AscendersBane","Reflex","Injury","Apotheosis","Acrobatics","Infinite Blades","Calculated Gamble","Flying Knee","Cloak And Dagger","Distraction","Dagger Spray","Adrenaline","Blur","Footwork"],"max_hp_per_floor":[70,70,70,70,70,70,70,70,70,70,70,70,70,70,70,70,70,70,70,70,70,70],"relics":["Ring of the Snake","Kunai","Golden Idol","Sundial","Tiny Chest","Dream Catcher","White Beast Statue"],"card_choices":[{"not_picked":["Concentrate","Sucker Punch"],"picked":"Reflex","floor":1},{"not_picked":["Catalyst","Deadly Poison"],"picked":"Acrobatics","floor":6},{"not_picked":["Dodge and Roll","Calculated Gamble"],"picked":"Infinite Blades","floor":7},{"not_picked":["Outmaneuver","Glass Knife"],"picked":"Calculated Gamble","floor":10},{"not_picked":["Eviscerate","Reflex"],"picked":"Flying Knee","floor":11},{"not_picked":["Slice","Poisoned Stab"],"picked":"Cloak And Dagger","floor":12},{"not_picked":["Deadly Poison","Slice"],"picked":"Distraction","floor":14},{"not_picked":["Flechettes","Slice"],"picked":"Dagger Spray","floor":15},{"not_picked":["Glass Knife","Doppelganger"],"picked":"Adrenaline","floor":16},{"not_picked":["Outmaneuver","Deflect"],"picked":"Blur","floor":18},{"not_picked":["Choke","Flying Knee"],"picked":"Footwork","floor":19}],"player_experience":662988,"potions_floor_usage":[10,13,16,16,21,22],"damage_taken":[{"damage":4,"enemies":"Cultist","floor":1,"turns":5},{"damage":45,"enemies":"Gremlin Nob","floor":6,"turns":6},{"damage":4,"enemies":"2 Louse","floor":7,"turns":3},{"damage":10,"enemies":"3 Sentries","floor":10,"turns":10},{"damage":2,"enemies":"Jaw Worm","floor":11,"turns":6},{"damage":11,"enemies":"Red Slaver","floor":12,"turns":5},{"damage":0,"enemies":"3 Louse","floor":13,"turns":3},{"damage":7,"enemies":"Looter","floor":14,"turns":5},{"damage":21,"enemies":"Slime Boss","floor":16,"turns":9},{"damage":5,"enemies":"Chosen","floor":18,"turns":6},{"damage":27,"enemies":"Shell Parasite","floor":19,"turns":8},{"damage":1,"enemies":"Centurion and Healer","floor":21,"turns":10},{"damage":51,"enemies":"Slaver and Parasite","floor":22,"turns":5}],"event_choices":[{"event_name":"Accursed Blacksmith","player_choice":"Rummage","floor":2,"damage_taken":0},{"event_name":"Purifier","player_choice":"One Purge","floor":3,"damage_taken":0},{"event_name":"Golden Idol","player_choice":"Take Wound","floor":4,"damage_taken":0},{"event_name":"The Library","player_choice":"Heal","floor":20,"damage_taken":0}],"boss_relics":[{"not_picked":["Tiny House","Velvet Choker"],"picked":"White Beast Statue"}],"potions_floor_spawned":[1,10,13,14,18,19,21],"seed_played":"2058601006339114541","killed_by":"Slaver and Parasite","ascension_level":13,"is_trial":false}