{"gold_per_floor":[110,110,126,136,136,167,167,200,277,0,0,0,35,54,54,54],"floor_reached":16,"playtime":570,"items_purged":["Defend_R"],"score":189,"play_id":"08be2ba0-a772-4c84-8e6c-403d6ac269c4","local_time":"20190223180042","is_ascension_mode":true,"campfire_choices":[{"floor":7.0,"key":"DIG"},{"floor":11.0,"key":"DIG"},{"floor":15.0,"key":"REST"}],"neow_cost":"PERCENT_DAMAGE","seed_source_timestamp":27090606632100,"circlet_count":0,"master_deck":["AscendersBane","Strike_R","Strike_R","Strike_R","Strike_R","Strike_R","Defend_R","Defend_R","Bash","Pommel Strike","Thunderclap","Burning Pact","Corruption","Dark Embrace"],"special_seed":0,"relics":["Burning Blood","Charon\u0027s Ashes","Shovel","Pen Nib","Question Card","Matryoshka","TheAbacus","Lantern","Boot"],"potions_floor_usage":[],"damage_taken":[{"damage":6.0,"enemies":"Cultist","floor":1.0,"turns":3.0},{"damage":5.0,"enemies":"Small Slimes","floor":3.0,"turns":4.0},{"damage":7.0,"enemies":"Jaw Worm","floor":4.0,"turns":3.0},{"damage":25.0,"enemies":"3 Sentries","floor":6.0,"turns":5.0},{"damage":13.0,"enemies":"Gremlin Nob","floor":8.0,"turns":4.0},{"damage":19.0,"enemies":"3 Sentries","floor":13.0,"turns":5.0},{"damage":0.0,"enemies":"Large Slime","floor":14.0,"turns":3.0},{"damage":69,"enemies":"The Guardian","floor":16,"turns":12}],"seed_played":"-5546125142599766358","potions_obtained":[{"floor":4.0,"key":"PowerPotion"},{"floor":5.0,"key":"Poison Potion"},{"floor":5.0,"key":"Poison Potion"},{"floor":6.0,"key":"SkillPotion"}],"is_trial":false,"path_per_floor":["M","?","M","M","?","E","R","E","T","$","R","$","E","M","R","B"],"character_chosen":"IRONCLAD","items_purchased":["TheAbacus"],"campfire_rested":1,"item_purchase_floors":[10],"current_hp_per_floor":[51,51,52,51,51,32,32,25,25,25,25,25,12,18,42,0],"gold":54,"neow_bonus":"ONE_RARE_RELIC","is_prod":false,"is_daily":false,"chose_seed":false,"campfire_upgraded":0,"win_rate":0,"timestamp":1550955642,"path_taken":["M","?","M","?","?","E","R","E","T","$","R","?","E","M","R","BOSS"],"build_version":"2019-02-06","purchased_purges":1,"victory":false,"max_hp_per_floor":[80,80,80,80,80,80,80,80,80,80,80,80,80,80,80,80],"card_choices":[{"not_picked":["Iron Wave","Ghostly Armor","Body Slam"],"picked":"SKIP","floor":1.0},{"not_picked":["Reckless Charge","Sword Boomerang"],"picked":"Pommel Strike","floor":3.0},{"not_picked":["Evolve","Heavy Blade"],"picked":"Thunderclap","floor":4.0},{"not_picked":["Wild Strike","Armaments"],"picked":"Burning Pact","floor":6.0},{"not_picked":["Heavy Blade","Iron Wave","Searing Blow"],"picked":"SKIP","floor":8.0},{"not_picked":["Rage","Power Through","Shockwave"],"picked":"Corruption","floor":13.0},{"not_picked":["Cleave","Wild Strike","Spot Weakness"],"picked":"Dark Embrace","floor":14.0}],"player_experience":957336,"relics_obtained":[{"floor":6.0,"key":"Shovel"},{"floor":7.0,"key":"Pen Nib"},{"floor":8.0,"key":"Question Card"},{"floor":9.0,"key":"Matryoshka"},{"floor":11.0,"key":"Lantern"},{"floor":13.0,"key":"Boot"}],"event_choices":[{"cards_removed":["Defend_R"],"damage_healed":0.0,"max_hp_gain":0.0,"max_hp_loss":0.0,"gold_gain":0.0,"event_name":"Purifier","player_choice":"Purged","floor":2.0,"gold_loss":0.0,"damage_taken":0.0},{"damage_healed":0.0,"max_hp_gain":0.0,"max_hp_loss":0.0,"gold_gain":0.0,"event_name":"Lab","player_choice":"Got Potions","floor":5.0,"gold_loss":0.0,"damage_taken":0.0}],"is_beta":true,"boss_relics":[],"items_purged_floors":[10],"is_endless":false,"potions_floor_spawned":[4,6],"killed_by":"The Guardian","ascension_level":12}