{"gold_per_floor":[113,113,213,24,40,40,74,87,111,111,121,141,159,9,9,109,109,129,84,97,97,110,110,128,128,155,155,167,167,75,85,85,183,183,198,41,41,41,2,29,29,29,101,101,115,115,115,126,126,126],"floor_reached":51,"playtime":2774,"items_purged":["Defend_B"],"score":873,"play_id":"fa2f45f5-d83d-4e45-b863-48953fe0f3e1","local_time":"20190315233225","is_ascension_mode":true,"campfire_choices":[{"data":"Defragment","floor":6,"key":"SMITH"},{"data":"Defragment","floor":10,"key":"SMITH"},{"data":"Conserve Battery","floor":15,"key":"SMITH"},{"data":"Creative AI","floor":23,"key":"SMITH"},{"floor":27,"key":"REST"},{"floor":29,"key":"REST"},{"data":"Storm","floor":32,"key":"SMITH"},{"data":"Capacitor","floor":41,"key":"SMITH"},{"data":"Heatsinks","floor":44,"key":"SMITH"},{"data":"Blizzard","floor":46,"key":"SMITH"},{"data":"Echo Form","floor":49,"key":"SMITH"}],"neow_cost":"NONE","seed_source_timestamp":235900377159608,"circlet_count":0,"master_deck":["Zap","Dualcast","Melter","Chill","Defragment+1","Coolheaded","Conserve Battery+1","Defragment+1","Turbo","Cold Snap","Heatsinks+1","Cold Snap","BootSequence","Coolheaded","Ball Lightning","Creative AI+1","BootSequence","Doom and Gloom","Storm+1","Lockon","Biased Cognition","Conserve Battery","Conserve Battery","Turbo+1","Stack+1","Amplify","Self Repair","Cold Snap","Cold Snap","Echo Form+1","Defragment+1","Capacitor+1","Blizzard+1","Madness","Madness"],"relics":["Cracked Core","Bag of Preparation","Happy Flower","Pandora\u0027s Box","Oddly Smooth Stone","Nuclear Battery","Lantern","Ancient Tea Set","Mummified Hand"],"potions_floor_usage":[24,33],"damage_taken":[{"damage":0,"enemies":"2 Louse","floor":1,"turns":2},{"damage":12,"enemies":"Small Slimes","floor":5,"turns":3},{"damage":11,"enemies":"Lagavulin","floor":7,"turns":6},{"damage":0,"enemies":"Cultist","floor":8,"turns":3},{"damage":0,"enemies":"Red Slaver","floor":11,"turns":4},{"damage":0,"enemies":"3 Louse","floor":12,"turns":2},{"damage":10,"enemies":"Exordium Wildlife","floor":13,"turns":3},{"damage":0,"enemies":"The Guardian","floor":16,"turns":11},{"damage":0,"enemies":"2 Thieves","floor":18,"turns":3},{"damage":0,"enemies":"Spheric Guardian","floor":20,"turns":2},{"damage":43,"enemies":"Shelled Parasite and Fungi","floor":22,"turns":5},{"damage":11,"enemies":"Cultist and Chosen","floor":24,"turns":7},{"damage":8,"enemies":"Sentry and Sphere","floor":28,"turns":5},{"damage":0,"enemies":"Shelled Parasite and Fungi","floor":31,"turns":6},{"damage":0,"enemies":"Champ","floor":33,"turns":7},{"damage":0,"enemies":"3 Shapes","floor":35,"turns":5},{"damage":1,"enemies":"Nemesis","floor":40,"turns":5},{"damage":7,"enemies":"3 Darklings","floor":45,"turns":3},{"damage":0,"enemies":"Sphere and 2 Shapes","floor":48,"turns":4},{"damage":19,"enemies":"Awakened One","floor":50,"turns":6}],"seed_played":"-7070410370221625638","potions_obtained":[{"floor":5,"key":"EssenceOfSteel"},{"floor":8,"key":"SmokeBomb"},{"floor":12,"key":"GamblersBrew"},{"floor":24,"key":"FocusPotion"},{"floor":28,"key":"Regen Potion"},{"floor":33,"key":"FearPotion"}],"is_trial":false,"path_per_floor":["M","?","?","$","M","R","E","M","T","R","M","M","M","$","R","B",null,"M","$","M","$","M","R","M","?","T","R","M","R","$","M","R","B",null,"M","$","?","$","$","E","R","?","T","R","M","R","?","M","R","B",null],"character_chosen":"DEFECT","items_purchased":["Defragment","Coolheaded","BootSequence","Coolheaded","Ball Lightning","Conserve Battery","Self Repair","Cold Snap","Lantern","Capacitor"],"campfire_rested":2,"item_purchase_floors":[4,4,14,14,14,19,30,30,36,39],"current_hp_per_floor":[75,75,75,75,63,63,52,52,52,52,52,52,42,42,42,42,75,75,75,75,75,32,32,21,21,21,43,35,57,57,57,57,64,75,75,75,75,75,75,74,74,74,74,74,74,74,65,72,72,60],"gold":126,"neow_bonus":"TRANSFORM_CARD","is_prod":false,"is_daily":false,"chose_seed":false,"campfire_upgraded":9,"win_rate":0,"timestamp":1552707145,"path_taken":["M","?","?","$","M","R","E","M","T","R","M","?","M","$","R","BOSS","M","?","?","$","M","R","M","?","T","R","M","R","$","M","R","BOSS","M","$","?","?","$","E","R","?","T","R","M","R","?","M","R","BOSS"],"build_version":"2019-01-23","purchased_purges":1,"victory":true,"max_hp_per_floor":[75,75,75,75,75,75,75,75,75,75,75,75,75,75,75,75,75,75,75,75,75,75,75,75,75,75,75,75,75,75,75,75,75,75,75,75,75,75,75,75,75,75,75,75,75,75,75,75,75,75],"card_choices":[{"not_picked":["Streamline","Reinforced Body"],"picked":"Chill","floor":1},{"not_picked":["Leap","Sweeping Beam"],"picked":"Conserve Battery","floor":5},{"not_picked":["Steam Power","Genetic Algorithm"],"picked":"Defragment","floor":7},{"not_picked":["Hologram","Streamline"],"picked":"Turbo","floor":8},{"not_picked":["Sunder","Chill"],"picked":"Cold Snap","floor":11},{"not_picked":["Stack","Hologram"],"picked":"Heatsinks","floor":12},{"not_picked":["Reprogram","Redo"],"picked":"Cold Snap","floor":13},{"not_picked":["Reboot","Meteor Strike"],"picked":"Creative AI","floor":16},{"not_picked":["Self Repair","Static Discharge"],"picked":"Conserve Battery","floor":18},{"not_picked":["Chaos","Sweeping Beam"],"picked":"Turbo+1","floor":20},{"not_picked":["Go for the Eyes","Ball Lightning"],"picked":"Stack+1","floor":22},{"not_picked":["Rebound","Steam Power"],"picked":"Amplify","floor":24},{"not_picked":["Sweeping Beam","Skim","Lockon+1"],"picked":"SKIP","floor":28},{"not_picked":["Static Discharge","Steam+1"],"picked":"Cold Snap","floor":31},{"not_picked":["Reboot","Amplify"],"picked":"Echo Form","floor":33},{"not_picked":["Beam Cell+1","Go for the Eyes","Redo"],"picked":"SKIP","floor":35},{"not_picked":["Melter+1","Beam Cell","Steam Power+1"],"picked":"SKIP","floor":40},{"not_picked":["Rebound","Ball Lightning+1"],"picked":"Blizzard","floor":45},{"not_picked":["Beam Cell","BootSequence","Static Discharge"],"picked":"SKIP","floor":48}],"player_experience":1242376,"relics_obtained":[{"floor":7,"key":"Bag of Preparation"},{"floor":9,"key":"Happy Flower"},{"floor":26,"key":"Oddly Smooth Stone"},{"floor":40,"key":"Ancient Tea Set"},{"floor":43,"key":"Mummified Hand"}],"event_choices":[{"cards_removed":["Strike_B"],"damage_healed":0,"gold_gain":0,"player_choice":"Forget","damage_taken":0,"max_hp_gain":0,"max_hp_loss":0,"event_name":"Living Wall","floor":2,"gold_loss":0},{"damage_healed":0,"gold_gain":100,"player_choice":"Gold","damage_taken":0,"max_hp_gain":0,"max_hp_loss":0,"event_name":"Wheel of Change","floor":3,"gold_loss":0},{"damage_healed":0,"gold_gain":0,"player_choice":"Ignored","damage_taken":0,"max_hp_gain":0,"max_hp_loss":0,"event_name":"Cursed Tome","floor":25,"gold_loss":0},{"damage_healed":0,"gold_gain":0,"player_choice":"Copied","damage_taken":0,"max_hp_gain":0,"max_hp_loss":0,"event_name":"Duplicator","floor":37,"gold_loss":0,"cards_obtained":["Defragment"]},{"damage_healed":0,"gold_gain":0,"player_choice":"Ignored","damage_taken":0,"max_hp_gain":0,"max_hp_loss":0,"event_name":"Mysterious Sphere","floor":42,"gold_loss":0},{"damage_healed":0,"gold_gain":0,"player_choice":"Embrace Madness","damage_taken":9,"max_hp_gain":0,"max_hp_loss":0,"event_name":"Winding Halls","floor":47,"gold_loss":0,"cards_obtained":["Madness","Madness"]}],"is_beta":false,"boss_relics":[{"not_picked":["Fusion Hammer","White Beast Statue"],"picked":"Pandora\u0027s Box"},{"not_picked":["Calling Bell","Orrery"],"picked":"Nuclear Battery"}],"items_purged_floors":[4],"is_endless":false,"potions_floor_spawned":[5,8,12,24,28,33,35,48],"ascension_level":2}