{"gold_per_floor":[111,126,201,201,86,116,116,141,141,174,174,187,187,205,205,205],"floor_reached":16,"playtime":583,"items_purged":["Defend_G"],"score":157,"play_id":"6666ac72-2a63-4939-a32b-ad09baad212b","local_time":"20190203155810","is_ascension_mode":true,"campfire_choices":[{"data":"Footwork","floor":7,"key":"SMITH"},{"data":"Dash","floor":11,"key":"SMITH"},{"floor":15,"key":"REST"}],"neow_cost":"NONE","seed_source_timestamp":397174621930802,"circlet_count":0,"master_deck":["Defend_G","Defend_G","Defend_G","Defend_G","Strike_G","Strike_G","Strike_G","Strike_G","Strike_G","Survivor","Neutralize","Skewer","Dash+1","Footwork+1","Well Laid Plans","Infinite Blades","PiercingWail"],"relics":["Ring of the Snake","NeowsBlessing","Darkstone Periapt","Strawberry","Omamori","Oddly Smooth Stone","FaceOfCleric"],"potions_floor_usage":[8,10,14,16],"damage_taken":[{"damage":0,"enemies":"2 Louse","floor":1,"turns":1},{"damage":0,"enemies":"Cultist","floor":2,"turns":1},{"damage":0,"enemies":"3 Sentries","floor":6,"turns":2},{"damage":9,"enemies":"Gremlin Nob","floor":8,"turns":5},{"damage":25,"enemies":"Lagavulin","floor":10,"turns":10},{"damage":1,"enemies":"Small Slimes","floor":12,"turns":3},{"damage":16,"enemies":"Gremlin Gang","floor":14,"turns":3},{"damage":48,"enemies":"Slime Boss","floor":16,"turns":8}],"seed_played":"-7336756018306875695","potions_obtained":[{"floor":1,"key":"Poison Potion"},{"floor":2,"key":"SpeedPotion"},{"floor":6,"key":"Swift Potion"},{"floor":8,"key":"Explosive Potion"}],"is_trial":false,"path_per_floor":["M","M","?","?","$","E","R","E","T","E","R","M","?","M","R","B"],"character_chosen":"THE_SILENT","items_purchased":["Footwork"],"campfire_rested":1,"item_purchase_floors":[5],"current_hp_per_floor":[70,70,59,64,64,64,64,62,62,37,37,36,36,21,45,0],"gold":205,"neow_bonus":"THREE_ENEMY_KILL","is_prod":false,"is_daily":false,"chose_seed":false,"campfire_upgraded":2,"win_rate":0,"timestamp":1549231090,"path_taken":["M","M","?","?","$","E","R","E","T","E","R","M","?","?","R","BOSS"],"build_version":"2019-01-23","purchased_purges":1,"victory":false,"max_hp_per_floor":[70,70,70,75,75,75,75,82,82,82,82,82,82,83,83,83],"card_choices":[{"not_picked":["Terror","Tactician"],"picked":"Skewer","floor":1},{"not_picked":["Dagger Spray","Reflex"],"picked":"Dash","floor":2},{"not_picked":["Skewer","Sucker Punch","Catalyst"],"picked":"SKIP","floor":6},{"not_picked":["Choke","Reflex","All Out Attack"],"picked":"SKIP","floor":8},{"not_picked":["Sucker Punch","Dodge and Roll"],"picked":"Well Laid Plans","floor":10},{"not_picked":["Leg Sweep","Deadly Poison"],"picked":"Infinite Blades","floor":12},{"not_picked":["Acrobatics","Backstab"],"picked":"PiercingWail","floor":14}],"player_experience":109515,"relics_obtained":[{"floor":6,"key":"Darkstone Periapt"},{"floor":8,"key":"Strawberry"},{"floor":9,"key":"Omamori"},{"floor":10,"key":"Oddly Smooth Stone"}],"event_choices":[{"damage_healed":0,"gold_gain":75,"player_choice":"Gather Gold","damage_taken":11,"max_hp_gain":0,"max_hp_loss":0,"event_name":"World of Goop","floor":3,"gold_loss":0},{"damage_healed":0,"gold_gain":0,"player_choice":"Donut","damage_taken":0,"max_hp_gain":5,"max_hp_loss":0,"event_name":"Big Fish","floor":4,"gold_loss":0},{"damage_healed":0,"gold_gain":0,"player_choice":"Trade","damage_taken":0,"relics_obtained":["FaceOfCleric"],"max_hp_gain":0,"max_hp_loss":0,"event_name":"FaceTrader","floor":13,"gold_loss":0}],"is_beta":false,"boss_relics":[],"items_purged_floors":[5],"is_endless":false,"potions_floor_spawned":[1,2,6,8],"killed_by":"Slime Boss","ascension_level":2}