{"path_per_floor":["M","?","$","M","?","R","E","$","T","E","?","R","M","M","R","B",null,"M","?","M","$","?","E","R","M","T","R","M","$","?","$","R"],"character_chosen":"THE_SILENT","items_purchased":["Infinite Blades","Predator","Noxious Fumes","Footwork","Cloak And Dagger"],"gold_per_floor":[109,109,36,51,126,126,152,39,39,70,70,70,87,103,103,199,199,214,214,226,47,47,72,72,90,90,90,102,30,30,5,5],"floor_reached":33,"campfire_rested":4,"playtime":1450,"current_hp_per_floor":[59,59,59,58,47,47,30,30,30,18,34,54,50,50,50,5,52,44,44,36,36,36,10,29,21,21,40,3,3,3,3,16],"items_purged":["Strike_G","Parasite"],"gold":5,"score":459,"play_id":"e5c39c0b-febd-455b-89af-e24657701c6f","local_time":"20180307130601","is_prod":false,"is_daily":false,"is_ascension_mode":true,"campfire_upgraded":2,"timestamp":1520438761,"path_taken":["M","?","?","M","?","R","E","$","T","E","?","R","M","?","R","BOSS","M","?","M","$","?","E","R","M","T","R","M","$","?","?","R","BOSS"],"build_version":"2018-03-01-PROD1","purchased_purges":3,"victory":false,"master_deck":["Defend_G","Defend_G","Defend_G","Defend_G","Survivor","Neutralize+1","Infinite Blades+1","Dagger Throw","Dagger Spray","Predator","Backflip","Cloak And Dagger","Escape Plan","After Image+1","Bouncing Flask+1","Poisoned Stab+1","Prepared+1","Noxious Fumes","Catalyst","Outmaneuver","Footwork","Bite","Bite","Bite","Bite","Bite","Cloak And Dagger"],"max_hp_per_floor":[70,67,67,67,67,67,67,67,67,67,67,67,67,67,67,67,67,67,67,67,64,64,64,64,64,64,64,64,64,44,44,44],"relics":["Ring of the Snake","Happy Flower","Spirit Poop","Vajra","Ginger","Centennial Puzzle","Astrolabe","Orichalcum","Frozen Eye"],"card_choices":[{"not_picked":["Outmaneuver","Slice"],"picked":"Dagger Throw"},{"not_picked":["Backflip","Escape Plan"],"picked":"Dagger Spray"},{"not_picked":["Endless Agony","Dagger Spray"],"picked":"Backflip"},{"not_picked":["Slice","Deflect"],"picked":"Cloak And Dagger"},{"not_picked":["Bane","Flying Knee"],"picked":"Escape Plan"},{"not_picked":["Tools of the Trade","Unload"],"picked":"After Image"},{"not_picked":["Setup","Caltrops"],"picked":"Catalyst"},{"not_picked":["Quick Slash","Flying Knee"],"picked":"Outmaneuver"}],"player_experience":527845,"potions_floor_usage":[10,14,23,28],"damage_taken":[{"damage":4,"enemies":"Small Slimes","floor":1,"turns":4},{"damage":1,"enemies":"Cultist","floor":4,"turns":4},{"damage":17,"enemies":"3 Sentries","floor":7,"turns":8},{"damage":12,"enemies":"Gremlin Nob","floor":10,"turns":3},{"damage":4,"enemies":"Jaw Worm","floor":13,"turns":2},{"damage":0,"enemies":"Looter","floor":14,"turns":2},{"damage":45,"enemies":"The Guardian","floor":16,"turns":14},{"damage":8,"enemies":"Chosen","floor":18,"turns":4},{"damage":8,"enemies":"3 Byrds","floor":20,"turns":5},{"damage":26,"enemies":"Gremlin Leader","floor":23,"turns":7},{"damage":8,"enemies":"Centurion and Healer","floor":25,"turns":7},{"damage":37,"enemies":"Snake Plant","floor":28,"turns":5},{"damage":24,"enemies":"Collector","floor":33,"turns":2}],"event_choices":[{"event_name":"Bonfire Elementals","player_choice":"CURSE","floor":2,"damage_taken":0},{"event_name":"World of Goop","player_choice":"Gather Gold","floor":5,"damage_taken":0},{"event_name":"Mushrooms","player_choice":"Healed and dodged fight","floor":11,"damage_taken":0},{"event_name":"Upgrade Shrine","player_choice":"Upgraded","floor":19,"damage_taken":0},{"event_name":"Drug Dealer","player_choice":"Ignored","floor":22,"damage_taken":0},{"event_name":"Vampires","player_choice":"Became a vampire","floor":30,"damage_taken":0}],"boss_relics":[{"not_picked":["Tiny House","Runic Pyramid"],"picked":"Astrolabe"}],"potions_floor_spawned":[1,10,18,25],"seed_played":"-1032963280500934999","killed_by":"Collector","ascension_level":12,"is_trial":false}