{"path_per_floor":["M","$","?","M","?","R","E","R","T","R","E","M","M","E","R","B",null,"M","?","M","?","$"],"character_chosen":"THE_SILENT","items_purchased":["Apotheosis","Bullet Time"],"gold_per_floor":[115,40,40,56,56,56,86,86,113,113,141,154,172,206,206,304,304,316,316,335,335,52],"floor_reached":23,"campfire_rested":2,"playtime":1853,"current_hp_per_floor":[59,59,52,52,52,52,49,72,72,72,70,68,59,49,76,54,82,70,70,61,45,45],"items_purged":["Regret"],"gold":52,"score":304,"play_id":"899682d6-f0ec-4031-a859-8b1a06b3ce13","is_prod":false,"is_daily":false,"is_ascension_mode":true,"campfire_upgraded":2,"path_taken":["M","$","?","M","?","R","E","R","T","R","E","M","M","E","R","BOSS","M","?","?","?","?","E"],"build_version":"2018-02-22-PROD2","purchased_purges":1,"victory":false,"master_deck":["Defend_G","Defend_G","Defend_G","Defend_G","Defend_G","Strike_G","Strike_G","Strike_G","Strike_G","Survivor","Neutralize+1","Dagger Throw+1","Noxious Fumes+1","Infinite Blades","Caltrops","Burst","Bane","Dagger Spray","Footwork","Necronomicurse","Apotheosis","Bullet Time"],"max_hp_per_floor":[70,70,70,70,70,70,77,77,77,77,91,91,91,91,91,91,91,91,91,91,91,91],"relics":["Ring of the Snake","Tingsha","Strawberry","Bag of Preparation","Mango","Tough Bandages","Question Card","Necronomicon"],"card_choices":[{"not_picked":["Backflip","Concentrate"],"picked":"Dagger Throw"},{"not_picked":["Dodge and Roll","Well Laid Plans"],"picked":"Noxious Fumes"},{"not_picked":["Envenom","Deflect"],"picked":"Infinite Blades"},{"not_picked":["Bane","Flying Knee"],"picked":"Caltrops"},{"not_picked":["Envenom","Phantasmal Killer"],"picked":"Burst"},{"not_picked":["Poisoned Stab","Backflip","Outmaneuver"],"picked":"Bane"},{"not_picked":["Backflip","Slice","Terror"],"picked":"Footwork"}],"player_experience":267720,"potions_floor_usage":[20,23,23],"damage_taken":[{"damage":4,"enemies":"Jaw Worm","floor":1,"turns":6},{"damage":0,"enemies":"2 Louse","floor":4,"turns":3},{"damage":10,"enemies":"3 Sentries","floor":7,"turns":6},{"damage":16,"enemies":"Lagavulin","floor":11,"turns":6},{"damage":2,"enemies":"Small Slimes","floor":12,"turns":3},{"damage":9,"enemies":"2 Fungi Beasts","floor":13,"turns":3},{"damage":10,"enemies":"3 Sentries","floor":14,"turns":5},{"damage":22,"enemies":"Hexaghost","floor":16,"turns":9},{"damage":12,"enemies":"Chosen","floor":18,"turns":6},{"damage":9,"enemies":"Spheric Guardian","floor":20,"turns":6},{"damage":17,"enemies":"Slavers","floor":23,"turns":3}],"event_choices":[{"event_name":"Golden Wing","player_choice":"Card Removal","floor":3,"damage_taken":0},{"event_name":"Upgrade Shrine","player_choice":"Upgraded","floor":5,"damage_taken":0},{"event_name":"The Library","player_choice":"Read","floor":19,"damage_taken":0},{"event_name":"Cursed Tome","player_choice":"Obtained Book","floor":21,"damage_taken":0}],"boss_relics":[{"not_picked":["Eternal Feather","Runic Dome"],"picked":"Question Card"}],"potions_floor_spawned":[7,12,13,14],"seed_played":"-4459216334445328503","killed_by":"Slavers","ascension_level":7,"is_trial":false}