{"path_per_floor":["M","?","M","$","M","E","?","T","T","R","M","R","M","M","R","B",null,"M","$","M","M","?","R","M","M","T","R","M"],"character_chosen":"IRONCLAD","items_purchased":["Clash"],"gold_per_floor":[116,116,135,60,80,109,184,207,285,285,298,298,316,336,336,441,441,455,301,313,330,330,330,346,364,364,364,383],"floor_reached":29,"campfire_rested":2,"playtime":926,"current_hp_per_floor":[73,73,79,79,78,48,37,37,37,61,59,59,55,53,53,20,82,64,64,45,46,46,46,59,36,36,61,23],"items_purged":["Defend_R","Defend_R"],"gold":383,"score":229,"play_id":"580c71a1-de0e-4f1f-8064-1f4638d28ede","local_time":"20180307114036","is_prod":false,"is_daily":false,"is_ascension_mode":false,"campfire_upgraded":3,"timestamp":1520433636,"path_taken":["M","?","?","?","M","E","?","?","T","R","M","R","?","?","R","BOSS","M","$","M","M","?","R","M","M","T","R","M","?"],"build_version":"2018-03-01-PROD1","purchased_purges":2,"victory":false,"master_deck":["Strike_R","Strike_R","Strike_R","Strike_R","Defend_R","Defend_R","Bash","Fiend Fire+1","Warcry","Spot Weakness+1","Rampage","Cleave","Battle Trance","Dark Embrace","Exhume+1","Flex+1","Clash","Dual Wield","Whirlwind"],"max_hp_per_floor":[80,80,80,80,80,80,80,80,80,80,82,82,82,82,82,82,82,82,82,84,84,84,84,84,86,86,86,86],"relics":["Black Blood","Darkstone Periapt","Singing Bowl","Meat on the Bone","Ice Cream"],"card_choices":[{"not_picked":["Sever Soul","Wild Strike"],"picked":"Warcry"},{"not_picked":["Ghostly Armor","Metallicize"],"picked":"Spot Weakness"},{"not_picked":["True Grit","Seeing Red"],"picked":"Rampage"},{"not_picked":["Clothesline","Pommel Strike"],"picked":"Cleave"},{"not_picked":["Iron Wave","Twin Strike"],"picked":"Battle Trance"},{"not_picked":["Clash","Headbutt"],"picked":"Dark Embrace"},{"not_picked":["Fiend Fire","Limit Break"],"picked":"Exhume"},{"not_picked":["Reckless Charge","Twin Strike"],"picked":"Flex"},{"not_picked":["Intimidate","Warcry"],"picked":"Dual Wield"},{"not_picked":["Warcry","Evolve"],"picked":"Whirlwind"}],"player_experience":523312,"potions_floor_usage":[3,13,14,16,20,21,28],"damage_taken":[{"damage":13,"enemies":"Jaw Worm","floor":1,"turns":3},{"damage":0,"enemies":"Cultist","floor":3,"turns":2},{"damage":7,"enemies":"Small Slimes","floor":5,"turns":3},{"damage":36,"enemies":"Lagavulin","floor":6,"turns":4},{"damage":10,"enemies":"Looter","floor":11,"turns":2},{"damage":10,"enemies":"Lots of Slimes","floor":13,"turns":2},{"damage":14,"enemies":"Gremlin Gang","floor":14,"turns":3},{"damage":51,"enemies":"Slime Boss","floor":16,"turns":7},{"damage":28,"enemies":"Shell Parasite","floor":18,"turns":4},{"damage":43,"enemies":"3 Byrds","floor":20,"turns":6},{"damage":21,"enemies":"Snake Plant","floor":21,"turns":3},{"damage":9,"enemies":"Centurion and Healer","floor":24,"turns":5},{"damage":47,"enemies":"Slaver and Parasite","floor":25,"turns":4},{"damage":60,"enemies":"3 Cultists","floor":28,"turns":6},{"damage":23,"enemies":"Snake Plant","floor":29,"turns":2}],"event_choices":[{"event_name":"The Lab","player_choice":"Got Potions","floor":2,"damage_taken":0},{"event_name":"World of Goop","player_choice":"Gather Gold","floor":7,"damage_taken":0},{"event_name":"Bonfire Elementals","player_choice":"BASIC","floor":22,"damage_taken":0}],"boss_relics":[{"not_picked":["Eternal Feather","Pandora\u0027s Box"],"picked":"Black Blood"}],"potions_floor_spawned":[1,5,6,11,18,20,25],"seed_played":"-7325656007983088059","killed_by":"Snake Plant","ascension_level":0,"is_trial":false}