{"gold_per_floor":[114,64,75,150,75,75,107,121,147,147,147,79,79,89,89,89],"floor_reached":16,"playtime":584,"items_purged":["Strike_G"],"score":167,"play_id":"bee072f9-7f05-483c-810c-41cdb66b9086","local_time":"20181202202245","is_ascension_mode":true,"campfire_choices":[{"floor":6,"key":"REST"},{"floor":13,"key":"REST"},{"floor":15,"key":"REST"}],"neow_cost":"NONE","seed_source_timestamp":37212680682324,"circlet_count":0,"master_deck":["AscendersBane","Defend_G","Defend_G","Defend_G","Defend_G","Strike_G","Strike_G","Strike_G","Survivor","Neutralize","Deadly Poison","PiercingWail","Caltrops","Bane"],"relics":["Ring of the Snake","Snake Skull","Lantern","Art of War"],"potions_floor_usage":[],"damage_taken":[{"damage":7,"enemies":"Small Slimes","floor":1,"turns":4},{"damage":11,"enemies":"Jaw Worm","floor":3,"turns":6},{"damage":32,"enemies":"Gremlin Nob","floor":7,"turns":5},{"damage":0,"enemies":"2 Louse","floor":8,"turns":3},{"damage":1,"enemies":"Large Slime","floor":14,"turns":7},{"damage":47,"enemies":"The Guardian","floor":16,"turns":9}],"seed_played":"-3524319293179820855","potions_obtained":[{"floor":8,"key":"SpeedPotion"}],"is_trial":false,"path_per_floor":["M","?","M","?","$","R","E","M","T","?","?","$","R","M","R","B"],"character_chosen":"THE_SILENT","items_purchased":["Caltrops"],"campfire_rested":3,"item_purchase_floors":[12],"current_hp_per_floor":[52,52,41,30,30,49,17,17,17,10,10,10,29,28,47,0],"gold":89,"neow_bonus":"RANDOM_COMMON_RELIC","is_prod":false,"is_daily":false,"chose_seed":false,"campfire_upgraded":0,"win_rate":0,"timestamp":1543789365,"path_taken":["M","?","M","?","?","R","E","M","T","?","?","$","R","M","R","BOSS"],"build_version":"2018-11-15","purchased_purges":1,"victory":false,"max_hp_per_floor":[66,66,66,66,66,66,66,66,66,66,66,66,66,66,66,66],"card_choices":[{"not_picked":["Acrobatics","Slice","Endless Agony"],"picked":"SKIP","floor":1},{"not_picked":["Underhanded Strike","Cloak And Dagger"],"picked":"Deadly Poison","floor":3},{"not_picked":["Sucker Punch","Grand Finale","Reflex"],"picked":"SKIP","floor":7},{"not_picked":["Terror","Sucker Punch"],"picked":"PiercingWail","floor":8},{"not_picked":["Deflect","Reflex"],"picked":"Bane","floor":14}],"player_experience":886352,"relics_obtained":[{"floor":7,"key":"Lantern"},{"floor":9,"key":"Art of War"}],"event_choices":[{"cards_removed":["Strike_G"],"damage_healed":0,"gold_gain":0,"player_choice":"Card Removal","damage_taken":0,"max_hp_gain":0,"max_hp_loss":0,"event_name":"The Cleric","floor":2,"gold_loss":50},{"damage_healed":0,"gold_gain":75,"player_choice":"Gather Gold","damage_taken":11,"max_hp_gain":0,"max_hp_loss":0,"event_name":"World of Goop","floor":4,"gold_loss":0},{"cards_removed":["Defend_G"],"damage_healed":0,"gold_gain":0,"player_choice":"Card Removal","damage_taken":7,"max_hp_gain":0,"max_hp_loss":0,"event_name":"Golden Wing","floor":10,"gold_loss":0},{"damage_healed":0,"gold_gain":0,"player_choice":"Ignored","damage_taken":0,"max_hp_gain":0,"max_hp_loss":0,"event_name":"Shining Light","floor":11,"gold_loss":0}],"is_beta":true,"boss_relics":[],"items_purged_floors":[5],"is_endless":false,"potions_floor_spawned":[8],"killed_by":"The Guardian","ascension_level":14}