{"gold_per_floor":[363,363,60,78,89,89,101,101,125,158,186,198,210,239,251,358,370,393,127,127,144,226,226,151,51,51,27,27,44,62,9,9,112,112,126,126,126,41,57,83,83,118,144,144,144,164,177,195,195,195],"floor_reached":51,"playtime":2527,"items_purged":["Strike_R","Defend_R","Double Tap"],"score":1122,"play_id":"59596d17-385f-4d61-a044-370b3362d2d7","local_time":"20180726190419","is_ascension_mode":true,"campfire_choices":[{"data":"Corruption","floor":6.0,"key":"SMITH"},{"data":"Strike_R","floor":8.0,"key":"SMITH"},{"data":"Whirlwind","floor":13.0,"key":"SMITH"},{"data":"Bash","floor":15.0,"key":"SMITH"},{"floor":23.0,"key":"REST"},{"data":"Heavy Blade","floor":28.0,"key":"SMITH"},{"floor":32.0,"key":"REST"},{"floor":41.0,"key":"REST"},{"data":"Dark Embrace","floor":49,"key":"SMITH"}],"neow_cost":"TEN_PERCENT_HP_LOSS","seed_source_timestamp":0,"circlet_count":0,"master_deck":["Defend_R","Defend_R","Defend_R","Bash+1","Corruption+1","Infernal Blade","Shockwave","Shrug It Off","True Grit","Double Tap","Havoc","Flex","Heavy Blade+1","Flex+1","Warcry+1","Dark Embrace+1","Bludgeon+1","Flame Barrier+1","Infernal Blade+1","Intimidate+1","Madness+1","Madness+1","Infernal Blade+1","Burning Pact+1","Infernal Blade+1","Bloodletting+1","Warcry+1","Second Wind+1"],"special_seed":0,"relics":["Burning Blood","Dead Branch","Potion Belt","MawBank","Orrery","Regal Pillow","Letter Opener","Toxic Egg 2","Astrolabe","Smiling Mask","Unceasing Top","Paper Frog","Oddly Smooth Stone"],"potions_floor_usage":[47,47,48],"damage_taken":[{"damage":15.0,"enemies":"Small Slimes","floor":1.0,"turns":3.0},{"damage":14.0,"enemies":"Jaw Worm","floor":4.0,"turns":4.0},{"damage":0.0,"enemies":"Cultist","floor":5.0,"turns":4.0},{"damage":0.0,"enemies":"Red Slaver","floor":7.0,"turns":3.0},{"damage":10.0,"enemies":"Lagavulin","floor":10.0,"turns":4.0},{"damage":9.0,"enemies":"2 Fungi Beasts","floor":11.0,"turns":3.0},{"damage":0.0,"enemies":"Exordium Wildlife","floor":14.0,"turns":3.0},{"damage":46.0,"enemies":"Slime Boss","floor":16.0,"turns":7.0},{"damage":33.0,"enemies":"2 Thieves","floor":18.0,"turns":4.0},{"damage":30.0,"enemies":"3 Byrds","floor":21.0,"turns":3.0},{"damage":25.0,"enemies":"Centurion and Healer","floor":29.0,"turns":3.0},{"damage":28.0,"enemies":"Cultist and Chosen","floor":30.0,"turns":5.0},{"damage":50.0,"enemies":"Automaton","floor":33.0,"turns":9.0},{"damage":16.0,"enemies":"Orb Walker","floor":35.0,"turns":3.0},{"damage":15.0,"enemies":"3 Shapes","floor":39.0,"turns":2.0},{"damage":15.0,"enemies":"2 Orb Walkers","floor":40.0,"turns":3.0},{"damage":0,"enemies":"Giant Head","floor":42,"turns":3},{"damage":0,"enemies":"3 Darklings","floor":46,"turns":2},{"damage":7,"enemies":"Flame Bruiser 2 Orb","floor":47,"turns":2},{"damage":5,"enemies":"Sphere and 2 Shapes","floor":48,"turns":2},{"damage":46,"enemies":"Awakened One","floor":50,"turns":8}],"seed_played":"2249625146384291908","potions_obtained":[{"floor":4.0,"key":"AttackPotion"},{"floor":10.0,"key":"Poison Potion"},{"floor":11.0,"key":"SkillPotion"},{"floor":14.0,"key":"Regen Potion"},{"floor":18.0,"key":"Ancient Potion"},{"floor":40.0,"key":"Ancient Potion"},{"floor":42,"key":"Fire Potion"},{"floor":46,"key":"Fruit Juice"}],"is_trial":false,"path_per_floor":["M","?","$","M","M","R","M","R","T","E","M","?","R","M","R","B",null,"M","$","?","M","T","R","?","$","T","$","R","M","M","$","R","B",null,"M","?","T","$","M","E","R","E","T","?","?","M","M","M","R","B"],"character_chosen":"IRONCLAD","items_purchased":["Dead Branch","Regal Pillow","Heavy Blade","Flex+1","Warcry+1","Infernal Blade+1"],"campfire_rested":3,"item_purchase_floors":[3,19,19,27,31,38],"current_hp_per_floor":[63,56,56,48,54,54,60,60,60,56,53,53,53,62,62,22,62,35,35,35,20,20,57,57,57,57,57,57,38,16,16,53,13,60,50,41,41,41,32,23,60,66,66,66,66,72,76,77,77,37],"gold":195,"neow_bonus":"TWO_FIFTY_GOLD","is_prod":false,"is_daily":false,"chose_seed":false,"campfire_upgraded":6,"win_rate":0,"timestamp":1532642659,"path_taken":["M","?","$","?","M","R","M","R","T","E","M","?","R","M","R","BOSS","M","?","?","M","?","R","?","$","T","$","R","M","M","?","R","BOSS","M","?","?","?","?","E","R","E","T","?","?","M","M","M","R","BOSS"],"build_version":"2018-07-26","purchased_purges":3,"victory":true,"max_hp_per_floor":[72,72,72,72,72,72,72,72,72,72,72,72,72,75,75,75,75,75,75,75,75,75,75,75,75,75,75,75,75,75,75,75,75,75,75,75,75,75,75,75,75,75,75,75,75,75,80,80,80,80],"card_choices":[{"not_picked":["Headbutt","Sentinel"],"picked":"Corruption","floor":1.0},{"not_picked":["Carnage","Fire Breathing","Heavy Blade"],"picked":"SKIP","floor":4.0},{"not_picked":["Hemokinesis","Disarm"],"picked":"Infernal Blade","floor":5.0},{"not_picked":["Bloodletting","Anger"],"picked":"Shockwave","floor":7.0},{"not_picked":["Perfected Strike","Corruption","Anger"],"picked":"SKIP","floor":10.0},{"not_picked":["Double Tap","Thunderclap"],"picked":"Whirlwind","floor":11.0},{"not_picked":["Sword Boomerang","Reckless Charge","Clash"],"picked":"SKIP","floor":14.0},{"not_picked":["Limit Break","Demon Form"],"picked":"Double Tap","floor":16.0},{"not_picked":["Clash","Hemokinesis"],"picked":"Shrug It Off","floor":17.0},{"not_picked":["Twin Strike","Carnage"],"picked":"True Grit","floor":17.0},{"not_picked":["Hemokinesis","Evolve"],"picked":"Double Tap","floor":17.0},{"not_picked":["Evolve","Pommel Strike"],"picked":"Cleave","floor":17.0},{"not_picked":["Twin Strike","Headbutt"],"picked":"Havoc","floor":17.0},{"not_picked":["Burning Pact","Warcry"],"picked":"Flex","floor":18.0},{"not_picked":["Headbutt+1","Clash+1"],"picked":"Flex","floor":21.0},{"not_picked":["Whirlwind","Combust","Twin Strike"],"picked":"SKIP","floor":29.0},{"not_picked":["Sword Boomerang","Reckless Charge","Blood for Blood"],"picked":"SKIP","floor":30.0},{"not_picked":["Brutality","Demon Form"],"picked":"Dark Embrace","floor":33.0},{"not_picked":["Iron Wave","Warcry+1"],"picked":"Intimidate+1","floor":35.0},{"not_picked":["True Grit+1","Havoc+1"],"picked":"Burning Pact+1","floor":39.0},{"not_picked":["Havoc+1","Headbutt"],"picked":"Infernal Blade+1","floor":40.0},{"not_picked":["Clothesline+1","Metallicize","Iron Wave"],"picked":"SKIP","floor":42},{"not_picked":["Immolate","Wild Strike"],"picked":"Bloodletting+1","floor":46},{"not_picked":["Cleave+1","Flex+1"],"picked":"Warcry+1","floor":47},{"not_picked":["Whirlwind+1","Entrench+1"],"picked":"Second Wind+1","floor":48}],"player_experience":841981,"relics_obtained":[{"floor":9.0,"key":"Potion Belt"},{"floor":10.0,"key":"MawBank"},{"floor":22.0,"key":"Letter Opener"},{"floor":26.0,"key":"Toxic Egg 2"},{"floor":37.0,"key":"Smiling Mask"},{"floor":40.0,"key":"Unceasing Top"},{"floor":42,"key":"Paper Frog"},{"floor":43,"key":"Oddly Smooth Stone"}],"event_choices":[{"event_name":"Golden Wing","player_choice":"Card Removal","floor":2.0,"damage_taken":0.0},{"event_name":"Liars Game","player_choice":"disagreed","floor":12.0,"damage_taken":0.0},{"event_name":"Wheel of Change","player_choice":"Card Removal","floor":20.0,"damage_taken":0.0},{"event_name":"Beggar","player_choice":"Gave Gold","floor":24.0,"damage_taken":0.0},{"event_name":"Winding Halls","player_choice":"Embrace Madness","floor":36.0,"damage_taken":0.0},{"event_name":"Mysterious Sphere","player_choice":"Ignore","floor":44,"damage_taken":0},{"event_name":"Falling","player_choice":"Removed Attack","floor":45,"damage_taken":0}],"is_beta":true,"boss_relics":[{"not_picked":["Pandora\u0027s Box","Ectoplasm"],"picked":"Orrery"},{"not_picked":["Velvet Choker","Runic Dome"],"picked":"Astrolabe"}],"items_purged_floors":[19,25,38],"is_endless":false,"potions_floor_spawned":[4,10,11,14,18,40,42,46],"ascension_level":8}