{"gold_per_floor":[109,109,109,123,0,31,31,106,106,106,106,125,142,159,159,233,233,252,252,252,302,317,317,24,44,44,44,58,1,1],"floor_reached":30,"playtime":813,"items_purged":[],"score":506,"play_id":"f2f0d4d8-f4fb-44bd-8f99-ee2194052357","local_time":"20190313105917","is_ascension_mode":true,"campfire_choices":[{"data":"Terror","floor":7.0,"key":"SMITH"},{"data":"Neutralize","floor":10.0,"key":"SMITH"},{"floor":15.0,"key":"REST"},{"data":"Noxious Fumes","floor":23.0,"key":"SMITH"},{"floor":27.0,"key":"REST"}],"neow_cost":"NONE","seed_source_timestamp":580893592291894,"circlet_count":0,"master_deck":["AscendersBane","Defend_G","Defend_G","Defend_G","Defend_G","Defend_G","Strike_G","Strike_G","Strike_G","Strike_G","Survivor","Neutralize+1","Sucker Punch+1","Terror+1","Dash","Infinite Blades","Blade Dance","Backstab","Burst","Accuracy","Blade Dance","Noxious Fumes+1","Cloak And Dagger","Dash","Infinite Blades","Footwork","Dagger Spray","Blur"],"special_seed":0,"relics":["Ring of the Snake","NeowsBlessing","Lantern","Pear","Pocketwatch","Orrery","Bag of Marbles","Snake Skull","Art of War"],"potions_floor_usage":[30],"damage_taken":[{"damage":0.0,"enemies":"2 Louse","floor":1.0,"turns":1.0},{"damage":0.0,"enemies":"Jaw Worm","floor":4.0,"turns":1.0},{"damage":0.0,"enemies":"Gremlin Nob","floor":6.0,"turns":1.0},{"damage":0.0,"enemies":"Small Slimes","floor":12.0,"turns":2.0},{"damage":0.0,"enemies":"3 Louse","floor":13.0,"turns":3.0},{"damage":4.0,"enemies":"Blue Slaver","floor":14.0,"turns":3.0},{"damage":3.0,"enemies":"The Guardian","floor":16.0,"turns":12.0},{"damage":13.0,"enemies":"3 Byrds","floor":18.0,"turns":6.0},{"damage":14.0,"enemies":"Shell Parasite","floor":22.0,"turns":5.0},{"damage":21.0,"enemies":"Snake Plant","floor":25.0,"turns":5.0},{"damage":18.0,"enemies":"Snecko","floor":28.0,"turns":6.0},{"damage":26,"enemies":"Slavers","floor":30,"turns":3}],"seed_played":"6275429868159228541","potions_obtained":[{"floor":6.0,"key":"Block Potion"},{"floor":12.0,"key":"SteroidPotion"},{"floor":13.0,"key":"FearPotion"},{"floor":25.0,"key":"SkillPotion"}],"is_trial":false,"path_per_floor":["M","?","?","M","$","E","R","?","T","R","?","M","M","M","R","B",null,"M","?","?","T","M","R","$","M","T","R","M","$","E"],"character_chosen":"THE_SILENT","items_purchased":["Dash","Infinite Blades","Snake Skull","Footwork","Dagger Spray","Weak Potion"],"campfire_rested":2,"item_purchase_floors":[5,5,24,24,24,29],"current_hp_per_floor":[59,59,52,52,52,52,52,41,51,51,33,33,33,29,51,48,69,56,56,56,56,42,42,42,21,21,43,25,25,0],"gold":1,"neow_bonus":"THREE_ENEMY_KILL","is_prod":false,"is_daily":false,"chose_seed":false,"campfire_upgraded":3,"win_rate":0,"timestamp":1552471157,"path_taken":["M","?","?","M","$","E","R","?","T","R","?","M","M","M","R","BOSS","M","?","?","?","M","R","?","M","T","R","M","$","E"],"build_version":"2019-01-23","purchased_purges":0,"victory":false,"max_hp_per_floor":[66,66,66,66,66,66,66,66,76,76,76,76,76,76,76,76,76,76,76,76,76,76,76,76,76,76,76,76,76,76],"card_choices":[{"not_picked":["Deflect","Dodge and Roll"],"picked":"Sucker Punch","floor":1.0},{"not_picked":["Quick Slash","Bane"],"picked":"Terror","floor":4.0},{"not_picked":["Outmaneuver","PiercingWail"],"picked":"Blade Dance","floor":6.0},{"not_picked":["Dagger Throw","Deflect"],"picked":"Backstab","floor":12.0},{"not_picked":["Setup","Quick Slash","Endless Agony"],"picked":"SKIP","floor":13.0},{"not_picked":["Masterful Stab","Sucker Punch","Poisoned Stab"],"picked":"SKIP","floor":14.0},{"not_picked":["Wraith Form v2","Corpse Explosion"],"picked":"Burst","floor":16.0},{"not_picked":["Slice","Expertise"],"picked":"Accuracy","floor":17.0},{"not_picked":["Underhanded Strike","Poisoned Stab"],"picked":"Blade Dance","floor":17.0},{"not_picked":["Dodge and Roll","Reflex"],"picked":"Noxious Fumes","floor":17.0},{"not_picked":["Tactician","Dodge and Roll"],"picked":"Cloak And Dagger","floor":17.0},{"not_picked":["Dodge and Roll","Heel Hook"],"picked":"Dash","floor":17.0},{"not_picked":["Prepared","Outmaneuver","Flying Knee"],"picked":"SKIP","floor":18.0},{"not_picked":["Prepared","Eviscerate","Quick Slash"],"picked":"SKIP","floor":22.0},{"not_picked":["Dodge and Roll","Deadly Poison"],"picked":"Blur","floor":25.0},{"not_picked":["Night Terror","Tactician","Sucker Punch+1"],"picked":"SKIP","floor":28.0}],"player_experience":994486,"relics_obtained":[{"floor":6.0,"key":"Lantern"},{"floor":9.0,"key":"Pear"},{"floor":21.0,"key":"Bag of Marbles"},{"floor":26.0,"key":"Art of War"}],"event_choices":[{"damage_healed":0.0,"max_hp_gain":0.0,"max_hp_loss":0.0,"gold_gain":0.0,"event_name":"Living Wall","player_choice":"Grow","floor":2.0,"gold_loss":0.0,"damage_taken":0.0,"cards_upgraded":["Sucker Punch"]},{"cards_removed":["Strike_G"],"damage_healed":0.0,"max_hp_gain":0.0,"max_hp_loss":0.0,"gold_gain":0.0,"event_name":"Golden Wing","player_choice":"Card Removal","floor":3.0,"gold_loss":0.0,"damage_taken":7.0},{"damage_healed":0.0,"max_hp_gain":0.0,"max_hp_loss":0.0,"gold_gain":75.0,"event_name":"World of Goop","player_choice":"Gather Gold","floor":8.0,"gold_loss":0.0,"damage_taken":11.0},{"damage_healed":0.0,"max_hp_gain":0.0,"max_hp_loss":0.0,"gold_gain":0.0,"event_name":"Scrap Ooze","player_choice":"Success","floor":11.0,"gold_loss":0.0,"damage_taken":18.0,"relics_obtained":["Pocketwatch"]},{"damage_healed":0.0,"max_hp_gain":0.0,"max_hp_loss":0.0,"gold_gain":0.0,"event_name":"The Library","player_choice":"Read","floor":19.0,"gold_loss":0.0,"damage_taken":0.0,"cards_obtained":["Infinite Blades"]},{"damage_healed":0.0,"max_hp_gain":0.0,"max_hp_loss":0.0,"gold_gain":0.0,"event_name":"Vampires","player_choice":"Ignored","floor":20.0,"gold_loss":0.0,"damage_taken":0.0}],"is_beta":false,"boss_relics":[{"not_picked":["Runic Pyramid","Ring of the Serpent"],"picked":"Orrery"}],"items_purged_floors":[],"is_endless":false,"potions_floor_spawned":[6,12,13,14,25],"killed_by":"Slavers","ascension_level":20}