{"path_per_floor":["M","?","M","M","T","R","M","$","T","?","R","M","R","M","R","B",null,"M","M","?"],"character_chosen":"THE_SILENT","items_purchased":["PiercingWail"],"gold_per_floor":[112,112,123,142,142,142,162,62,362,362,362,375,375,389,389,491,491,474,492,407],"floor_reached":21,"campfire_rested":3,"playtime":1212,"current_hp_per_floor":[56,53,51,52,52,52,42,42,42,42,62,25,45,33,53,7,52,38,19,19],"items_purged":["Parasite"],"gold":407,"score":265,"play_id":"2af7112d-a7b9-4fb7-ba96-51b951a1d82f","local_time":"20180306113215","is_prod":false,"is_daily":false,"is_ascension_mode":true,"campfire_upgraded":1,"timestamp":1520346735,"path_taken":["M","?","?","M","?","R","M","$","T","?","R","M","R","M","R","BOSS","M","M","?","M"],"build_version":"2018-03-01-PROD1","purchased_purges":1,"victory":false,"master_deck":["Defend_G","Defend_G","Defend_G","Defend_G","Defend_G","Strike_G","Strike_G","Strike_G","Strike_G","Strike_G","Survivor","Neutralize","Deadly Poison","Catalyst+1","PiercingWail","Malaise","Burst"],"max_hp_per_floor":[70,70,70,70,70,70,70,67,67,67,67,67,67,67,67,67,67,67,67,67],"relics":["Ring of the Snake","Blood Vial","Gambling Chip","Old Coin","The Specimen","Prayer Wheel"],"card_choices":[{"not_picked":["Dodge and Roll","Poisoned Stab"],"picked":"Deadly Poison"},{"not_picked":["PiercingWail","Prepared"],"picked":"Catalyst"},{"not_picked":["Acrobatics","Predator"],"picked":"Malaise"},{"not_picked":["A Thousand Cuts","Doppelganger"],"picked":"Burst"}],"player_experience":486005,"potions_floor_usage":[16,18,21],"damage_taken":[{"damage":7,"enemies":"Small Slimes","floor":1,"turns":4},{"damage":4,"enemies":"Jaw Worm","floor":3,"turns":4},{"damage":1,"enemies":"2 Louse","floor":4,"turns":3},{"damage":12,"enemies":"Gremlin Gang","floor":7,"turns":6},{"damage":39,"enemies":"Exordium Thugs","floor":12,"turns":6},{"damage":14,"enemies":"Large Slime","floor":14,"turns":10},{"damage":48,"enemies":"Hexaghost","floor":16,"turns":14},{"damage":16,"enemies":"2 Thieves","floor":18,"turns":4},{"damage":21,"enemies":"3 Byrds","floor":19,"turns":6},{"damage":22,"enemies":"Snake Plant","floor":21,"turns":10}],"event_choices":[{"event_name":"Scrap Ooze","player_choice":"success","floor":2,"damage_taken":3},{"event_name":"Dead Adventurer","player_choice":"Searched \u00271\u0027 times","floor":10,"damage_taken":0},{"event_name":"Addict","player_choice":"Obtained Relic","floor":20,"damage_taken":0}],"boss_relics":[{"not_picked":["White Beast Statue","Cursed Key"],"picked":"The Specimen"}],"potions_floor_spawned":[12,14,16],"seed_played":"352676237663613906","killed_by":"Snake Plant","ascension_level":11,"is_trial":false}