{"gold_per_floor":[210,285,285,285,308,346,365,379,379,85,85,101,101,121,121,242,242,265,289,289,308,2,2,30,42,81,93,56,56],"floor_reached":29,"playtime":1946,"items_purged":["Strike_R"],"score":225,"play_id":"b02e8201-0b1f-4600-a3b3-5ae98111c3f3","local_time":"20190125135814","is_ascension_mode":false,"campfire_choices":[{"floor":15,"key":"REST"},{"floor":23,"key":"DIG"},{"floor":25,"key":"REST"},{"floor":27,"key":"REST"}],"neow_cost":"NONE","seed_source_timestamp":156710036836298,"circlet_count":0,"master_deck":["Strike_R+1","Strike_R+1","Strike_R+1","Strike_R+1","Defend_R+1","Defend_R+1","Defend_R+1","Bash","Infernal Blade","Twin Strike","Impervious","Flex","Exhume","Metallicize","Disarm","Cleave","Juggernaut","Twin Strike+1","Pommel Strike","Shrug It Off","Seeing Red","Thunderclap"],"relics":["Burning Blood","Golden Idol","Dodecahedron","Letter Opener","Regal Pillow","Black Star","Shovel","MawBank","Bag of Marbles"],"potions_floor_usage":[6,16,21,24],"damage_taken":[{"damage":2,"enemies":"Small Slimes","floor":1,"turns":5},{"damage":3,"enemies":"Jaw Worm","floor":5,"turns":3},{"damage":18,"enemies":"Gremlin Nob","floor":6,"turns":4},{"damage":1,"enemies":"2 Louse","floor":7,"turns":3},{"damage":10,"enemies":"Looter","floor":8,"turns":3},{"damage":25,"enemies":"Lots of Slimes","floor":12,"turns":5},{"damage":2,"enemies":"Blue Slaver","floor":14,"turns":4},{"damage":50,"enemies":"The Guardian","floor":16,"turns":12},{"damage":20,"enemies":"Spheric Guardian","floor":18,"turns":5},{"damage":19,"enemies":"3 Byrds","floor":19,"turns":5},{"damage":16,"enemies":"Snecko","floor":21,"turns":7},{"damage":27,"enemies":"Cultist and Chosen","floor":24,"turns":8},{"damage":86,"enemies":"Gremlin Leader","floor":29,"turns":7}],"seed_played":"-7007677943009315591","potions_obtained":[{"floor":1,"key":"PowerPotion"},{"floor":5,"key":"Ancient Potion"},{"floor":14,"key":"Regen Potion"},{"floor":21,"key":"EssenceOfSteel"},{"floor":24,"key":"Fruit Juice"}],"is_trial":false,"path_per_floor":["M","?","?","$","M","E","M","M","T","$","?","M","$","M","R","B",null,"M","M","?","M","$","R","M","R","T","R","$","E"],"character_chosen":"IRONCLAD","items_purchased":["Metallicize","Regal Pillow","Shovel","Thunderclap"],"campfire_rested":3,"item_purchase_floors":[10,10,22,28],"current_hp_per_floor":[80,69,49,49,52,40,45,41,41,41,34,15,15,19,58,29,80,66,53,53,43,43,43,27,67,67,85,85,0],"gold":56,"neow_bonus":"HUNDRED_GOLD","is_prod":false,"is_daily":false,"chose_seed":false,"campfire_upgraded":0,"win_rate":0.0,"timestamp":1548446294,"path_taken":["M","?","?","$","M","E","M","M","T","$","?","M","?","?","R","BOSS","M","M","?","M","$","R","M","R","T","R","$","E"],"build_version":"2019-01-23","purchased_purges":1,"victory":false,"max_hp_per_floor":[80,80,80,80,80,80,80,80,80,80,80,80,80,80,80,80,80,80,80,80,80,80,80,85,85,85,85,85,85],"card_choices":[{"not_picked":["Pummel","Perfected Strike"],"picked":"Infernal Blade","floor":1},{"not_picked":["Heavy Blade","Havoc"],"picked":"Twin Strike","floor":5},{"not_picked":["Body Slam","Perfected Strike"],"picked":"Impervious","floor":6},{"not_picked":["Intimidate","Anger"],"picked":"Flex","floor":7},{"not_picked":["Warcry","Power Through"],"picked":"Exhume","floor":8},{"not_picked":["Blood for Blood","True Grit"],"picked":"Disarm","floor":12},{"not_picked":["Dropkick","Iron Wave"],"picked":"Cleave","floor":14},{"not_picked":["Impervious","Bludgeon"],"picked":"Juggernaut","floor":16},{"not_picked":["Combust","Pummel+1"],"picked":"Twin Strike+1","floor":18},{"not_picked":["Pummel","Fire Breathing"],"picked":"Pommel Strike","floor":19},{"not_picked":["Dropkick","Warcry"],"picked":"Shrug It Off","floor":21},{"not_picked":["Headbutt","Twin Strike"],"picked":"Seeing Red","floor":24}],"player_experience":81610,"relics_obtained":[{"floor":6,"key":"Dodecahedron"},{"floor":9,"key":"Letter Opener"},{"floor":23,"key":"MawBank"},{"floor":26,"key":"Bag of Marbles"}],"event_choices":[{"damage_healed":0,"gold_gain":75,"player_choice":"Gather Gold","damage_taken":11,"max_hp_gain":0,"max_hp_loss":0,"event_name":"World of Goop","floor":2,"gold_loss":0},{"damage_healed":0,"gold_gain":0,"player_choice":"Take Damage","damage_taken":20,"relics_obtained":["Golden Idol"],"max_hp_gain":0,"max_hp_loss":0,"event_name":"Golden Idol","floor":3,"gold_loss":0},{"cards_removed":["Defend_R"],"damage_healed":0,"gold_gain":0,"player_choice":"Card Removal","damage_taken":7,"max_hp_gain":0,"max_hp_loss":0,"event_name":"Golden Wing","floor":11,"gold_loss":0},{"damage_healed":0,"gold_gain":0,"player_choice":"Simplicity","damage_taken":0,"max_hp_gain":0,"max_hp_loss":0,"event_name":"Back to Basics","floor":20,"gold_loss":0,"cards_upgraded":["Strike_R","Strike_R","Strike_R","Strike_R","Defend_R","Defend_R","Defend_R"]}],"is_beta":false,"boss_relics":[{"not_picked":["Coffee Dripper","Busted Crown"],"picked":"Black Star"}],"items_purged_floors":[10],"is_endless":false,"potions_floor_spawned":[1,5,14,21,24],"killed_by":"Gremlin Leader","ascension_level":0}