{"path_per_floor":["M","M","M","?","$","R","M","M","T","?","M","M","R","M","R","B",null,"M","?","M","M","M","R","$","M","T","M","$","R","?","M","R"],"character_chosen":"IRONCLAD","items_purchased":["Dual Wield"],"gold_per_floor":[213,232,245,245,97,97,113,133,133,133,145,159,159,169,169,273,273,273,273,273,273,273,273,173,173,173,173,48,48,48,48,48],"floor_reached":33,"campfire_rested":1,"playtime":925,"current_hp_per_floor":[80,80,75,80,80,80,85,85,85,60,63,57,57,62,62,25,85,77,77,69,43,39,39,39,41,41,43,43,43,43,39,64],"items_purged":["Defend_R","Defend_R","Defend_R"],"gold":48,"score":245,"play_id":"38976248-cd38-4b62-8a30-69e779eacd80","local_time":"20180317145758","is_prod":false,"is_daily":false,"is_ascension_mode":false,"campfire_upgraded":5,"timestamp":1521309478,"path_taken":["M","M","M","?","$","R","M","M","T","?","M","M","R","M","R","BOSS","M","?","?","M","M","R","$","M","T","M","$","R","?","M","R","BOSS"],"build_version":"2018-03-15v2","purchased_purges":3,"victory":false,"master_deck":["Strike_R","Strike_R","Strike_R","Strike_R","Strike_R","Defend_R","Bash","Clash","Flex+1","Dual Wield+1","Rage+1","Rampage+1","Flex","Offering+1","Sever Soul+1","Inflame"],"max_hp_per_floor":[80,80,80,85,85,85,85,85,85,85,85,85,85,85,85,85,85,85,85,85,85,85,85,85,85,85,85,85,85,85,85,85],"relics":["Burning Blood","Bag of Preparation","Art of War","Ectoplasm","Gambling Chip"],"card_choices":[{"not_picked":["Heavy Blade","Iron Wave"],"picked":"Clash"},{"not_picked":["True Grit","Pummel"],"picked":"Flex"},{"not_picked":["Clothesline","Metallicize"],"picked":"Rage"},{"not_picked":["Sever Soul","Shockwave"],"picked":"Rampage"},{"not_picked":["Sentinel","Pummel"],"picked":"Flex"},{"not_picked":["Reaper","Exhume"],"picked":"Offering"},{"not_picked":["Body Slam","Feel No Pain"],"picked":"Sever Soul"},{"not_picked":["Fire Breathing","Thunderclap"],"picked":"Inflame"}],"player_experience":581508,"potions_floor_usage":[7,12,21,33,33,33],"damage_taken":[{"damage":5,"enemies":"Small Slimes","floor":1,"turns":4},{"damage":5,"enemies":"2 Louse","floor":2,"turns":3},{"damage":11,"enemies":"Jaw Worm","floor":3,"turns":2},{"damage":0,"enemies":"2 Fungi Beasts","floor":7,"turns":1},{"damage":0,"enemies":"Large Slime","floor":8,"turns":4},{"damage":3,"enemies":"Exordium Thugs","floor":11,"turns":3},{"damage":12,"enemies":"Gremlin Gang","floor":12,"turns":3},{"damage":1,"enemies":"2 Fungi Beasts","floor":14,"turns":2},{"damage":43,"enemies":"Slime Boss","floor":16,"turns":8},{"damage":14,"enemies":"Spheric Guardian","floor":18,"turns":3},{"damage":14,"enemies":"Shell Parasite","floor":20,"turns":3},{"damage":32,"enemies":"Cultist and Chosen","floor":21,"turns":7},{"damage":10,"enemies":"3 Cultists","floor":22,"turns":4},{"damage":4,"enemies":"Centurion and Healer","floor":25,"turns":3},{"damage":4,"enemies":"Chosen and Byrds","floor":27,"turns":3},{"damage":10,"enemies":"3 Cultists","floor":31,"turns":3},{"damage":85,"enemies":"Automaton","floor":33,"turns":6}],"event_choices":[{"event_name":"Big Fish","player_choice":"Donut","floor":4,"damage_taken":0},{"event_name":"Scrap Ooze","player_choice":"success","floor":10,"damage_taken":25},{"event_name":"Golden Shrine","player_choice":"Skipped","floor":19,"damage_taken":0},{"event_name":"Addict","player_choice":"Ignored","floor":30,"damage_taken":0}],"boss_relics":[{"not_picked":["Astrolabe","Mark of Pain"],"picked":"Ectoplasm"}],"potions_floor_spawned":[3,7,11,16,20,21,22,25,27],"seed_played":"-6149388946858814901","killed_by":"Automaton","ascension_level":0,"is_trial":false}