{"gold_per_floor":[119,133,133,144,144,170,170,199,199,234,10,10,37,53,53,148,148,118],"floor_reached":18,"playtime":635,"items_purged":[],"score":197,"play_id":"c503a8fa-b365-4d96-a87f-020bb07ffb2f","local_time":"20190214095004","is_ascension_mode":true,"campfire_choices":[{"data":"Perfected Strike","floor":7,"key":"SMITH"},{"floor":12,"key":"REST"},{"floor":15,"key":"REST"}],"neow_cost":"NONE","seed_source_timestamp":36629132897272,"circlet_count":0,"master_deck":["Strike_R","Strike_R","Defend_R","Defend_R","Defend_R","Defend_R","Bash","Headbutt","Clothesline","Pommel Strike","Ghostly Armor","Spot Weakness","Whirlwind","Rampage"],"relics":["Burning Blood","NeowsBlessing","Shuriken","Kunai","Singing Bowl","Bird Faced Urn","Oddly Smooth Stone","Du-Vu Doll","Empty Cage"],"potions_floor_usage":[8,16,16,16],"damage_taken":[{"damage":0,"enemies":"Small Slimes","floor":1,"turns":1},{"damage":0,"enemies":"Cultist","floor":2,"turns":1},{"damage":0,"enemies":"Jaw Worm","floor":4,"turns":1},{"damage":49,"enemies":"Lagavulin","floor":6,"turns":6},{"damage":20,"enemies":"Gremlin Nob","floor":8,"turns":4},{"damage":27,"enemies":"3 Sentries","floor":10,"turns":8},{"damage":14,"enemies":"Gremlin Nob","floor":13,"turns":3},{"damage":12,"enemies":"Exordium Wildlife","floor":14,"turns":3},{"damage":45,"enemies":"The Guardian","floor":16,"turns":10},{"damage":20,"enemies":"2 Thieves","floor":18,"turns":2}],"seed_played":"-7674730784004775019","potions_obtained":[{"floor":6,"key":"Regen Potion"},{"floor":13,"key":"Energy Potion"},{"floor":14,"key":"Poison Potion"}],"is_trial":false,"path_per_floor":["M","M","?","M","?","E","R","E","T","E","$","R","E","M","R","B",null,"M"],"character_chosen":"IRONCLAD","items_purchased":["Regen Potion","Oddly Smooth Stone"],"campfire_rested":2,"item_purchase_floors":[11,11],"current_hp_per_floor":[80,80,80,80,73,30,30,28,28,7,7,31,23,17,41,19,82,62],"gold":118,"neow_bonus":"THREE_ENEMY_KILL","is_prod":false,"is_daily":false,"chose_seed":false,"campfire_upgraded":1,"win_rate":0,"timestamp":1550159404,"path_taken":["M","M","?","?","?","E","R","E","T","E","$","R","E","M","R","BOSS","M"],"build_version":"2019-01-23","purchased_purges":0,"victory":false,"max_hp_per_floor":[80,80,80,80,80,80,80,80,80,80,80,80,80,80,80,82,82,82],"card_choices":[{"not_picked":["Anger","Clothesline"],"picked":"Headbutt","floor":1},{"not_picked":["Wild Strike","Thunderclap"],"picked":"Clothesline","floor":2},{"not_picked":["Sword Boomerang","Feel No Pain"],"picked":"Pommel Strike","floor":4},{"not_picked":["Clash","Headbutt"],"picked":"Perfected Strike","floor":6},{"not_picked":["Barricade","Corruption"],"picked":"Ghostly Armor","floor":8},{"not_picked":["Body Slam","Thunderclap"],"picked":"Spot Weakness","floor":10},{"not_picked":["Thunderclap","Sword Boomerang"],"picked":"Whirlwind","floor":13},{"not_picked":["Sword Boomerang","Seeing Red"],"picked":"Rampage","floor":14},{"not_picked":["Brutality","Bludgeon","Immolate"],"picked":"Singing Bowl","floor":16}],"player_experience":165767,"relics_obtained":[{"floor":6,"key":"Shuriken"},{"floor":8,"key":"Kunai"},{"floor":9,"key":"Singing Bowl"},{"floor":10,"key":"Bird Faced Urn"},{"floor":13,"key":"Du-Vu Doll"}],"event_choices":[{"cards_removed":["Strike_R"],"damage_healed":0,"gold_gain":0,"player_choice":"Purged","damage_taken":0,"max_hp_gain":0,"max_hp_loss":0,"event_name":"Purifier","floor":3,"gold_loss":0},{"cards_removed":["Strike_R"],"damage_healed":0,"gold_gain":0,"player_choice":"Card Removal","damage_taken":7,"max_hp_gain":0,"max_hp_loss":0,"event_name":"Golden Wing","floor":5,"gold_loss":0}],"is_beta":false,"boss_relics":[{"not_picked":["Velvet Choker","Sozu"],"picked":"Empty Cage"}],"items_purged_floors":[],"is_endless":false,"potions_floor_spawned":[6,13,14],"killed_by":"2 Thieves","ascension_level":1}