{"gold_per_floor":[112,112,37,50,50,50,94,94,94,94,94,94,115,151,151,281,281,304,122,141,166,166,166,200,200,200,232,264,264,139,152,152,250,250,267,279,129,129,229,254,60,60,83,113,164,164,184,15,15,15,15,15,15,45,45],"floor_reached":55,"playtime":2075,"items_purged":["Strike_B","Strike_B","Defend_B","Strike_B"],"score":1053,"play_id":"2cb054c1-5e72-41da-8a22-1145c00dcf3d","local_time":"20190121010448","is_ascension_mode":true,"campfire_choices":[{"data":"Creative AI","floor":6,"key":"SMITH"},{"data":"Glacier","floor":8,"key":"SMITH"},{"data":"Zap","floor":10,"key":"SMITH"},{"data":"Sweeping Beam","floor":12,"key":"SMITH"},{"floor":15,"key":"REST"},{"data":"Defragment","floor":23,"key":"SMITH"},{"data":"Storm","floor":25,"key":"SMITH"},{"data":"Defragment","floor":32,"key":"SMITH"},{"floor":42,"key":"RECALL"},{"floor":49,"key":"REST"},{"floor":52,"key":"REST"}],"neow_cost":"NONE","seed_source_timestamp":46017486954853,"circlet_count":0,"master_deck":["Defend_B","Defend_B","Zap+1","Dualcast","Creative AI+1","Cold Snap","Sweeping Beam+1","Glacier+1","FTL","Defragment+1","Reboot","Coolheaded","Storm+1","Loop+1","Consume+1","Defragment+1","Electrodynamics","Machine Learning","Self Repair+1","Secret Technique","Darkness+1","Glacier+1","Panache","Amplify"],"relics":["Cracked Core","Bloody Idol","Symbiotic Virus","Mercury Hourglass","Bottled Flame","Pen Nib","Runic Dome","Letter Opener","WingedGreaves","Blood Vial","Du-Vu Doll","Fusion Hammer","FossilizedHelix","Bag of Preparation","OrangePellets","Prayer Wheel","StoneCalendar","Boot"],"potions_floor_usage":[7,7,16,24,28,36,55,55,55],"damage_taken":[{"damage":4,"enemies":"Jaw Worm","floor":1,"turns":3},{"damage":3,"enemies":"Small Slimes","floor":4,"turns":3},{"damage":29,"enemies":"3 Sentries","floor":7,"turns":9},{"damage":0,"enemies":"2 Louse","floor":13,"turns":1},{"damage":10,"enemies":"Gremlin Nob","floor":14,"turns":3},{"damage":0,"enemies":"Hexaghost","floor":16,"turns":8},{"damage":3,"enemies":"Spheric Guardian","floor":18,"turns":3},{"damage":4,"enemies":"Chosen","floor":20,"turns":4},{"damage":10,"enemies":"3 Cultists","floor":21,"turns":3},{"damage":14,"enemies":"Book of Stabbing","floor":24,"turns":4},{"damage":8,"enemies":"Gremlin Leader","floor":27,"turns":5},{"damage":13,"enemies":"Book of Stabbing","floor":28,"turns":5},{"damage":2,"enemies":"Snecko","floor":31,"turns":3},{"damage":16,"enemies":"Automaton","floor":33,"turns":7},{"damage":0,"enemies":"Orb Walker","floor":35,"turns":3},{"damage":4,"enemies":"3 Shapes","floor":36,"turns":3},{"damage":0,"enemies":"Mind Bloom Boss Battle","floor":39,"turns":5},{"damage":21,"enemies":"Nemesis","floor":40,"turns":5},{"damage":0,"enemies":"Reptomancer","floor":44,"turns":4},{"damage":13,"enemies":"2 Orb Walkers","floor":45,"turns":4},{"damage":0,"enemies":"Spire Growth","floor":47,"turns":3},{"damage":35,"enemies":"Donu and Deca","floor":50,"turns":4},{"damage":45,"enemies":"Shield and Spear","floor":54,"turns":4},{"damage":43,"enemies":"The Heart","floor":55,"turns":5}],"seed_played":"1334098577967221772","potions_obtained":[{"floor":1,"key":"FocusPotion"},{"floor":4,"key":"GamblersBrew"},{"floor":14,"key":"PowerPotion"},{"floor":21,"key":"AttackPotion"},{"floor":27,"key":"Regen Potion"},{"floor":31,"key":"Swift Potion"},{"floor":36,"key":"Fruit Juice"},{"floor":44,"key":"Fire Potion"},{"floor":47,"key":"SpeedPotion"}],"is_trial":false,"path_per_floor":["M","?","$","M","?","R","E","R","T","R","T","R","M","E","R","B",null,"M","$","M","M","?","R","E","R","T","E","E","?","$","M","R","B",null,"M","M","$","?","?","E","$","R","T","E","?","?","M","$","R","B",null,"R","$","E","B"],"character_chosen":"DEFECT","items_purchased":["Storm","OrangePellets","Panache"],"campfire_rested":3,"item_purchase_floors":[19,41,48],"current_hp_per_floor":[64,64,64,61,54,54,25,25,25,25,25,25,25,15,35,35,61,58,58,54,44,44,44,35,35,35,32,40,40,40,45,45,46,63,69,74,74,69,74,68,68,68,73,74,74,70,70,70,70,45,64,70,70,40,0],"gold":45,"neow_bonus":"ONE_RANDOM_RARE_CARD","is_prod":false,"is_daily":false,"chose_seed":false,"campfire_upgraded":7,"win_rate":0,"timestamp":1548039888,"path_taken":["M","?","$","M","?","R","E","R","T","R","?","R","M","E","R","BOSS","M","$","M","M","?","R","E","R","T","E","E","?","$","?","R","BOSS","M","M","$","?","?","E","$","R","T","E","?","?","M","$","R","BOSS","R","$","E","BOSS"],"build_version":"2019-01-19","purchased_purges":4,"victory":false,"max_hp_per_floor":[75,69,69,69,69,69,69,69,69,69,69,69,69,69,69,69,69,69,69,69,69,69,69,69,69,69,69,69,69,69,69,69,69,69,69,74,74,74,74,74,74,74,74,74,74,70,70,70,70,70,70,70,70,70,70],"card_choices":[{"not_picked":["Chaos","Compile Driver"],"picked":"Cold Snap","floor":1},{"not_picked":["Steam","Leap"],"picked":"Sweeping Beam","floor":4},{"not_picked":["Skim","Leap"],"picked":"Glacier","floor":7},{"not_picked":["Coolheaded","Streamline"],"picked":"FTL","floor":13},{"not_picked":["Heatsinks","Meteor Strike"],"picked":"Defragment","floor":14},{"not_picked":["All For One","Meteor Strike"],"picked":"Reboot","floor":16},{"not_picked":["Cold Snap","Steam Power"],"picked":"Coolheaded","floor":18},{"not_picked":["Glacier+1","Barrage"],"picked":"Loop+1","floor":20},{"not_picked":["FTL+1","Hologram"],"picked":"Consume+1","floor":21},{"not_picked":["Ball Lightning","Storm"],"picked":"Defragment","floor":24},{"not_picked":["Go for the Eyes","Cold Snap","Lockon+1"],"picked":"SKIP","floor":27},{"not_picked":["Sweeping Beam","Sunder"],"picked":"Electrodynamics","floor":28},{"not_picked":["Double Energy","Compile Driver"],"picked":"Self Repair+1","floor":31},{"not_picked":["Streamline","Redo+1","Beam Cell+1"],"picked":"SKIP","floor":35},{"not_picked":["Undo","Reinforced Body","Turbo"],"picked":"SKIP","floor":36},{"not_picked":["Master of Strategy","The Bomb"],"picked":"Secret Technique","floor":38},{"not_picked":["Reinforced Body+1","Ball Lightning","Barrage"],"picked":"SKIP","floor":40},{"not_picked":["Redo+1","Scrape"],"picked":"Darkness+1","floor":44},{"not_picked":["Compile Driver+1","Turbo+1"],"picked":"Glacier+1","floor":47},{"not_picked":["Sweeping Beam","Hello World+1","Barrage"],"picked":"SKIP","floor":47},{"not_picked":["Recycle+1","Aggregate"],"picked":"Amplify","floor":54}],"player_experience":926616,"relics_obtained":[{"floor":7,"key":"Symbiotic Virus"},{"floor":9,"key":"Mercury Hourglass"},{"floor":11,"key":"Bottled Flame"},{"floor":14,"key":"Pen Nib"},{"floor":24,"key":"Letter Opener"},{"floor":26,"key":"WingedGreaves"},{"floor":27,"key":"Blood Vial"},{"floor":28,"key":"Du-Vu Doll"},{"floor":39,"key":"FossilizedHelix"},{"floor":40,"key":"Bag of Preparation"},{"floor":44,"key":"Prayer Wheel"},{"floor":45,"key":"StoneCalendar"},{"floor":54,"key":"Boot"}],"event_choices":[{"damage_healed":0,"gold_gain":0,"player_choice":"Lose Max HP","damage_taken":0,"relics_obtained":["Golden Idol"],"max_hp_gain":0,"max_hp_loss":6,"event_name":"Golden Idol","floor":2,"gold_loss":0},{"cards_removed":["Strike_B"],"damage_healed":0,"gold_gain":0,"player_choice":"Card Removal","damage_taken":7,"max_hp_gain":0,"max_hp_loss":0,"event_name":"Golden Wing","floor":5,"gold_loss":0},{"damage_healed":0,"gold_gain":0,"player_choice":"Gave Idol","damage_taken":0,"relics_obtained":["Bloody Idol"],"max_hp_gain":0,"max_hp_loss":0,"event_name":"Forgotten Altar","floor":22,"relics_lost":["Golden Idol"],"gold_loss":0},{"damage_healed":0,"gold_gain":0,"cards_transformed":["Defend_B"],"player_choice":"Transformed","damage_taken":0,"max_hp_gain":0,"max_hp_loss":0,"event_name":"Transmorgrifier","floor":29,"gold_loss":0,"cards_obtained":["Machine Learning"]},{"damage_healed":0,"gold_gain":0,"player_choice":"Memory 2","damage_taken":5,"max_hp_gain":0,"max_hp_loss":0,"event_name":"SensoryStone","floor":38,"gold_loss":0},{"damage_healed":0,"gold_gain":0,"player_choice":"Fight","damage_taken":0,"max_hp_gain":0,"max_hp_loss":0,"event_name":"MindBloom","floor":39,"gold_loss":0},{"damage_healed":0,"gold_gain":0,"player_choice":"Fight","damage_taken":0,"max_hp_gain":0,"max_hp_loss":0,"event_name":"Mysterious Sphere","floor":45,"gold_loss":0},{"damage_healed":0,"gold_gain":0,"player_choice":"Max HP","damage_taken":0,"max_hp_gain":0,"max_hp_loss":4,"event_name":"Winding Halls","floor":46,"gold_loss":0}],"is_beta":true,"boss_relics":[{"not_picked":["Pandora\u0027s Box","Runic Pyramid"],"picked":"Runic Dome"},{"not_picked":["Eternal Feather","Empty Cage"],"picked":"Fusion Hammer"}],"items_purged_floors":[3,19,30,37],"is_endless":false,"potions_floor_spawned":[1,4,14,21,27,31,36,44,47],"killed_by":"The Heart","ascension_level":6}