{"gold_per_floor":[111,186,205,205,218,250,250,280,306,325,337,350,350],"floor_reached":13,"playtime":845,"items_purged":[],"score":107,"play_id":"9c682722-2667-43b3-9831-412580d522b0","local_time":"20190217173532","is_ascension_mode":true,"campfire_choices":[{"floor":7,"key":"RECALL"}],"neow_cost":"NONE","seed_source_timestamp":863280740569875,"circlet_count":0,"master_deck":["Strike_R","Strike_R","Strike_R","Strike_R","Strike_R","Defend_R","Defend_R","Defend_R","Defend_R+1","Bash","Ghostly Armor","Rage+1","Shrug It Off","Warcry","Warcry","Iron Wave"],"relics":["Burning Blood","PreservedInsect","Regal Pillow","War Paint"],"potions_floor_usage":[10],"damage_taken":[{"damage":6,"enemies":"Jaw Worm","floor":1,"turns":4},{"damage":9,"enemies":"2 Louse","floor":3,"turns":2},{"damage":1,"enemies":"Cultist","floor":5,"turns":4},{"damage":17,"enemies":"Gremlin Nob","floor":6,"turns":4},{"damage":37,"enemies":"3 Sentries","floor":8,"turns":13},{"damage":29,"enemies":"Gremlin Gang","floor":10,"turns":8},{"damage":4,"enemies":"3 Louse","floor":11,"turns":7},{"damage":3,"enemies":"2 Fungi Beasts","floor":12,"turns":6},{"damage":21,"enemies":"Lagavulin","floor":13,"turns":10}],"seed_played":"-255786049268474254","potions_obtained":[{"floor":5,"key":"Energy Potion"},{"floor":6,"key":"Weak Potion"},{"floor":10,"key":"LiquidBronze"},{"floor":11,"key":"LiquidBronze"}],"is_trial":false,"path_per_floor":["M","?","M","?","M","E","R","E","T","M","M","M","E"],"character_chosen":"IRONCLAD","items_purchased":[],"campfire_rested":0,"item_purchase_floors":[],"current_hp_per_floor":[80,69,66,80,80,69,69,38,38,15,17,20,0],"gold":350,"neow_bonus":"RANDOM_COMMON_RELIC","is_prod":false,"is_daily":false,"chose_seed":false,"campfire_upgraded":0,"win_rate":0,"timestamp":1550442932,"path_taken":["M","?","M","?","M","E","R","E","T","M","?","M","E"],"build_version":"2019-01-23","purchased_purges":0,"victory":false,"max_hp_per_floor":[80,80,80,80,80,80,80,80,80,80,80,80,80],"card_choices":[{"not_picked":["Twin Strike","Heavy Blade","True Grit"],"picked":"SKIP","floor":1},{"not_picked":["Sword Boomerang","Havoc"],"picked":"Ghostly Armor","floor":3},{"not_picked":["Body Slam","Flex"],"picked":"Rage","floor":5},{"not_picked":["Dual Wield","Fire Breathing"],"picked":"Shrug It Off","floor":6},{"not_picked":["Infernal Blade","Perfected Strike"],"picked":"Warcry","floor":8},{"not_picked":["Body Slam","Entrench"],"picked":"Warcry","floor":10},{"not_picked":["Flex","Anger","True Grit"],"picked":"SKIP","floor":11},{"not_picked":["Infernal Blade","Berserk"],"picked":"Iron Wave","floor":12}],"player_experience":129301,"relics_obtained":[{"floor":6,"key":"Regal Pillow"},{"floor":8,"key":"War Paint"}],"event_choices":[{"damage_healed":0,"gold_gain":75,"player_choice":"Gather Gold","damage_taken":11,"max_hp_gain":0,"max_hp_loss":0,"event_name":"World of Goop","floor":2,"gold_loss":0},{"damage_healed":14,"gold_gain":0,"player_choice":"Full Heal","damage_taken":0,"max_hp_gain":0,"max_hp_loss":0,"event_name":"Wheel of Change","floor":4,"gold_loss":0}],"is_beta":false,"boss_relics":[],"items_purged_floors":[],"is_endless":false,"potions_floor_spawned":[5,6,10,11,12],"killed_by":"Lagavulin","ascension_level":2}