{"gold_per_floor":[111,36,36,52,52,52,52,92,92,117,140,140,153,1,1,1],"floor_reached":16,"playtime":464,"items_purged":["Strike_G"],"score":219,"play_id":"792a684a-90b7-4132-9935-9ea48fe3e0b2","local_time":"20190118165710","is_ascension_mode":true,"campfire_choices":[{"data":"Finisher","floor":6,"key":"SMITH"},{"floor":15,"key":"REST"}],"neow_cost":"NONE","seed_source_timestamp":24614272696213,"circlet_count":0,"master_deck":["AscendersBane","Defend_G","Defend_G","Defend_G","Defend_G","Defend_G","Strike_G","Strike_G","Strike_G","Survivor","Neutralize+1","Dagger Throw","Finisher+1","Sucker Punch","Cloak And Dagger","Footwork","PiercingWail","Dash","Well Laid Plans"],"relics":["Ring of the Snake","NeowsBlessing","Golden Idol","Bag of Marbles","Thread and Needle"],"potions_floor_usage":[11,16],"damage_taken":[{"damage":0,"enemies":"Cultist","floor":1,"turns":1},{"damage":0,"enemies":"2 Louse","floor":4,"turns":1},{"damage":0,"enemies":"3 Sentries","floor":8,"turns":1},{"damage":6,"enemies":"Small Slimes","floor":10,"turns":2},{"damage":10,"enemies":"Exordium Thugs","floor":11,"turns":7},{"damage":0,"enemies":"Looter","floor":13,"turns":3},{"damage":19,"enemies":"Slime Boss","floor":16,"turns":10}],"seed_played":"1235218505640998003","potions_obtained":[{"floor":10,"key":"SpeedPotion"},{"floor":13,"key":"AttackPotion"}],"is_trial":false,"path_per_floor":["M","$","?","M","?","R","?","E","T","M","M","?","M","$","R","B"],"character_chosen":"THE_SILENT","items_purchased":["Finisher","Well Laid Plans"],"campfire_rested":1,"item_purchase_floors":[2,14],"current_hp_per_floor":[59,59,36,36,36,36,29,29,29,23,13,13,13,13,32,13],"gold":1,"neow_bonus":"THREE_ENEMY_KILL","is_prod":false,"is_daily":false,"chose_seed":false,"campfire_upgraded":1,"win_rate":0,"timestamp":1547837830,"path_taken":["M","?","?","M","?","R","?","E","T","?","M","?","M","$","R","BOSS"],"build_version":"2019-01-16","purchased_purges":1,"victory":false,"max_hp_per_floor":[66,66,66,66,66,66,66,66,66,66,66,66,66,66,66,66],"card_choices":[{"not_picked":["Bane","Backflip"],"picked":"Dagger Throw","floor":1},{"not_picked":["Prepared","Acrobatics"],"picked":"Sucker Punch","floor":4},{"not_picked":["Catalyst","Backflip"],"picked":"Cloak And Dagger","floor":8},{"not_picked":["Riddle With Holes","Corpse Explosion"],"picked":"Footwork","floor":10},{"not_picked":["Deadly Poison","Choke"],"picked":"PiercingWail","floor":11},{"not_picked":["Calculated Gamble","Backflip"],"picked":"Dash","floor":13}],"player_experience":912057,"relics_obtained":[{"floor":8,"key":"Bag of Marbles"},{"floor":9,"key":"Thread and Needle"}],"event_choices":[{"damage_healed":0,"gold_gain":0,"player_choice":"Take Damage","damage_taken":23,"relics_obtained":["Golden Idol"],"max_hp_gain":0,"max_hp_loss":0,"event_name":"Golden Idol","floor":3,"gold_loss":0},{"damage_healed":0,"gold_gain":0,"player_choice":"Grow","damage_taken":0,"max_hp_gain":0,"max_hp_loss":0,"event_name":"Living Wall","floor":5,"gold_loss":0,"cards_upgraded":["Neutralize"]},{"cards_removed":["Strike_G"],"damage_healed":0,"gold_gain":0,"player_choice":"Card Removal","damage_taken":7,"max_hp_gain":0,"max_hp_loss":0,"event_name":"Golden Wing","floor":7,"gold_loss":0},{"damage_healed":0,"gold_gain":0,"player_choice":"Ignored","damage_taken":0,"max_hp_gain":0,"max_hp_loss":0,"event_name":"Shining Light","floor":12,"gold_loss":0}],"is_beta":true,"boss_relics":[],"items_purged_floors":[14],"is_endless":false,"potions_floor_spawned":[10,13],"killed_by":"Slime Boss","ascension_level":15}