{"path_per_floor":["M","?","$","M","M","R","M","?","T","R","M","?","R","M","R","B",null,"M","?","$"],"character_chosen":"THE_SILENT","items_purchased":["Kunai","Backflip","Accuracy"],"gold_per_floor":[359,359,5,22,32,32,43,43,66,66,80,180,180,193,193,297,297,316,266,85],"floor_reached":21,"campfire_rested":1,"playtime":1080,"current_hp_per_floor":[52,52,52,50,48,48,48,48,48,60,60,60,60,60,60,30,53,31,31,31],"items_purged":["Strike_G","Strike_G"],"gold":85,"score":253,"play_id":"2a962058-f93f-4b9c-996d-777da31b14c5","local_time":"20180305203534","is_prod":false,"is_daily":false,"is_ascension_mode":true,"campfire_upgraded":3,"timestamp":1520292934,"path_taken":["M","?","$","M","?","R","M","?","T","R","M","?","R","M","R","BOSS","M","?","$","M"],"build_version":"2018-03-01-PROD1","purchased_purges":2,"victory":false,"master_deck":["Defend_G","Defend_G","Defend_G","Defend_G","Defend_G","Strike_G","Strike_G","Strike_G","Survivor","Neutralize+1","Infinite Blades+1","Backflip","Flying Knee+1","PiercingWail+1","Dagger Spray","Envenom","Escape Plan","Terror","Blade Dance","Accuracy"],"max_hp_per_floor":[63,60,60,60,60,60,60,60,60,60,60,60,60,60,60,60,60,60,60,60],"relics":["Ring of the Snake","Spirit Poop","Kunai","Pen Nib","Orrery"],"card_choices":[{"not_picked":["Bane","Eviscerate"],"picked":"Infinite Blades"},{"not_picked":["Bane","Flechettes"],"picked":"Flying Knee"},{"not_picked":["Dodge and Roll","Doppelganger"],"picked":"PiercingWail"},{"not_picked":["Deflect","Deadly Poison"],"picked":"Dagger Spray"},{"not_picked":["Glass Knife","Corpse Explosion"],"picked":"Envenom"},{"not_picked":["Caltrops","Eviscerate"],"picked":"Escape Plan"},{"not_picked":["Outmaneuver","Backflip"],"picked":"Terror"},{"not_picked":["Escape Plan","Reflex"],"picked":"Blade Dance"}],"player_experience":448057,"potions_floor_usage":[7,7,16],"damage_taken":[{"damage":11,"enemies":"Cultist","floor":1,"turns":6},{"damage":2,"enemies":"Small Slimes","floor":4,"turns":4},{"damage":2,"enemies":"Jaw Worm","floor":5,"turns":5},{"damage":0,"enemies":"Gremlin Gang","floor":7,"turns":3},{"damage":0,"enemies":"2 Fungi Beasts","floor":11,"turns":4},{"damage":0,"enemies":"3 Louse","floor":14,"turns":1},{"damage":30,"enemies":"Hexaghost","floor":16,"turns":15},{"damage":22,"enemies":"Shell Parasite","floor":18,"turns":4},{"damage":32,"enemies":"3 Byrds","floor":21,"turns":3}],"event_choices":[{"event_name":"Bonfire Elementals","player_choice":"CURSE","floor":2,"damage_taken":0},{"event_name":"Accursed Blacksmith","player_choice":"Forge","floor":8,"damage_taken":0},{"event_name":"Golden Shrine","player_choice":"Pray","floor":12,"damage_taken":0},{"event_name":"The Joust","player_choice":"Bet on Murderer","floor":19,"damage_taken":0}],"boss_relics":[{"not_picked":["Calling Bell","Ectoplasm"],"picked":"Orrery"}],"potions_floor_spawned":[1,4,7,14],"seed_played":"-1063321715246498753","killed_by":"3 Byrds","ascension_level":10,"is_trial":false}