{"gold_per_floor":[116,79,44,62,62,62,75,94,117,117,131,178,208,226,226,321,321,333,353,368,296,41,41,58,75,98,117,132,150,150,165,165,265,265,278,33,51,71,71,71,101,101,147,182,199,210,221,232,232,232],"floor_reached":50,"playtime":3053,"items_purged":["Strike_B"],"score":820,"play_id":"7a983491-4b74-4893-b70f-ee90b3d02500","local_time":"20190314194058","is_ascension_mode":true,"campfire_choices":[{"data":"Zap","floor":6,"key":"SMITH"},{"data":"Consume","floor":10,"key":"SMITH"},{"data":"Ball Lightning","floor":15,"key":"SMITH"},{"floor":23,"key":"REST"},{"floor":30,"key":"REST"},{"floor":32,"key":"REST"},{"floor":40,"key":"REST"},{"floor":42,"key":"REST"},{"floor":49,"key":"REST"}],"neow_cost":"NONE","seed_source_timestamp":112969103404772,"circlet_count":0,"master_deck":["AscendersBane","Strike_B","Defend_B","Defend_B","Defend_B","Defend_B","Zap+1","Dualcast","Electrodynamics","BootSequence+1","Self Repair","Consume+1","Ball Lightning+1","Streamline","Creative AI","Leap+1","Coolheaded","Defragment","Glacier+1","Conserve Battery+1","Core Surge","Go for the Eyes+1","Apotheosis","Double Energy","Glacier","Stack+1"],"relics":["Cracked Core","Pen Nib","Orichalcum","Anchor","Sozu","MawBank","Mummified Hand","DataDisk","Nuclear Battery","Singing Bowl","War Paint","Shuriken"],"potions_floor_usage":[8,16,16],"damage_taken":[{"damage":9,"enemies":"Jaw Worm","floor":1,"turns":4},{"damage":0,"enemies":"2 Louse","floor":4,"turns":2},{"damage":0,"enemies":"Small Slimes","floor":7,"turns":2},{"damage":0,"enemies":"Gremlin Gang","floor":8,"turns":2},{"damage":0,"enemies":"Lots of Slimes","floor":11,"turns":1},{"damage":0,"enemies":"2 Fungi Beasts","floor":14,"turns":2},{"damage":60,"enemies":"The Guardian","floor":16,"turns":10},{"damage":19,"enemies":"Chosen","floor":18,"turns":5},{"damage":17,"enemies":"Spheric Guardian","floor":19,"turns":4},{"damage":25,"enemies":"Snecko","floor":20,"turns":5},{"damage":19,"enemies":"Snake Plant","floor":24,"turns":3},{"damage":22,"enemies":"Chosen and Byrds","floor":25,"turns":5},{"damage":7,"enemies":"Centurion and Healer","floor":27,"turns":4},{"damage":0,"enemies":"Cultist and Chosen","floor":28,"turns":6},{"damage":12,"enemies":"Chosen and Byrds","floor":29,"turns":7},{"damage":0,"enemies":"Centurion and Healer","floor":31,"turns":8},{"damage":5,"enemies":"Champ","floor":33,"turns":12},{"damage":30,"enemies":"3 Darklings","floor":35,"turns":7},{"damage":1,"enemies":"3 Shapes","floor":37,"turns":5},{"damage":44,"enemies":"Sphere and 2 Shapes","floor":38,"turns":8},{"damage":28,"enemies":"Nemesis","floor":41,"turns":11},{"damage":0,"enemies":"Giant Head","floor":44,"turns":12},{"damage":23,"enemies":"Maw","floor":45,"turns":7},{"damage":2,"enemies":"4 Shapes","floor":46,"turns":7},{"damage":28,"enemies":"Spire Growth","floor":47,"turns":6},{"damage":26,"enemies":"Jaw Worm Horde","floor":48,"turns":5},{"damage":50,"enemies":"Awakened One","floor":50,"turns":3}],"seed_played":"-5561351657114216563","potions_obtained":[{"floor":1,"key":"Block Potion"},{"floor":4,"key":"Strength Potion"},{"floor":11,"key":"SneckoOil"},{"floor":14,"key":"EssenceOfSteel"}],"is_trial":false,"path_per_floor":["M","?","?","M","?","R","M","M","T","R","M","T","?","M","R","B",null,"M","M","M","?","$","R","M","M","T","M","M","M","R","M","R","B",null,"M","$","M","M","?","R","E","R","T","E","M","M","M","M","R","B"],"character_chosen":"DEFECT","items_purchased":["Coolheaded","Mummified Hand","Apotheosis"],"campfire_rested":6,"item_purchase_floors":[22,22,36],"current_hp_per_floor":[59,59,75,75,68,68,75,75,75,75,75,75,75,75,75,22,62,50,40,22,22,22,44,25,10,10,10,17,12,34,41,63,65,73,50,50,59,22,22,44,28,51,51,60,47,54,35,18,43,0],"gold":232,"neow_bonus":"ONE_RANDOM_RARE_CARD","is_prod":false,"is_daily":false,"chose_seed":false,"campfire_upgraded":3,"win_rate":0,"timestamp":1552617658,"path_taken":["M","?","?","M","?","R","M","M","T","R","M","?","?","M","R","BOSS","M","M","M","?","$","R","M","M","T","M","M","M","R","?","R","BOSS","M","$","M","?","?","R","E","R","T","E","M","M","M","M","R","BOSS"],"build_version":"2019-01-23","purchased_purges":1,"victory":false,"max_hp_per_floor":[75,75,75,75,75,75,75,75,75,75,75,75,75,75,75,75,75,75,75,75,75,75,75,75,75,75,75,75,75,75,75,75,75,75,75,75,75,75,75,75,77,77,77,79,79,81,83,85,85,85],"card_choices":[{"not_picked":["Chaos","Barrage"],"picked":"BootSequence","floor":1},{"not_picked":["Go for the Eyes","Reprogram"],"picked":"Self Repair","floor":4},{"not_picked":["Loop","Lockon"],"picked":"Consume","floor":7},{"not_picked":["Steam","Loop"],"picked":"Ball Lightning","floor":8},{"not_picked":["Barrage","Fusion","Turbo"],"picked":"SKIP","floor":11},{"not_picked":["Storm","Scrape"],"picked":"Streamline","floor":14},{"not_picked":["Buffer","Multi-Cast"],"picked":"Creative AI","floor":16},{"not_picked":["Stack","Darkness+1","Hologram"],"picked":"SKIP","floor":18},{"not_picked":["Steam","Gash","Streamline+1"],"picked":"SKIP","floor":19},{"not_picked":["Conserve Battery","Heatsinks"],"picked":"Leap","floor":20},{"not_picked":["Conserve Battery","Storm","Rebound"],"picked":"SKIP","floor":24},{"not_picked":["Conserve Battery","Storm","Rebound"],"picked":"SKIP","floor":24},{"not_picked":["Consume+1","Cold Snap+1"],"picked":"Defragment","floor":25},{"not_picked":["Sweeping Beam","Recycle"],"picked":"Glacier+1","floor":27},{"not_picked":["Genetic Algorithm","Hologram"],"picked":"Conserve Battery+1","floor":28},{"not_picked":["Go for the Eyes","Ball Lightning+1","Stack"],"picked":"SKIP","floor":29},{"not_picked":["Go for the Eyes","Barrage","Lockon+1"],"picked":"SKIP","floor":31},{"not_picked":["Multi-Cast","Seek"],"picked":"Core Surge","floor":33},{"not_picked":["Coolheaded+1","Storm"],"picked":"Go for the Eyes+1","floor":35},{"not_picked":["Cold Snap","Redo+1"],"picked":"Double Energy","floor":37},{"not_picked":["Reprogram","Barrage"],"picked":"Glacier","floor":38},{"not_picked":["Melter+1","Rebound","Cold Snap+1"],"picked":"Singing Bowl","floor":41},{"not_picked":["Auto Shields","Conserve Battery","Hologram"],"picked":"Singing Bowl","floor":44},{"not_picked":["Fusion","Ball Lightning+1"],"picked":"Stack+1","floor":45},{"not_picked":["Cold Snap+1","Reboot","Barrage+1"],"picked":"Singing Bowl","floor":46},{"not_picked":["Reinforced Body","Hologram","Self Repair"],"picked":"Singing Bowl","floor":47},{"not_picked":["Gash+1","Go for the Eyes+1","Leap+1"],"picked":"Singing Bowl","floor":48}],"player_experience":452177,"relics_obtained":[{"floor":9,"key":"Pen Nib"},{"floor":12,"key":"Orichalcum"},{"floor":26,"key":"DataDisk"},{"floor":41,"key":"Singing Bowl"},{"floor":43,"key":"War Paint"},{"floor":44,"key":"Shuriken"}],"event_choices":[{"damage_healed":0,"gold_gain":0,"player_choice":"Left Gold","damage_taken":0,"max_hp_gain":0,"max_hp_loss":0,"event_name":"World of Goop","floor":2,"gold_loss":37},{"damage_healed":18,"gold_gain":0,"player_choice":"Healed","damage_taken":0,"max_hp_gain":0,"max_hp_loss":0,"event_name":"The Cleric","floor":3,"gold_loss":35},{"cards_removed":["Strike_B"],"damage_healed":0,"gold_gain":0,"player_choice":"Card Removal","damage_taken":7,"max_hp_gain":0,"max_hp_loss":0,"event_name":"Golden Wing","floor":5,"gold_loss":0},{"damage_healed":0,"gold_gain":30,"player_choice":"Searched \u00273\u0027 times","damage_taken":0,"relics_obtained":["Anchor"],"max_hp_gain":0,"max_hp_loss":0,"event_name":"Dead Adventurer","floor":13,"gold_loss":0},{"damage_healed":0,"gold_gain":0,"player_choice":"Paid Gold","damage_taken":0,"relics_obtained":["MawBank"],"max_hp_gain":0,"max_hp_loss":0,"event_name":"WeMeetAgain","floor":21,"gold_loss":72},{"cards_removed":["Strike_B"],"damage_healed":0,"gold_gain":0,"player_choice":"Purged","damage_taken":0,"max_hp_gain":0,"max_hp_loss":0,"event_name":"Purifier","floor":39,"gold_loss":0}],"is_beta":false,"boss_relics":[{"not_picked":["Ectoplasm","Lizard Tail"],"picked":"Sozu"},{"not_picked":["Fusion Hammer","Snecko Eye"],"picked":"Nuclear Battery"}],"items_purged_floors":[36],"is_endless":false,"potions_floor_spawned":[1,4,11,14,27,28,31,33,37,45,48],"killed_by":"Awakened One","ascension_level":11}