{"gold_per_floor":[113,130,144,161,59,59,76,110,110,110,110,110,110,121,121,222,222,210,210,260,278,292,292,292],"floor_reached":24,"playtime":1634,"items_purged":["Strike_G"],"score":218,"play_id":"043ff2ed-bf5a-4779-bb4c-8cc00eec978c","local_time":"20180831223402","is_ascension_mode":true,"campfire_choices":[{"data":"Noxious Fumes","floor":6,"key":"SMITH"},{"data":"Flying Knee","floor":12,"key":"SMITH"},{"floor":15,"key":"REST"},{"floor":23,"key":"REST"}],"neow_cost":"NONE","seed_source_timestamp":1310427569845853,"circlet_count":0,"master_deck":["Defend_G","Defend_G","Defend_G","Defend_G","Strike_G","Strike_G","Survivor","Neutralize+1","Noxious Fumes+1","Distraction+1","Poisoned Stab","Backstab","Flying Knee+1","Deadly Poison","Prepared","Deadly Poison+1","Envenom+1","Infinite Blades+1","Outmaneuver+1","All Out Attack+1"],"relics":["Ring of the Snake","Frozen Egg 2","Toxic Egg 2","Girya","Empty Cage"],"potions_floor_usage":[22,22],"damage_taken":[{"damage":3,"enemies":"Cultist","floor":1,"turns":6},{"damage":9,"enemies":"Small Slimes","floor":2,"turns":4},{"damage":3,"enemies":"2 Louse","floor":3,"turns":4},{"damage":5,"enemies":"Red Slaver","floor":4,"turns":4},{"damage":0,"enemies":"Large Slime","floor":7,"turns":5},{"damage":18,"enemies":"Lagavulin","floor":8,"turns":5},{"damage":1,"enemies":"Looter","floor":14,"turns":3},{"damage":5,"enemies":"The Guardian","floor":16,"turns":8},{"damage":28,"enemies":"2 Thieves","floor":18,"turns":4},{"damage":11,"enemies":"3 Byrds","floor":21,"turns":5},{"damage":15,"enemies":"Snake Plant","floor":22,"turns":4},{"damage":43,"enemies":"Gremlin Leader","floor":24,"turns":5}],"seed_played":"-1709949314244891523","potions_obtained":[{"floor":1,"key":"Strength Potion"},{"floor":14,"key":"GhostInAJar"},{"floor":16,"key":"Poison Potion"}],"is_trial":false,"path_per_floor":["M","M","M","M","$","R","M","E","T","?","?","R","T","M","R","B",null,"M","?","?","M","M","R"],"character_chosen":"THE_SILENT","items_purchased":["Flying Knee"],"campfire_rested":2,"item_purchase_floors":[5],"current_hp_per_floor":[67,58,55,50,50,50,50,32,32,32,25,25,25,24,45,40,70,42,42,42,31,16,37,0],"gold":292,"neow_bonus":"UPGRADE_CARD","is_prod":false,"is_daily":false,"chose_seed":false,"campfire_upgraded":2,"win_rate":0,"timestamp":1535780042,"path_taken":["M","M","M","M","$","R","?","E","T","?","?","R","?","M","R","BOSS","M","?","?","M","M","R","E"],"build_version":"2018-08-30","purchased_purges":1,"victory":false,"max_hp_per_floor":[70,70,70,70,70,70,70,70,70,70,70,70,70,70,70,70,70,70,70,70,70,70,70,70],"card_choices":[{"not_picked":["Blade Dance","Bane"],"picked":"Noxious Fumes","floor":1},{"not_picked":["Dodge and Roll","Acrobatics"],"picked":"Distraction","floor":2},{"not_picked":["Leg Sweep","Underhanded Strike"],"picked":"Poisoned Stab","floor":3},{"not_picked":["Sucker Punch","Cloak And Dagger"],"picked":"Backstab","floor":4},{"not_picked":["Blade Dance","Eviscerate"],"picked":"Deadly Poison","floor":7},{"not_picked":["Leg Sweep","Acrobatics"],"picked":"Prepared","floor":8},{"not_picked":["PiercingWail+1","Dagger Throw"],"picked":"Deadly Poison+1","floor":14},{"not_picked":["Adrenaline+1","Malaise+1"],"picked":"Envenom+1","floor":16},{"not_picked":["Leg Sweep+1","Accuracy+1"],"picked":"Infinite Blades+1","floor":18},{"not_picked":["Dash+1","Heel Hook"],"picked":"Outmaneuver+1","floor":21},{"not_picked":["Underhanded Strike","Accuracy+1"],"picked":"All Out Attack+1","floor":22}],"player_experience":106183,"relics_obtained":[{"floor":8,"key":"Frozen Egg 2"},{"floor":9,"key":"Toxic Egg 2"},{"floor":13,"key":"Girya"}],"event_choices":[{"event_name":"Accursed Blacksmith","player_choice":"Forge","floor":10,"damage_taken":0},{"event_name":"Golden Wing","player_choice":"Card Removal","floor":11,"damage_taken":0},{"event_name":"Vampires","player_choice":"Ignored","floor":19,"damage_taken":0},{"event_name":"The Joust","player_choice":"Bet on Murderer","floor":20,"damage_taken":0}],"is_beta":false,"boss_relics":[{"not_picked":["Lizard Tail","Philosopher\u0027s Stone"],"picked":"Empty Cage"}],"items_purged_floors":[5],"is_endless":false,"potions_floor_spawned":[1,14,16,21],"killed_by":"Gremlin Leader","ascension_level":2}