{"path_per_floor":["M","?","?","$","?","E","R","M","T","E","R","?","T","M","R","B",null,"M","?","?","?","?","R","$","M","T","M","R","M","R","M","R"],"character_chosen":"THE_SILENT","items_purchased":["Bullet Time","Infinite Blades","Panache"],"gold_per_floor":[115,190,365,60,60,85,85,102,128,153,153,153,180,190,190,292,292,302,302,302,302,302,302,18,34,34,48,48,65,65,75,75],"floor_reached":33,"campfire_rested":4,"playtime":3373,"current_hp_per_floor":[61,50,50,50,43,29,49,48,48,20,40,40,40,40,40,10,53,35,35,35,35,35,35,35,26,26,25,45,36,56,56,56],"items_purged":["Doubt","Strike_G"],"gold":75,"score":402,"play_id":"fff7d643-f06f-464b-9363-f6db4017803d","local_time":"20180308003339","is_prod":false,"is_daily":false,"is_ascension_mode":true,"campfire_upgraded":3,"timestamp":1520480019,"path_taken":["M","?","?","?","?","E","R","?","T","E","R","?","?","M","R","BOSS","M","?","?","?","?","R","?","M","T","M","R","M","R","M","R","BOSS"],"build_version":"2018-03-01-PROD1","purchased_purges":2,"victory":false,"master_deck":["Defend_G","Defend_G","Defend_G","Defend_G","Defend_G","Strike_G","Strike_G","Strike_G","Survivor","Neutralize+1","Dagger Throw","Heel Hook","Bullet Time+1","Infinite Blades+1","Dagger Spray","Acrobatics+1","Masterful Stab","Die Die Die","Dash","Panache+1","Cloak And Dagger","Footwork"],"max_hp_per_floor":[70,70,70,70,67,67,67,67,67,67,67,67,67,67,67,67,67,67,67,67,67,67,67,67,67,67,67,67,67,67,67,67],"relics":["Ring of the Snake","Torii","Juzu Bracelet","Mummified Hand","Orichalcum","Lizard Tail","Ginger","Frozen Eye"],"card_choices":[{"not_picked":["Escape Plan","Acrobatics"],"picked":"Heel Hook"},{"not_picked":["Dagger Throw","Quick Slash"],"picked":"Dagger Spray"},{"not_picked":["All Out Attack","Phantasmal Killer"],"picked":"Acrobatics"},{"not_picked":["Deflect","Prepared"],"picked":"Masterful Stab"},{"not_picked":["Night Terror","Unload"],"picked":"Die Die Die"},{"not_picked":["Poisoned Stab","Dagger Spray"],"picked":"Dash"},{"not_picked":["Infinite Blades","Flying Knee"],"picked":"Cloak And Dagger"},{"not_picked":["Underhanded Strike","Flying Knee"],"picked":"Footwork"}],"player_experience":538568,"potions_floor_usage":[29,33],"damage_taken":[{"damage":2.0,"enemies":"Jaw Worm","floor":1.0,"turns":5.0},{"damage":14.0,"enemies":"3 Sentries","floor":6.0,"turns":9.0},{"damage":1.0,"enemies":"Small Slimes","floor":8.0,"turns":3.0},{"damage":28.0,"enemies":"Gremlin Nob","floor":10.0,"turns":5.0},{"damage":0.0,"enemies":"Cultist","floor":14.0,"turns":3.0},{"damage":30.0,"enemies":"Hexaghost","floor":16.0,"turns":15.0},{"damage":18.0,"enemies":"Chosen","floor":18.0,"turns":4.0},{"damage":9.0,"enemies":"2 Thieves","floor":25.0,"turns":3.0},{"damage":1.0,"enemies":"Centurion and Healer","floor":27.0,"turns":3.0},{"damage":9,"enemies":"Cultist and Chosen","floor":29,"turns":6},{"damage":0,"enemies":"3 Cultists","floor":31,"turns":3},{"damage":111,"enemies":"Automaton","floor":33,"turns":14}],"event_choices":[{"event_name":"World of Goop","player_choice":"Gather Gold","floor":2.0,"damage_taken":0.0},{"event_name":"Liars Game","player_choice":"agreed","floor":3.0,"damage_taken":0.0},{"event_name":"Golden Wing","player_choice":"Card Removal","floor":5.0,"damage_taken":0.0},{"event_name":"Upgrade Shrine","player_choice":"Upgraded","floor":12.0,"damage_taken":0.0},{"event_name":"Upgrade Shrine","player_choice":"Upgraded","floor":19.0,"damage_taken":0.0},{"event_name":"Cursed Tome","player_choice":"Ignored","floor":20.0,"damage_taken":0.0},{"event_name":"The Mausoleum","player_choice":"Yes","floor":21.0,"damage_taken":0.0},{"event_name":"Drug Dealer","player_choice":"Ignored","floor":22.0,"damage_taken":0.0}],"boss_relics":[],"potions_floor_spawned":[1,14,16,27,31],"seed_played":"3024365891717923034","killed_by":"Automaton","ascension_level":12,"is_trial":false}