{"gold_per_floor":[216,216,216,216,30,30,74,74,74,99,120,153,153,177,177,270,270,284,284,270,270,295,295,338,338,338,362,412,451,451,70,70,166,166,179,41,56,56,56,87,87,120,120,120,144,144,178,53,53,53,53,53,29,62,62],"floor_reached":55,"playtime":3007,"items_purged":["Strike_G","Strike_G","Strike_G"],"score":1351,"play_id":"94fc91c8-a834-4dff-b0ea-e97a9b04e631","local_time":"20190120184807","is_ascension_mode":true,"campfire_choices":[{"data":"Noxious Fumes","floor":6.0,"key":"SMITH"},{"data":"Sadistic Nature","floor":8.0,"key":"SMITH"},{"floor":13.0,"key":"REST"},{"data":"Leg Sweep","floor":15.0,"key":"SMITH"},{"data":"Footwork","floor":23.0,"key":"SMITH"},{"floor":25.0,"key":"REST"},{"data":"Well Laid Plans","floor":30.0,"key":"SMITH"},{"data":"PiercingWail","floor":32.0,"key":"SMITH"},{"floor":41.0,"key":"REST"},{"floor":44.0,"key":"RECALL"},{"floor":49.0,"key":"REST"},{"floor":52.0,"key":"REST"}],"neow_cost":"NONE","seed_source_timestamp":0,"circlet_count":0,"master_deck":["AscendersBane","Defend_G+1","Defend_G","Defend_G","Defend_G","Strike_G","Survivor","Neutralize","Noxious Fumes+1","Sadistic Nature+1","Backstab","PiercingWail+1","Well Laid Plans+1","Leg Sweep+1","Malaise+1","Predator","Escape Plan+1","Footwork+1","Crippling Poison","Deadly Poison+1","Burst+1","Catalyst+1","Backflip+1","Sadistic Nature","Trip+1","Prepared+1","Backflip+1","Dodge and Roll+1"],"special_seed":0,"relics":["Ring of the Snake","Golden Idol","Dodecahedron","Paper Crane","Bronze Scales","Eternal Feather","Art of War","Ninja Scroll","Strawberry","Toxic Egg 2","Fusion Hammer","Incense Burner","Lantern","Bag of Preparation","War Paint"],"potions_floor_usage":[55,55],"damage_taken":[{"damage":1.0,"enemies":"2 Louse","floor":1.0,"turns":3.0},{"damage":35.0,"enemies":"3 Sentries","floor":7.0,"turns":8.0},{"damage":0.0,"enemies":"Small Slimes","floor":10.0,"turns":3.0},{"damage":1.0,"enemies":"Cultist","floor":11.0,"turns":4.0},{"damage":14.0,"enemies":"Gremlin Nob","floor":12.0,"turns":4.0},{"damage":0.0,"enemies":"3 Louse","floor":14.0,"turns":2.0},{"damage":16.0,"enemies":"The Guardian","floor":16.0,"turns":10.0},{"damage":5.0,"enemies":"Shell Parasite","floor":18.0,"turns":7.0},{"damage":6.0,"enemies":"2 Thieves","floor":20.0,"turns":5.0},{"damage":14.0,"enemies":"Centurion and Healer","floor":22.0,"turns":8.0},{"damage":34.0,"enemies":"Slavers","floor":24.0,"turns":6.0},{"damage":5.0,"enemies":"Snake Plant","floor":27.0,"turns":4.0},{"damage":7.0,"enemies":"Book of Stabbing","floor":29.0,"turns":5.0},{"damage":36.0,"enemies":"Automaton","floor":33.0,"turns":10.0},{"damage":1.0,"enemies":"Orb Walker","floor":35.0,"turns":4.0},{"damage":5.0,"enemies":"3 Shapes","floor":37.0,"turns":3.0},{"damage":7.0,"enemies":"Giant Head","floor":40.0,"turns":8.0},{"damage":32.0,"enemies":"Reptomancer","floor":42.0,"turns":8.0},{"damage":0.0,"enemies":"Transient","floor":45.0,"turns":5.0},{"damage":4.0,"enemies":"Giant Head","floor":47.0,"turns":8.0},{"damage":19.0,"enemies":"Donu and Deca","floor":50.0,"turns":10.0},{"damage":33.0,"enemies":"Shield and Spear","floor":54.0,"turns":7.0},{"damage":34,"enemies":"The Heart","floor":55,"turns":3}],"seed_played":"-8718092254703269039","potions_obtained":[{"floor":7.0,"key":"Explosive Potion"},{"floor":10.0,"key":"Strength Potion"},{"floor":14.0,"key":"GamblersBrew"},{"floor":18.0,"key":"LiquidBronze"},{"floor":20.0,"key":"Block Potion"},{"floor":27.0,"key":"Strength Potion"},{"floor":33.0,"key":"Strength Potion"},{"floor":42.0,"key":"FearPotion"},{"floor":45.0,"key":"Block Potion"},{"floor":54.0,"key":"Swift Potion"}],"is_trial":false,"path_per_floor":["M","?","?","?","$","R","E","R","T","M","M","E","R","M","R","B",null,"M","?","M","?","M","R","E","R","T","M","?","E","R","$","R","B",null,"M","$","M","?","?","E","R","E","T","R","M","?","E","$","R","B",null,"R","$","E","B"],"character_chosen":"THE_SILENT","items_purchased":["Sadistic Nature","Toxic Egg 2","Deadly Poison+1","Catalyst+1","Backflip+1"],"campfire_rested":5,"item_purchase_floors":[5,31,31,36,53],"current_hp_per_floor":[58,58,58,58,58,58,23,23,23,23,22,8,26,26,26,10,48,43,43,37,37,23,35,1,31,31,26,26,26,38,38,50,14,54,53,53,48,43,43,36,67,35,35,50,50,50,46,46,67,48,62,67,67,34,0],"gold":62,"neow_bonus":"HUNDRED_GOLD","is_prod":false,"is_daily":false,"chose_seed":false,"campfire_upgraded":6,"win_rate":0,"timestamp":1548017287,"path_taken":["M","?","?","?","$","R","E","R","T","M","M","E","R","M","R","BOSS","M","?","?","?","M","R","E","R","T","M","?","E","R","?","R","BOSS","M","?","?","?","?","E","R","E","T","R","M","?","E","$","R","BOSS","R","$","E","BOSS"],"build_version":"2019-01-19","purchased_purges":3,"victory":false,"max_hp_per_floor":[66,66,60,60,60,60,60,60,60,60,60,60,60,60,60,60,60,60,60,60,60,60,60,60,60,60,60,60,67,67,67,67,67,67,67,67,67,67,67,67,67,67,67,67,67,67,67,67,67,67,67,67,67,67,67],"card_choices":[{"not_picked":["Blade Dance","Dodge and Roll"],"picked":"Noxious Fumes","floor":1.0},{"not_picked":["Blade Dance","Slice"],"picked":"Backstab","floor":7.0},{"not_picked":["Endless Agony","Calculated Gamble"],"picked":"PiercingWail","floor":10.0},{"not_picked":["Deflect","Choke","Skewer"],"picked":"SKIP","floor":11.0},{"not_picked":["Dash","Setup"],"picked":"Well Laid Plans","floor":12.0},{"not_picked":["Cloak And Dagger","Infinite Blades"],"picked":"Leg Sweep","floor":14.0},{"not_picked":["Wraith Form v2","Venomology"],"picked":"Malaise","floor":16.0},{"not_picked":["Slice","Caltrops"],"picked":"Predator","floor":18.0},{"not_picked":["Underhanded Strike","Dagger Throw"],"picked":"Escape Plan","floor":20.0},{"not_picked":["Cloak And Dagger","Distraction"],"picked":"Footwork","floor":22.0},{"not_picked":["Bane","Deflect"],"picked":"Crippling Poison","floor":24.0},{"not_picked":["Predator","Accuracy+1","Quick Slash"],"picked":"SKIP","floor":27.0},{"not_picked":["Malaise","Underhanded Strike","Finisher"],"picked":"SKIP","floor":29.0},{"not_picked":["Bullet Time+1","After Image"],"picked":"Burst+1","floor":33.0},{"not_picked":["All Out Attack","Dodge and Roll+1","Dagger Throw+1"],"picked":"SKIP","floor":35.0},{"not_picked":["Backstab+1","Riddle With Holes"],"picked":"Backflip+1","floor":37.0},{"not_picked":["Apotheosis+1","Impatience+1"],"picked":"Sadistic Nature","floor":38.0},{"not_picked":["Forethought+1","PanicButton+1"],"picked":"Trip+1","floor":38.0},{"not_picked":["Wraith Form v2","Predator","Phantasmal Killer+1"],"picked":"SKIP","floor":40.0},{"not_picked":["Cloak And Dagger+1","Terror+1","Flechettes+1"],"picked":"SKIP","floor":42.0},{"not_picked":["Sucker Punch+1","Concentrate+1","Blade Dance+1"],"picked":"SKIP","floor":45.0},{"not_picked":["Flechettes","Flying Knee+1"],"picked":"Prepared+1","floor":47.0},{"not_picked":["Flying Knee","Prepared+1"],"picked":"Dodge and Roll+1","floor":54.0}],"player_experience":918572,"relics_obtained":[{"floor":7.0,"key":"Dodecahedron"},{"floor":9.0,"key":"Paper Crane"},{"floor":12.0,"key":"Bronze Scales"},{"floor":24.0,"key":"Art of War"},{"floor":26.0,"key":"Ninja Scroll"},{"floor":29.0,"key":"Strawberry"},{"floor":40.0,"key":"Incense Burner"},{"floor":42.0,"key":"Lantern"},{"floor":47.0,"key":"Bag of Preparation"},{"floor":54.0,"key":"War Paint"}],"event_choices":[{"cards_removed":["Strike_G"],"damage_healed":0.0,"max_hp_gain":0.0,"max_hp_loss":0.0,"gold_gain":0.0,"event_name":"Living Wall","player_choice":"Forget","floor":2.0,"gold_loss":0.0,"damage_taken":0.0},{"damage_healed":0.0,"max_hp_gain":0.0,"max_hp_loss":6.0,"gold_gain":0.0,"event_name":"Golden Idol","player_choice":"Lose Max HP","floor":3.0,"gold_loss":0.0,"damage_taken":0.0,"relics_obtained":["Golden Idol"]},{"damage_healed":0.0,"max_hp_gain":0.0,"max_hp_loss":0.0,"gold_gain":0.0,"event_name":"Liars Game","player_choice":"Ignored","floor":4.0,"gold_loss":0.0,"damage_taken":0.0},{"damage_healed":0.0,"max_hp_gain":0.0,"max_hp_loss":0.0,"gold_gain":0.0,"event_name":"Accursed Blacksmith","player_choice":"Forge","floor":19.0,"gold_loss":0.0,"damage_taken":0.0,"cards_upgraded":["Malaise"]},{"damage_healed":0.0,"max_hp_gain":0.0,"max_hp_loss":0.0,"gold_gain":0.0,"event_name":"Ghosts","player_choice":"Ignored","floor":21.0,"gold_loss":0.0,"damage_taken":0.0},{"damage_healed":0.0,"max_hp_gain":0.0,"max_hp_loss":0.0,"gold_gain":50.0,"event_name":"Nest","player_choice":"Stole From Cult","floor":28.0,"gold_loss":0.0,"damage_taken":0.0},{"damage_healed":0.0,"max_hp_gain":0.0,"max_hp_loss":0.0,"gold_gain":0.0,"event_name":"SensoryStone","player_choice":"Memory 2","floor":38.0,"gold_loss":0.0,"damage_taken":5.0},{"damage_healed":0.0,"max_hp_gain":0.0,"max_hp_loss":0.0,"gold_gain":0.0,"event_name":"Mysterious Sphere","player_choice":"Ignored","floor":39.0,"gold_loss":0.0,"damage_taken":0.0},{"cards_removed":["Defend_G"],"damage_healed":0.0,"max_hp_gain":0.0,"max_hp_loss":0.0,"gold_gain":0.0,"event_name":"Falling","player_choice":"Removed Skill","floor":46.0,"gold_loss":0.0,"damage_taken":0.0}],"is_beta":true,"boss_relics":[{"not_picked":["HoveringKite","Coffee Dripper"],"picked":"Eternal Feather"},{"not_picked":["Ring of the Serpent","Snecko Eye"],"picked":"Fusion Hammer"}],"items_purged_floors":[31,36,48],"is_endless":false,"potions_floor_spawned":[7,10,14,18,20,27,33,42,45,54],"killed_by":"The Heart","ascension_level":15}