{"gold_per_floor":[111,111,111,11,30,30,59,59,84,113,144,181,193,271,283,391,403,432,593,655,742,542,542,559,559,559,591,260,310,338,355,355,460,460,470,420,570,581,599,599,609,659,682,746,3,23,92,169,169,169],"floor_reached":51,"playtime":3226,"items_purged":["Strike_B","Defend_B","Defend_B","Strike_B"],"score":952,"play_id":"2139ed48-70ad-437a-8cff-8600093b403d","local_time":"20190309013012","is_ascension_mode":true,"campfire_choices":[{"data":"Zap","floor":6,"key":"SMITH"},{"data":"Dualcast","floor":8,"key":"SMITH"},{"floor":13,"key":"REST"},{"floor":15,"key":"REST"},{"data":"Self Repair","floor":23,"key":"SMITH"},{"floor":25,"key":"REST"},{"floor":32,"key":"REST"},{"data":"Go for the Eyes","floor":40,"key":"SMITH"},{"data":"Barrage","floor":49,"key":"SMITH"}],"neow_cost":"NONE","seed_source_timestamp":46642094067160,"circlet_count":0,"master_deck":["Defend_B+1","Defend_B","Zap+1","Dualcast+1","Sweeping Beam","Cold Snap","Glacier","Steam+1","Darkness","Echo Form","Capacitor","Barrage+1","Glacier","Blizzard","Self Repair+1","Compile Driver+1","Go for the Eyes+1","Core Surge","Electrodynamics+1","Defragment+1","Ball Lightning+1"],"relics":["Cracked Core","DataDisk","SsserpentHead","Smiling Mask","MawBank","Pocketwatch","Nuclear Battery","Red Mask","Bag of Marbles","Frozen Egg 2","Ginger","War Paint","Turnip","Coffee Dripper","StoneCalendar","Spirit Poop","Bag of Preparation","Gambling Chip","Lantern","Runic Capacitor","Boot"],"potions_floor_usage":[12,21,21,21,27,38,47,50,50],"damage_taken":[{"damage":2,"enemies":"Jaw Worm","floor":1,"turns":3},{"damage":0,"enemies":"Cultist","floor":5,"turns":3},{"damage":37,"enemies":"Lagavulin","floor":7,"turns":6},{"damage":0,"enemies":"Small Slimes","floor":10,"turns":2},{"damage":0,"enemies":"Blue Slaver","floor":11,"turns":3},{"damage":24,"enemies":"Gremlin Nob","floor":12,"turns":5},{"damage":2,"enemies":"Looter","floor":14,"turns":3},{"damage":8,"enemies":"The Guardian","floor":16,"turns":13},{"damage":3,"enemies":"Shell Parasite","floor":18,"turns":6},{"damage":23,"enemies":"Masked Bandits","floor":21,"turns":4},{"damage":22,"enemies":"Chosen","floor":24,"turns":5},{"damage":19,"enemies":"Book of Stabbing","floor":27,"turns":7},{"damage":35,"enemies":"Slavers","floor":30,"turns":4},{"damage":3,"enemies":"Centurion and Healer","floor":31,"turns":5},{"damage":15,"enemies":"Champ","floor":33,"turns":9},{"damage":14,"enemies":"3 Shapes","floor":35,"turns":3},{"damage":11,"enemies":"Mind Bloom Boss Battle","floor":37,"turns":6},{"damage":22,"enemies":"3 Darklings","floor":38,"turns":4},{"damage":6,"enemies":"Writhing Mass","floor":39,"turns":6},{"damage":17,"enemies":"Jaw Worm Horde","floor":41,"turns":5},{"damage":0,"enemies":"Maw","floor":44,"turns":7},{"damage":3,"enemies":"Spire Growth","floor":46,"turns":5},{"damage":0,"enemies":"Transient","floor":47,"turns":5},{"damage":41,"enemies":"Awakened One","floor":50,"turns":8}],"seed_played":"4838863495823931586","potions_obtained":[{"floor":7,"key":"Strength Potion"},{"floor":11,"key":"LiquidBronze"},{"floor":14,"key":"Poison Potion"},{"floor":16,"key":"Weak Potion"},{"floor":24,"key":"Weak Potion"},{"floor":35,"key":"Fire Potion"},{"floor":39,"key":"FairyPotion"},{"floor":46,"key":"Fire Potion"},{"floor":47,"key":"Regen Potion"}],"is_trial":false,"path_per_floor":["M","$","?","$","M","R","E","R","T","M","M","E","R","M","R","B",null,"M","?","?","?","$","R","M","R","T","E","$","?","E","M","R","B",null,"M","$","?","M","M","R","M","?","T","M","$","M","M","T","R","B",null],"character_chosen":"DEFECT","items_purchased":["Cold Snap","Self Repair","Bag of Marbles","War Paint","Core Surge","Gambling Chip","Lantern","Runic Capacitor","Strength Potion"],"campfire_rested":4,"item_purchase_floors":[4,22,22,28,28,45,45,45,45],"current_hp_per_floor":[66,66,66,66,66,66,29,29,29,29,29,5,27,25,47,39,66,63,63,63,40,40,40,38,60,60,61,61,61,26,43,65,70,74,70,70,75,73,75,75,58,58,58,72,72,72,72,72,72,56],"gold":169,"neow_bonus":"RANDOM_COMMON_RELIC","is_prod":false,"is_daily":false,"chose_seed":false,"campfire_upgraded":5,"win_rate":0,"timestamp":1552123812,"path_taken":["M","$","?","$","M","R","E","R","T","M","M","E","R","?","R","BOSS","M","?","?","?","$","R","M","R","T","E","$","?","E","M","R","BOSS","M","$","?","M","M","R","M","?","T","?","$","M","?","?","R","BOSS"],"build_version":"2019-01-23","purchased_purges":4,"victory":true,"max_hp_per_floor":[75,75,75,75,75,75,75,75,75,75,75,75,75,75,75,75,75,75,75,75,75,75,75,75,75,75,75,75,75,75,75,75,75,75,75,75,75,75,75,75,75,72,72,72,72,72,72,72,72,72],"card_choices":[{"not_picked":["Turbo","Redo"],"picked":"Sweeping Beam","floor":1},{"not_picked":["Beam Cell","Hologram","Streamline"],"picked":"SKIP","floor":5},{"not_picked":["Beam Cell","Barrage","Scrape"],"picked":"SKIP","floor":7},{"not_picked":["Auto Shields","Melter"],"picked":"Glacier","floor":10},{"not_picked":["Tempest","Hologram","Steam"],"picked":"SKIP","floor":11},{"not_picked":["Gash","Lockon"],"picked":"Steam","floor":12},{"not_picked":["Sweeping Beam","Stack"],"picked":"Darkness","floor":14},{"not_picked":["Core Surge","Electrodynamics"],"picked":"Echo Form","floor":16},{"not_picked":["Compile Driver","Melter+1"],"picked":"Capacitor","floor":18},{"not_picked":["Heatsinks","Reprogram"],"picked":"Blizzard","floor":21},{"not_picked":["Redo","Stack"],"picked":"Compile Driver+1","floor":24},{"not_picked":["Aggregate","Conserve Battery"],"picked":"Go for the Eyes","floor":27},{"not_picked":["Self Repair+1","Rebound","Sweeping Beam"],"picked":"SKIP","floor":30},{"not_picked":["Skim","Leap","Steam+1"],"picked":"SKIP","floor":31},{"not_picked":["Meteor Strike","Multi-Cast"],"picked":"Electrodynamics+1","floor":33},{"not_picked":["Rip and Tear","Recycle"],"picked":"Defragment+1","floor":35},{"not_picked":["Streamline+1","Go for the Eyes+1"],"picked":"Ball Lightning+1","floor":37},{"not_picked":["BootSequence+1","Steam","Go for the Eyes+1"],"picked":"SKIP","floor":38},{"not_picked":["Static Discharge+1","Cold Snap","Chaos+1"],"picked":"SKIP","floor":39},{"not_picked":["BootSequence","Ball Lightning","Stack"],"picked":"SKIP","floor":41},{"not_picked":["Redo+1","Cold Snap","Core Surge"],"picked":"SKIP","floor":44},{"not_picked":["Streamline+1","Reinforced Body+1","Go for the Eyes"],"picked":"SKIP","floor":46},{"not_picked":["Compile Driver","Cold Snap+1","Leap+1"],"picked":"SKIP","floor":47}],"player_experience":379039,"relics_obtained":[{"floor":7,"key":"Smiling Mask"},{"floor":9,"key":"MawBank"},{"floor":12,"key":"Pocketwatch"},{"floor":21,"key":"Red Mask"},{"floor":26,"key":"Frozen Egg 2"},{"floor":27,"key":"Ginger"},{"floor":30,"key":"Turnip"},{"floor":37,"key":"StoneCalendar"},{"floor":43,"key":"Bag of Preparation"},{"floor":48,"key":"Boot"}],"event_choices":[{"damage_healed":0,"gold_gain":0,"player_choice":"Trade","damage_taken":0,"relics_obtained":["SsserpentHead"],"max_hp_gain":0,"max_hp_loss":0,"event_name":"FaceTrader","floor":3,"gold_loss":0},{"damage_healed":0,"gold_gain":99,"player_choice":"Stole From Cult","damage_taken":0,"max_hp_gain":0,"max_hp_loss":0,"event_name":"Nest","floor":19,"gold_loss":0},{"damage_healed":0,"gold_gain":0,"cards_transformed":["Strike_B","Strike_B"],"player_choice":"Became Test Subject","damage_taken":0,"max_hp_gain":0,"max_hp_loss":0,"event_name":"Drug Dealer","floor":20,"gold_loss":0,"cards_obtained":["Barrage","Glacier"]},{"damage_healed":0,"gold_gain":0,"player_choice":"Fought Bandits","damage_taken":0,"max_hp_gain":0,"max_hp_loss":0,"event_name":"Masked Bandits","floor":21,"gold_loss":0},{"damage_healed":0,"gold_gain":0,"player_choice":"Ignored","damage_taken":0,"max_hp_gain":0,"max_hp_loss":0,"event_name":"Cursed Tome","floor":29,"gold_loss":0},{"damage_healed":0,"gold_gain":0,"player_choice":"Fight","damage_taken":0,"max_hp_gain":0,"max_hp_loss":0,"event_name":"MindBloom","floor":37,"gold_loss":0},{"cards_removed":["Parasite"],"damage_healed":0,"gold_gain":0,"player_choice":"Offered Curse","damage_taken":0,"relics_obtained":["Spirit Poop"],"max_hp_gain":0,"max_hp_loss":0,"event_name":"Bonfire Elementals","floor":42,"gold_loss":0}],"is_beta":false,"boss_relics":[{"not_picked":["Calling Bell","Runic Pyramid"],"picked":"Nuclear Battery"},{"not_picked":["White Beast Statue","Fusion Hammer"],"picked":"Coffee Dripper"}],"items_purged_floors":[4,28,36,45],"is_endless":false,"potions_floor_spawned":[7,11,14,16,24,35,39,46,47],"ascension_level":8}