{"gold_per_floor":[14,28,28,28,48,73,90,90,90,90,101,136,61,89,89,89],"floor_reached":16,"playtime":632,"items_purged":["Undo"],"score":120,"play_id":"5ab2679d-162d-4083-8357-cb7b5cabc0da","local_time":"20190210115720","is_ascension_mode":false,"campfire_choices":[{"floor":8,"key":"REST"},{"data":"Streamline","floor":10,"key":"SMITH"},{"floor":15,"key":"REST"}],"neow_cost":"NO_GOLD","seed_source_timestamp":0,"circlet_count":0,"master_deck":["Strike_B","Strike_B","Strike_B","Defend_B","Defend_B","Defend_B","Zap","Dualcast","Scrape","Streamline+1","Fusion","Rebound","Beam Cell","Gash","Scrape","Genetic Algorithm"],"relics":["Cracked Core","Unceasing Top","Ginger","Calipers","Frozen Egg 2"],"potions_floor_usage":[12,12,16,16],"damage_taken":[{"damage":11,"enemies":"Jaw Worm","floor":1,"turns":4},{"damage":1,"enemies":"Cultist","floor":2,"turns":3},{"damage":5,"enemies":"Small Slimes","floor":5,"turns":3},{"damage":31,"enemies":"3 Sentries","floor":6,"turns":8},{"damage":4,"enemies":"Blue Slaver","floor":7,"turns":4},{"damage":1,"enemies":"2 Fungi Beasts","floor":11,"turns":2},{"damage":13,"enemies":"Lagavulin","floor":12,"turns":5},{"damage":27,"enemies":"3 Sentries","floor":14,"turns":4},{"damage":30,"enemies":"Slime Boss","floor":16,"turns":6}],"seed_played":"3739611721","potions_obtained":[{"floor":1,"key":"SkillPotion"},{"floor":3,"key":"Dexterity Potion"},{"floor":3,"key":"SneckoOil"},{"floor":12,"key":"GamblersBrew"}],"is_trial":false,"path_per_floor":["M","M","?","$","M","E","M","R","T","R","M","E","$","E","R","B"],"character_chosen":"DEFECT","items_purchased":[],"campfire_rested":2,"item_purchase_floors":[],"current_hp_per_floor":[64,63,63,63,58,27,23,45,45,45,44,31,31,4,26,0],"gold":89,"neow_bonus":"TRANSFORM_TWO_CARDS","is_prod":false,"is_daily":false,"chose_seed":true,"campfire_upgraded":1,"win_rate":0,"timestamp":1549821440,"path_taken":["M","M","?","?","?","E","M","R","T","R","M","E","$","E","R","BOSS"],"build_version":"2019-01-23","purchased_purges":1,"victory":false,"max_hp_per_floor":[75,75,75,75,75,75,75,75,75,75,75,75,75,75,75,75],"card_choices":[{"not_picked":["Leap","Turbo"],"picked":"Streamline","floor":1},{"not_picked":["Redo","Sweeping Beam"],"picked":"Fusion","floor":2},{"not_picked":["Streamline","Force Field"],"picked":"Rebound","floor":5},{"not_picked":["Redo","Genetic Algorithm"],"picked":"Beam Cell","floor":6},{"not_picked":["Conserve Battery","Turbo"],"picked":"Gash","floor":7},{"not_picked":["White Noise","Conserve Battery","Hologram"],"picked":"SKIP","floor":11},{"not_picked":["Fusion","Ball Lightning"],"picked":"Scrape","floor":12},{"not_picked":["Fission","Sunder"],"picked":"Genetic Algorithm","floor":14}],"player_experience":137970,"relics_obtained":[{"floor":6,"key":"Unceasing Top"},{"floor":9,"key":"Ginger"},{"floor":12,"key":"Calipers"},{"floor":14,"key":"Frozen Egg 2"}],"event_choices":[{"damage_healed":0,"gold_gain":0,"player_choice":"Got Potions","damage_taken":0,"max_hp_gain":0,"max_hp_loss":0,"event_name":"Lab","floor":3,"gold_loss":0}],"is_beta":false,"boss_relics":[],"items_purged_floors":[13],"is_endless":false,"potions_floor_spawned":[1,7,12],"killed_by":"Slime Boss","ascension_level":0}