{"gold_per_floor":[112,112,127,59,78,78,106,106,153,153,164,164,180,195,195,195],"floor_reached":16,"playtime":523,"items_purged":[],"score":117,"play_id":"1ed28d4e-7a44-4dce-aa8c-6267a4db890a","local_time":"20190224144711","is_ascension_mode":true,"campfire_choices":[{"data":"Flame Barrier","floor":6,"key":"SMITH"},{"data":"Rage","floor":8,"key":"SMITH"},{"data":"Body Slam","floor":12,"key":"SMITH"},{"floor":15,"key":"REST"}],"neow_cost":"NONE","seed_source_timestamp":288138176366777,"circlet_count":0,"master_deck":["Strike_R","Strike_R","Strike_R","Strike_R","Strike_R","Defend_R","Defend_R","Defend_R","Defend_R","Bash+1","Iron Wave","Ghostly Armor","Flame Barrier+1","Rage+1","Shockwave","Body Slam+1","Shrug It Off"],"relics":["Burning Blood","NlothsMask","Bag of Preparation"],"potions_floor_usage":[11,16],"damage_taken":[{"damage":10,"enemies":"Small Slimes","floor":1,"turns":3},{"damage":1,"enemies":"Cultist","floor":3,"turns":3},{"damage":3,"enemies":"2 Louse","floor":5,"turns":3},{"damage":62,"enemies":"Gremlin Nob","floor":7,"turns":6},{"damage":10,"enemies":"Lots of Slimes","floor":11,"turns":5},{"damage":1,"enemies":"Looter","floor":13,"turns":3},{"damage":12,"enemies":"Exordium Wildlife","floor":14,"turns":7},{"damage":52,"enemies":"Slime Boss","floor":16,"turns":9}],"seed_played":"-8209357736047592964","potions_obtained":[{"floor":7,"key":"Ancient Potion"},{"floor":10,"key":"Poison Potion"},{"floor":10,"key":"SkillPotion"},{"floor":11,"key":"Energy Potion"},{"floor":14,"key":"BloodPotion"}],"is_trial":false,"path_per_floor":["M","?","M","$","M","R","E","R","T","?","M","R","M","M","R","B"],"character_chosen":"IRONCLAD","items_purchased":["Flame Barrier"],"campfire_rested":1,"item_purchase_floors":[4],"current_hp_per_floor":[76,76,80,80,80,80,24,24,24,24,20,20,25,19,43,0],"gold":195,"neow_bonus":"UPGRADE_CARD","is_prod":false,"is_daily":false,"chose_seed":false,"campfire_upgraded":3,"win_rate":0,"timestamp":1551041231,"path_taken":["M","?","?","$","M","R","E","R","T","?","M","R","M","M","R","BOSS"],"build_version":"2019-01-23","purchased_purges":0,"victory":false,"max_hp_per_floor":[80,80,80,80,80,80,80,80,80,80,80,80,80,80,80,80],"card_choices":[{"not_picked":["Havoc","Clash"],"picked":"Iron Wave","floor":1},{"not_picked":["Heavy Blade","Flex"],"picked":"Ghostly Armor","floor":3},{"not_picked":["Searing Blow","Battle Trance"],"picked":"Rage","floor":5},{"not_picked":["Rage","Anger"],"picked":"Shockwave","floor":7},{"not_picked":["Twin Strike","Sword Boomerang"],"picked":"Body Slam","floor":11},{"not_picked":["Rage","Battle Trance"],"picked":"Shrug It Off","floor":13},{"not_picked":["Flex","Dual Wield","Dropkick"],"picked":"SKIP","floor":14}],"player_experience":222240,"relics_obtained":[{"floor":7,"key":"Bag of Preparation"}],"event_choices":[{"damage_healed":0,"gold_gain":0,"player_choice":"Trade","damage_taken":0,"relics_obtained":["NlothsMask"],"max_hp_gain":0,"max_hp_loss":0,"event_name":"FaceTrader","floor":2,"gold_loss":0},{"damage_healed":0,"gold_gain":0,"player_choice":"Got Potions","damage_taken":0,"max_hp_gain":0,"max_hp_loss":0,"event_name":"Lab","floor":10,"gold_loss":0}],"is_beta":false,"boss_relics":[],"items_purged_floors":[],"is_endless":false,"potions_floor_spawned":[7,11,14],"killed_by":"Slime Boss","ascension_level":3}