{"gold_per_floor":[110,126,29,79,98,98,124,134,134,150,150,185,185,185,185,262,262,277,277],"floor_reached":19,"playtime":833,"items_purged":[],"score":310,"play_id":"df022004-fcb0-48ec-9656-04ccec00e587","local_time":"20190120142747","is_ascension_mode":true,"campfire_choices":[{"data":"Noxious Fumes","floor":6.0,"key":"SMITH"},{"floor":11.0,"key":"REST"},{"floor":15.0,"key":"REST"}],"neow_cost":"NONE","seed_source_timestamp":0,"circlet_count":0,"master_deck":["AscendersBane","Defend_G","Defend_G","Defend_G","Defend_G","Defend_G","Strike_G","Strike_G","Survivor+1","Neutralize","Madness","Dash","Noxious Fumes+1","Cloak And Dagger","Deadly Poison","Cloak And Dagger+1","Catalyst","Envenom+1","Poisoned Stab+1","Poisoned Stab+1","Wraith Form v2+1"],"special_seed":0,"relics":["Ring of the Snake","Juzu Bracelet","Bronze Scales","Frozen Egg 2","Astrolabe"],"potions_floor_usage":[16,19],"damage_taken":[{"damage":1.0,"enemies":"Cultist","floor":1.0,"turns":4.0},{"damage":0.0,"enemies":"2 Louse","floor":2.0,"turns":3.0},{"damage":0.0,"enemies":"Jaw Worm","floor":5.0,"turns":5.0},{"damage":13.0,"enemies":"3 Sentries","floor":7.0,"turns":7.0},{"damage":11.0,"enemies":"Large Slime","floor":8.0,"turns":6.0},{"damage":19.0,"enemies":"Exordium Wildlife","floor":10.0,"turns":5.0},{"damage":5.0,"enemies":"Gremlin Nob","floor":12.0,"turns":4.0},{"damage":12,"enemies":"The Guardian","floor":16,"turns":9},{"damage":34,"enemies":"2 Thieves","floor":18,"turns":5},{"damage":21,"enemies":"Colosseum Slavers","floor":19,"turns":1}],"seed_played":"4351026628700055162","potions_obtained":[{"floor":7.0,"key":"Poison Potion"},{"floor":8.0,"key":"EssenceOfSteel"},{"floor":12.0,"key":"GhostInAJar"},{"floor":18,"key":"LiquidBronze"}],"is_trial":false,"path_per_floor":["M","M","$","?","M","R","E","M","T","M","R","E","?","?","R","B",null,"M","?"],"character_chosen":"THE_SILENT","items_purchased":["Noxious Fumes","Cloak And Dagger"],"campfire_rested":2,"item_purchase_floors":[3,3],"current_hp_per_floor":[58,58,58,58,58,58,45,34,34,15,34,29,9,9,28,16,54,20,0],"gold":277,"neow_bonus":"RANDOM_COLORLESS","is_prod":false,"is_daily":false,"chose_seed":false,"campfire_upgraded":1,"win_rate":0,"timestamp":1548001667,"path_taken":["M","?","$","?","?","R","E","M","T","M","R","E","?","?","R","BOSS","M","?"],"build_version":"2019-01-19","purchased_purges":0,"victory":false,"max_hp_per_floor":[66,66,66,66,66,66,66,66,66,66,66,66,66,66,66,66,66,66,66],"card_choices":[{"not_picked":["Quick Slash","Dodge and Roll"],"picked":"Dash","floor":1.0},{"not_picked":["Dodge and Roll","Finisher","Dagger Spray"],"picked":"SKIP","floor":2.0},{"not_picked":["Quick Slash","Escape Plan"],"picked":"Deadly Poison","floor":5.0},{"not_picked":["Accuracy","Dodge and Roll"],"picked":"Cloak And Dagger","floor":7.0},{"not_picked":["Cloak And Dagger","Slice","Bane"],"picked":"SKIP","floor":8.0},{"not_picked":["Unload","Blade Dance","Outmaneuver"],"picked":"SKIP","floor":10.0},{"not_picked":["Poisoned Stab","Blade Dance"],"picked":"Catalyst","floor":12.0},{"not_picked":["Storm of Steel","Grand Finale"],"picked":"Envenom+1","floor":16},{"not_picked":["Acrobatics","Eviscerate","Dagger Throw"],"picked":"SKIP","floor":18}],"player_experience":915001,"relics_obtained":[{"floor":7.0,"key":"Juzu Bracelet"},{"floor":9.0,"key":"Bronze Scales"},{"floor":12.0,"key":"Frozen Egg 2"}],"event_choices":[{"damage_healed":0.0,"max_hp_gain":0.0,"max_hp_loss":0.0,"gold_gain":50.0,"event_name":"Golden Shrine","player_choice":"Pray","floor":4.0,"gold_loss":0.0,"damage_taken":0.0},{"damage_healed":0.0,"max_hp_gain":0.0,"max_hp_loss":0.0,"gold_gain":0.0,"event_name":"Shining Light","player_choice":"Entered Light","floor":13.0,"gold_loss":0.0,"damage_taken":20.0,"cards_upgraded":["Cloak And Dagger","Survivor"]},{"damage_healed":0.0,"max_hp_gain":0.0,"max_hp_loss":0.0,"gold_gain":0.0,"event_name":"Dead Adventurer","player_choice":"Searched \u00271\u0027 times","floor":14.0,"gold_loss":0.0,"damage_taken":0.0},{"damage_healed":0,"gold_gain":0,"player_choice":"Fight","damage_taken":0,"max_hp_gain":0,"max_hp_loss":0,"event_name":"Colosseum","floor":19,"gold_loss":0}],"is_beta":true,"boss_relics":[{"not_picked":["Tiny House","Snecko Eye"],"picked":"Astrolabe"}],"items_purged_floors":[],"is_endless":false,"potions_floor_spawned":[7,8,12,18],"killed_by":"Colosseum Slavers","ascension_level":15}