{"gold_per_floor":[114,125,125,136,10,10,44,59,59,59,13,31,47,67,67,171,221,232,232,157,177,191,191,46,75,75,95,114,134,134,165,165,165],"floor_reached":33,"playtime":2369,"items_purged":["Strike_B"],"score":539,"play_id":"b24da3ba-d59d-46e4-ad39-c86de664dc54","local_time":"20190516114047","is_ascension_mode":true,"campfire_choices":[{"data":"Streamline","floor":6.0,"key":"SMITH"},{"data":"Static Discharge","floor":10.0,"key":"SMITH"},{"floor":15.0,"key":"REST"},{"floor":23.0,"key":"REST"},{"floor":30.0,"key":"REST"},{"floor":32,"key":"REST"}],"neow_cost":"NONE","seed_source_timestamp":57538565495478,"circlet_count":0,"master_deck":["AscendersBane","Strike_B","Defend_B","Defend_B","Defend_B","Defend_B","Zap","Dualcast+1","Hologram","Streamline+1","Leap","Static Discharge+1","BootSequence","Auto Shields","Gash","Lockon","Buffer","Gash","Reinforced Body","Undo+1","White Noise"],"special_seed":0,"relics":["Busted Crown","Mercury Hourglass","Gambling Chip","Tiny House","Anchor","Mango","Sundial","Red Mask"],"potions_floor_usage":[33,33],"damage_taken":[{"damage":0.0,"enemies":"2 Louse","floor":1.0,"turns":2.0},{"damage":5.0,"enemies":"Cultist","floor":2.0,"turns":5.0},{"damage":5.0,"enemies":"Small Slimes","floor":4.0,"turns":4.0},{"damage":22.0,"enemies":"Gremlin Nob","floor":7.0,"turns":4.0},{"damage":0.0,"enemies":"2 Fungi Beasts","floor":8.0,"turns":3.0},{"damage":1.0,"enemies":"Exordium Thugs","floor":12.0,"turns":6.0},{"damage":2.0,"enemies":"Blue Slaver","floor":13.0,"turns":2.0},{"damage":0.0,"enemies":"Exordium Wildlife","floor":14.0,"turns":3.0},{"damage":0.0,"enemies":"Slime Boss","floor":16.0,"turns":10.0},{"damage":8.0,"enemies":"Spheric Guardian","floor":18.0,"turns":3.0},{"damage":20.0,"enemies":"Shell Parasite","floor":21.0,"turns":6.0},{"damage":3.0,"enemies":"Cultist and Chosen","floor":22.0,"turns":6.0},{"damage":23.0,"enemies":"Gremlin Leader","floor":25.0,"turns":7.0},{"damage":9.0,"enemies":"Centurion and Healer","floor":27.0,"turns":7.0},{"damage":3.0,"enemies":"Chosen and Byrds","floor":28.0,"turns":6.0},{"damage":14.0,"enemies":"Shelled Parasite and Fungi","floor":29.0,"turns":5.0},{"damage":18,"enemies":"Masked Bandits","floor":31,"turns":4},{"damage":59,"enemies":"Champ","floor":33,"turns":13}],"seed_played":"3824230734717152522","potions_obtained":[{"floor":4.0,"key":"FocusPotion"},{"floor":8.0,"key":"SteroidPotion"},{"floor":14.0,"key":"GamblersBrew"},{"floor":17.0,"key":"SteroidPotion"},{"floor":31,"key":"Swift Potion"}],"is_trial":false,"path_per_floor":["M","M","?","M","$","R","E","M","T","R","?","M","M","M","R","B",null,"M","?","?","M","M","R","$","E","T","M","M","M","R","?","R","B"],"character_chosen":"DEFECT","items_purchased":["Fire Potion","Anchor"],"campfire_rested":4,"item_purchase_floors":[5,24],"current_hp_per_floor":[68,63,63,58,58,58,36,36,36,36,36,35,33,33,55,55,75,67,52,52,32,29,54,54,45,45,36,33,19,48,30,59,0],"gold":165,"neow_bonus":"BOSS_RELIC","is_prod":false,"is_daily":false,"chose_seed":false,"campfire_upgraded":2,"win_rate":0,"timestamp":1557999647,"path_taken":["M","M","?","?","$","R","E","M","T","R","?","M","M","M","R","BOSS","M","?","?","M","M","R","$","E","T","?","M","M","R","?","R","BOSS"],"build_version":"2019-01-23","purchased_purges":1,"victory":false,"max_hp_per_floor":[75,75,75,75,75,75,75,75,75,75,75,75,75,75,75,75,80,80,85,85,85,85,85,85,99,99,99,99,99,99,99,99,99],"card_choices":[{"not_picked":[],"picked":"Hologram","floor":1.0},{"not_picked":[],"picked":"Streamline","floor":2.0},{"not_picked":[],"picked":"Leap","floor":4.0},{"not_picked":[],"picked":"Static Discharge","floor":7.0},{"not_picked":[],"picked":"BootSequence","floor":8.0},{"not_picked":[],"picked":"Auto Shields","floor":12.0},{"not_picked":[],"picked":"Gash","floor":13.0},{"not_picked":[],"picked":"Lockon","floor":14.0},{"not_picked":[],"picked":"Buffer","floor":16.0},{"not_picked":[],"picked":"Gash","floor":18.0},{"not_picked":[],"picked":"Reinforced Body","floor":21.0},{"not_picked":["Force Field+1"],"picked":"SKIP","floor":22.0},{"not_picked":[],"picked":"Undo+1","floor":25.0},{"not_picked":["Redo"],"picked":"SKIP","floor":27.0},{"not_picked":[],"picked":"White Noise","floor":28.0},{"not_picked":["Compile Driver"],"picked":"SKIP","floor":29.0}],"player_experience":645993,"relics_obtained":[{"floor":7.0,"key":"Mercury Hourglass"},{"floor":9.0,"key":"Gambling Chip"},{"floor":25.0,"key":"Mango"},{"floor":26.0,"key":"Sundial"},{"floor":31,"key":"Red Mask"}],"event_choices":[{"cards_removed":["Strike_B"],"damage_healed":0.0,"max_hp_gain":0.0,"max_hp_loss":0.0,"gold_gain":0.0,"event_name":"Purifier","player_choice":"Purged","floor":3.0,"gold_loss":0.0,"damage_taken":0.0},{"damage_healed":0.0,"max_hp_gain":0.0,"max_hp_loss":0.0,"gold_gain":0.0,"event_name":"World of Goop","player_choice":"Left Gold","floor":11.0,"gold_loss":46.0,"damage_taken":0.0},{"damage_healed":0.0,"max_hp_gain":5.0,"max_hp_loss":0.0,"gold_gain":0.0,"event_name":"Forgotten Altar","player_choice":"Shed Blood","floor":19.0,"gold_loss":0.0,"damage_taken":20.0},{"cards_removed":["Strike_B"],"damage_healed":0.0,"max_hp_gain":0.0,"max_hp_loss":0.0,"gold_gain":0.0,"event_name":"Beggar","player_choice":"Gave Gold","floor":20.0,"gold_loss":75.0,"damage_taken":0.0},{"damage_healed":0,"gold_gain":0,"player_choice":"Fought Bandits","damage_taken":0,"max_hp_gain":0,"max_hp_loss":0,"event_name":"Masked Bandits","floor":31,"gold_loss":0}],"is_beta":false,"boss_relics":[{"not_picked":["Velvet Choker","Calling Bell"],"picked":"Tiny House"}],"items_purged_floors":[5],"is_endless":false,"potions_floor_spawned":[4,8,12,14,21,22,28,29,31],"killed_by":"Champ","ascension_level":12}