{"gold_per_floor":[112,112,122,122,197,197,233,233,233,268,282,126,126,145,145,241,241,257,257,257,242,242,280,280,280],"floor_reached":25,"playtime":1604,"items_purged":["Strike_R"],"score":526,"play_id":"da4c8e4d-0616-4b4f-9bd5-f8040a437242","local_time":"20190508104606","is_ascension_mode":true,"campfire_choices":[{"data":"Bash","floor":6,"key":"SMITH"},{"data":"Shrug It Off","floor":8,"key":"SMITH"},{"data":"Uppercut","floor":13,"key":"SMITH"},{"floor":15,"key":"REST"},{"data":"Armaments","floor":24,"key":"SMITH"}],"neow_cost":"NONE","seed_source_timestamp":80807604798882,"circlet_count":0,"master_deck":["AscendersBane","Strike_R","Strike_R","Strike_R","Strike_R","Defend_R","Defend_R","Defend_R","Defend_R","Bash+1","Shrug It Off+1","Headbutt","Spot Weakness","Metallicize","Uppercut+1","Metallicize+1","Shockwave","Heavy Blade","Reaper","Armaments+1","Writhe","Twin Strike+1"],"relics":["Burning Blood","Anchor","Golden Idol","Potion Belt","Frozen Egg 2","StoneCalendar","Velvet Choker","Centennial Puzzle","Happy Flower"],"potions_floor_usage":[10,16,16,23,25],"damage_taken":[{"damage":3,"enemies":"Cultist","floor":1,"turns":4},{"damage":3,"enemies":"Small Slimes","floor":3,"turns":5},{"damage":27,"enemies":"Lagavulin","floor":7,"turns":5},{"damage":12,"enemies":"Gremlin Nob","floor":10,"turns":4},{"damage":0,"enemies":"Jaw Worm","floor":11,"turns":4},{"damage":0,"enemies":"Blue Slaver","floor":14,"turns":4},{"damage":0,"enemies":"Slime Boss","floor":16,"turns":7},{"damage":11,"enemies":"3 Byrds","floor":18,"turns":7},{"damage":16,"enemies":"2 Thieves","floor":21,"turns":4},{"damage":50,"enemies":"Book of Stabbing","floor":23,"turns":6},{"damage":35,"enemies":"Gremlin Leader","floor":25,"turns":4}],"seed_played":"-5967174591198469220","potions_obtained":[{"floor":7,"key":"EssenceOfSteel"},{"floor":10,"key":"PowerPotion"},{"floor":11,"key":"SkillPotion"},{"floor":18,"key":"SneckoOil"},{"floor":21,"key":"EssenceOfSteel"}],"is_trial":false,"path_per_floor":["M","?","M","?","?","R","E","R","T","E","M","$","R","M","R","B",null,"M","?","?","M","?","E","R","E"],"character_chosen":"IRONCLAD","items_purchased":["Shockwave"],"campfire_rested":1,"item_purchase_floors":[12],"current_hp_per_floor":[71,60,63,63,52,52,31,31,31,25,31,31,31,37,57,63,67,62,62,62,62,62,33,33,0],"gold":280,"neow_bonus":"THREE_CARDS","is_prod":false,"is_daily":false,"chose_seed":false,"campfire_upgraded":4,"win_rate":0,"timestamp":1557305166,"path_taken":["M","?","M","?","?","R","E","R","T","E","M","?","R","?","R","BOSS","M","?","?","M","?","E","R","E"],"build_version":"2019-01-23","purchased_purges":1,"victory":false,"max_hp_per_floor":[75,75,75,68,68,68,68,68,68,68,68,68,68,68,68,68,68,68,68,68,68,68,68,68,68],"card_choices":[{"not_picked":["Twin Strike","Clash"],"picked":"Shrug It Off","floor":0},{"not_picked":["Pommel Strike","Havoc"],"picked":"Headbutt","floor":1},{"not_picked":["Havoc","Heavy Blade"],"picked":"Spot Weakness","floor":3},{"not_picked":["Fiend Fire","Headbutt"],"picked":"Metallicize","floor":7},{"not_picked":["Shrug It Off","Body Slam"],"picked":"Uppercut","floor":10},{"not_picked":["Searing Blow","Thunderclap"],"picked":"Metallicize+1","floor":11},{"not_picked":["Armaments","Corruption+1"],"picked":"Heavy Blade","floor":14},{"not_picked":["Limit Break","Brutality+1"],"picked":"Reaper","floor":16},{"not_picked":["Dropkick","Sword Boomerang"],"picked":"Armaments","floor":18},{"not_picked":["Clothesline","Flex","Pommel Strike"],"picked":"SKIP","floor":21},{"not_picked":["Perfected Strike","Clash"],"picked":"Twin Strike+1","floor":23}],"player_experience":598200,"relics_obtained":[{"floor":7,"key":"Potion Belt"},{"floor":9,"key":"Frozen Egg 2"},{"floor":10,"key":"StoneCalendar"},{"floor":23,"key":"Happy Flower"}],"event_choices":[{"damage_healed":0,"gold_gain":0,"player_choice":"Success","damage_taken":11,"relics_obtained":["Anchor"],"max_hp_gain":0,"max_hp_loss":0,"event_name":"Scrap Ooze","floor":2,"gold_loss":0},{"damage_healed":0,"gold_gain":0,"player_choice":"Lose Max HP","damage_taken":0,"relics_obtained":["Golden Idol"],"max_hp_gain":0,"max_hp_loss":7,"event_name":"Golden Idol","floor":4,"gold_loss":0},{"damage_healed":0,"gold_gain":75,"player_choice":"Gather Gold","damage_taken":11,"max_hp_gain":0,"max_hp_loss":0,"event_name":"World of Goop","floor":5,"gold_loss":0},{"damage_healed":0,"gold_gain":0,"player_choice":"Ignored","damage_taken":0,"max_hp_gain":0,"max_hp_loss":0,"event_name":"Vampires","floor":19,"gold_loss":0},{"damage_healed":0,"gold_gain":0,"player_choice":"Ignored","damage_taken":0,"max_hp_gain":0,"max_hp_loss":0,"event_name":"Ghosts","floor":20,"gold_loss":0},{"damage_healed":0,"gold_gain":0,"player_choice":"Opened","damage_taken":0,"relics_obtained":["Centennial Puzzle"],"max_hp_gain":0,"max_hp_loss":0,"event_name":"The Mausoleum","floor":22,"gold_loss":0,"cards_obtained":["Writhe"]}],"is_beta":false,"boss_relics":[{"not_picked":["Black Star","Runic Pyramid"],"picked":"Velvet Choker"}],"items_purged_floors":[12],"is_endless":false,"potions_floor_spawned":[7,10,11,18,21],"killed_by":"Gremlin Leader","ascension_level":18}