{"gold_per_floor":[117,117,135,151,23,50,0,0,0,0,34,34,52,66,66,141,141,61,0,0,0,0],"floor_reached":22,"playtime":1534,"items_purged":["Injury"],"score":392,"play_id":"46e9ac84-91c9-48b7-88c5-17f798e9098c","local_time":"20190614153607","is_ascension_mode":true,"campfire_choices":[{"floor":8,"key":"REST"},{"floor":15,"key":"REST"}],"neow_cost":"CURSE","seed_source_timestamp":148059556022031,"circlet_count":0,"master_deck":["AscendersBane","Defend_G","Defend_G","Defend_G","Defend_G","Defend_G","Strike_G","Strike_G","Strike_G+1","Strike_G","Strike_G+1","Survivor","Neutralize","After Image","Crippling Poison","Deadly Poison","Cloak And Dagger","Escape Plan","Cloak And Dagger","Malaise","Calculated Gamble","Slice","Deflect"],"relics":["Ring of the Snake","Vajra","Blue Candle","Bronze Scales","Lantern","Ectoplasm"],"potions_floor_usage":[6,16,21],"damage_taken":[{"damage":0,"enemies":"Cultist","floor":1,"turns":5},{"damage":0,"enemies":"Small Slimes","floor":3,"turns":4},{"damage":5,"enemies":"Jaw Worm","floor":4,"turns":5},{"damage":19,"enemies":"3 Sentries","floor":6,"turns":14},{"damage":30,"enemies":"Lagavulin","floor":11,"turns":7},{"damage":0,"enemies":"Blue Slaver","floor":13,"turns":3},{"damage":0,"enemies":"Looter","floor":14,"turns":3},{"damage":15,"enemies":"Hexaghost","floor":16,"turns":11},{"damage":10,"enemies":"2 Thieves","floor":18,"turns":4},{"damage":0,"enemies":"3 Byrds","floor":20,"turns":2},{"damage":36,"enemies":"Sentry and Sphere","floor":21,"turns":10},{"damage":8,"enemies":"Centurion and Healer","floor":22,"turns":3}],"seed_played":"6049885282105615237","potions_obtained":[{"floor":6,"key":"SpeedPotion"},{"floor":11,"key":"Weak Potion"},{"floor":16,"key":"Swift Potion"},{"floor":21,"key":"GamblersBrew"}],"is_trial":false,"path_per_floor":["M","?","M","M","$","E","?","R","T","T","E","$","M","M","R","B",null,"M","?","M","M","M"],"character_chosen":"THE_SILENT","items_purchased":["Explosive Potion"],"campfire_rested":2,"item_purchase_floors":[5],"current_hp_per_floor":[59,39,39,34,34,15,15,34,34,34,4,4,4,4,23,8,52,42,42,42,6,0],"gold":0,"neow_bonus":"THREE_RARE_CARDS","is_prod":false,"is_daily":false,"chose_seed":false,"campfire_upgraded":0,"win_rate":0,"timestamp":1560519367,"path_taken":["M","?","M","M","$","E","?","R","T","?","E","?","M","M","R","BOSS","M","?","M","M","M"],"build_version":"2019-01-23","purchased_purges":1,"victory":false,"max_hp_per_floor":[66,66,66,66,66,66,66,66,66,66,66,66,66,66,66,66,66,66,66,66,66,66],"card_choices":[{"not_picked":["Burst","Bullet Time"],"picked":"After Image","floor":0},{"not_picked":["Dodge and Roll","Quick Slash"],"picked":"Crippling Poison","floor":1},{"not_picked":["Blur","Riddle With Holes"],"picked":"Deadly Poison","floor":3},{"not_picked":["Poisoned Stab","PiercingWail"],"picked":"Cloak And Dagger","floor":4},{"not_picked":["Venomology","Flechettes"],"picked":"Escape Plan","floor":6},{"not_picked":["Quick Slash","Dodge and Roll","Backflip"],"picked":"SKIP","floor":11},{"not_picked":["Choke","Endless Agony"],"picked":"Cloak And Dagger","floor":13},{"not_picked":["Eviscerate","Bane","Accuracy"],"picked":"SKIP","floor":14},{"not_picked":["Unload","Bullet Time"],"picked":"Malaise","floor":16},{"not_picked":["Dodge and Roll","Catalyst"],"picked":"Calculated Gamble","floor":18},{"not_picked":["Riddle With Holes","Tactician"],"picked":"Slice","floor":20},{"not_picked":["Slice+1","Reflex"],"picked":"Deflect","floor":21}],"player_experience":877855,"relics_obtained":[{"floor":6,"key":"Vajra"},{"floor":9,"key":"Blue Candle"},{"floor":10,"key":"Bronze Scales"},{"floor":11,"key":"Lantern"}],"event_choices":[{"damage_healed":0,"gold_gain":0,"player_choice":"Entered Light","damage_taken":20,"max_hp_gain":0,"max_hp_loss":0,"event_name":"Shining Light","floor":2,"gold_loss":0,"cards_upgraded":["Strike_G","Strike_G"]},{"damage_healed":0,"gold_gain":0,"player_choice":"Left Gold","damage_taken":0,"max_hp_gain":0,"max_hp_loss":0,"event_name":"World of Goop","floor":7,"gold_loss":50},{"damage_healed":0,"gold_gain":0,"player_choice":"Paid Fearfully","damage_taken":0,"max_hp_gain":0,"max_hp_loss":0,"event_name":"Masked Bandits","floor":19,"gold_loss":61}],"is_beta":false,"boss_relics":[{"not_picked":["Fusion Hammer","Snecko Eye"],"picked":"Ectoplasm"}],"items_purged_floors":[5],"is_endless":false,"potions_floor_spawned":[6,11,14,16,20,21],"killed_by":"Centurion and Healer","ascension_level":20}