{"gold_per_floor":[117,135,151,121,135,162,162,177,177,191,202,212,222,239,239,343,343,363,363,12,12,0,0,15,29,81,101,101,120,120,150,150,150],"floor_reached":33,"playtime":3483,"items_purged":[],"score":300,"play_id":"853a9589-051b-44f4-bbb6-993bf266edcc","local_time":"20190615004418","is_ascension_mode":false,"campfire_choices":[{"floor":7,"key":"REST"},{"floor":15,"key":"REST"},{"data":"Melter","floor":23,"key":"SMITH"},{"floor":28,"key":"REST"},{"floor":32,"key":"REST"}],"neow_cost":"NONE","seed_source_timestamp":39236470301100,"circlet_count":0,"master_deck":["Strike_B","Strike_B","Strike_B","Defend_B","Defend_B","Defend_B","Defend_B","Zap","Dualcast","Cold Snap","Undo","Hologram","Amplify","Sweeping Beam","Loop","Self Repair","Multi-Cast","Leap+1","Fusion+1","Conserve Battery+1","Redo+1","Ball Lightning","Reboot+1","Rip and Tear","Panache","Good Instincts+1","Melter+1","Rainbow+1","Bandage Up+1","Writhe","Undo+1","Force Field+1","Coolheaded+1","Streamline","Steam+1","RitualDagger","Skim+1","Stack+1"],"relics":["Cracked Core","Mercury Hourglass","Toxic Egg 2","Inserter","MutagenicStrength","Juzu Bracelet","Dream Catcher"],"potions_floor_usage":[5,11,24,24,24,31,31,33],"damage_taken":[{"damage":0,"enemies":"Small Slimes","floor":1,"turns":4},{"damage":2,"enemies":"Jaw Worm","floor":2,"turns":6},{"damage":0,"enemies":"Cultist","floor":3,"turns":3},{"damage":3,"enemies":"Looter","floor":4,"turns":4},{"damage":1,"enemies":"Large Slime","floor":5,"turns":8},{"damage":23,"enemies":"3 Sentries","floor":6,"turns":8},{"damage":15,"enemies":"Exordium Thugs","floor":8,"turns":5},{"damage":8,"enemies":"2 Fungi Beasts","floor":10,"turns":3},{"damage":9,"enemies":"Blue Slaver","floor":11,"turns":3},{"damage":5,"enemies":"Exordium Thugs","floor":12,"turns":5},{"damage":0,"enemies":"3 Louse","floor":13,"turns":2},{"damage":6,"enemies":"Exordium Wildlife","floor":14,"turns":2},{"damage":18,"enemies":"Slime Boss","floor":16,"turns":10},{"damage":20,"enemies":"Chosen","floor":18,"turns":6},{"damage":11,"enemies":"2 Thieves","floor":22,"turns":4},{"damage":4,"enemies":"Centurion and Healer","floor":24,"turns":7},{"damage":19,"enemies":"Snake Plant","floor":25,"turns":6},{"damage":17,"enemies":"Shelled Parasite and Fungi","floor":27,"turns":10},{"damage":28,"enemies":"Centurion and Healer","floor":29,"turns":7},{"damage":51,"enemies":"Slavers","floor":31,"turns":6},{"damage":59,"enemies":"Collector","floor":33,"turns":8}],"seed_played":"3321409584380999762","potions_obtained":[{"floor":2,"key":"Block Potion"},{"floor":3,"key":"Energy Potion"},{"floor":6,"key":"Weak Potion"},{"floor":10,"key":"Swift Potion"},{"floor":11,"key":"Energy Potion"},{"floor":13,"key":"Poison Potion"},{"floor":16,"key":"FearPotion"},{"floor":25,"key":"Energy Potion"},{"floor":27,"key":"FearPotion"},{"floor":31,"key":"SpeedPotion"}],"is_trial":false,"path_per_floor":["M","M","M","M","M","E","R","M","T","M","M","M","M","M","R","B",null,"M","?","$","?","M","R","M","M","T","M","R","M","?","E","R","B"],"character_chosen":"DEFECT","items_purchased":["Panache","Good Instincts+1","Melter"],"campfire_rested":4,"item_purchase_floors":[20,20,20],"current_hp_per_floor":[75,73,73,70,69,46,68,60,60,59,50,52,59,53,75,64,75,62,62,62,62,64,64,66,53,53,49,71,56,50,12,34,0],"gold":150,"neow_bonus":"TRANSFORM_CARD","is_prod":false,"is_daily":false,"chose_seed":false,"campfire_upgraded":1,"win_rate":0.0,"timestamp":1560555858,"path_taken":["M","M","M","M","M","E","R","M","T","M","M","M","M","M","R","BOSS","M","?","$","?","?","R","M","M","T","M","R","M","?","E","R","BOSS"],"build_version":"2019-01-23","purchased_purges":0,"victory":false,"max_hp_per_floor":[75,75,75,75,75,75,75,75,75,75,75,75,75,75,75,75,75,75,75,75,75,75,75,75,75,75,75,75,75,75,75,75,75],"card_choices":[{"not_picked":["Streamline","Leap"],"picked":"Undo","floor":1},{"not_picked":["Consume","Rebound"],"picked":"Hologram","floor":2},{"not_picked":["Cold Snap","Glacier"],"picked":"Amplify","floor":3},{"not_picked":["Reprogram","Cold Snap"],"picked":"Sweeping Beam","floor":4},{"not_picked":["Rebound","Scrape"],"picked":"Loop","floor":5},{"not_picked":["Reprogram","Sweeping Beam"],"picked":"Self Repair","floor":6},{"not_picked":["Coolheaded","Steam"],"picked":"Multi-Cast","floor":8},{"not_picked":["Ball Lightning","Go for the Eyes"],"picked":"Leap+1","floor":10},{"not_picked":["Steam+1","Streamline"],"picked":"Fusion+1","floor":11},{"not_picked":["Go for the Eyes","Cold Snap"],"picked":"Conserve Battery+1","floor":12},{"not_picked":["Sweeping Beam","Doom and Gloom"],"picked":"Redo+1","floor":13},{"not_picked":["Streamline","Redo+1"],"picked":"Ball Lightning","floor":14},{"not_picked":["All For One","Seek+1"],"picked":"Reboot+1","floor":16},{"not_picked":["Rebound","Storm"],"picked":"Rip and Tear","floor":18},{"not_picked":["Heatsinks","Consume+1"],"picked":"Undo+1","floor":22},{"not_picked":["Sweeping Beam","Cold Snap"],"picked":"Force Field+1","floor":24},{"not_picked":["Barrage","Gash"],"picked":"Coolheaded+1","floor":25},{"not_picked":["Go for the Eyes","Redo+1"],"picked":"Streamline","floor":27},{"not_picked":["Beam Cell","Sweeping Beam"],"picked":"Steam+1","floor":29},{"not_picked":["Streamline","Rainbow+1"],"picked":"Skim+1","floor":31},{"not_picked":["Auto Shields+1","Go for the Eyes"],"picked":"Stack+1","floor":32}],"player_experience":16966,"relics_obtained":[{"floor":6,"key":"Mercury Hourglass"},{"floor":9,"key":"Toxic Egg 2"},{"floor":26,"key":"Juzu Bracelet"},{"floor":31,"key":"Dream Catcher"}],"event_choices":[{"damage_healed":0,"gold_gain":0,"player_choice":"Inject Mutagens","damage_taken":0,"relics_obtained":["MutagenicStrength"],"max_hp_gain":0,"max_hp_loss":0,"event_name":"Drug Dealer","floor":19,"gold_loss":0},{"damage_healed":0,"gold_gain":0,"player_choice":"3 cards matched","damage_taken":0,"max_hp_gain":0,"max_hp_loss":0,"event_name":"Match and Keep!","floor":21,"gold_loss":0,"cards_obtained":["Rainbow","Bandage Up","Writhe"]},{"damage_healed":0,"gold_gain":0,"player_choice":"Joined the Cult","damage_taken":6,"max_hp_gain":0,"max_hp_loss":0,"event_name":"Nest","floor":30,"gold_loss":0,"cards_obtained":["RitualDagger"]}],"is_beta":false,"boss_relics":[{"not_picked":["Philosopher\u0027s Stone","Velvet Choker"],"picked":"Inserter"}],"items_purged_floors":[],"is_endless":false,"potions_floor_spawned":[2,3,6,10,11,13,16,25,27,31],"killed_by":"Collector","ascension_level":0}