{"gold_per_floor":[116,132,151,151,170,170,200,200,280,280,292,310,324,336,336,438,438,458,471,471,471,28,54,54],"floor_reached":24,"playtime":1364,"items_purged":[],"score":210,"play_id":"84496156-69a2-4c90-a8b2-745faefe2191","local_time":"20190616201017","is_ascension_mode":false,"campfire_choices":[{"data":"All Out Attack","floor":6,"key":"SMITH"},{"data":"Crippling Poison","floor":8,"key":"SMITH"},{"data":"Neutralize","floor":10,"key":"SMITH"},{"floor":15,"key":"REST"}],"neow_cost":"NONE","seed_source_timestamp":27861343462500,"circlet_count":0,"master_deck":["Defend_G","Defend_G","Defend_G","Defend_G","Defend_G","Strike_G","Strike_G","Strike_G","Strike_G","Survivor","Neutralize+1","Impatience","Crippling Poison+1","Flying Knee","Heel Hook","All Out Attack+1","Quick Slash","Caltrops","PiercingWail","Bane","Burst","Poisoned Stab","Backstab","Quick Slash","Crippling Poison","Noxious Fumes","Sadistic Nature","Flechettes"],"relics":["Ring of the Snake","Bottled Lightning","Black Star","Dream Catcher","Ancient Tea Set","Pocketwatch"],"potions_floor_usage":[13,16,16,16,23],"damage_taken":[{"damage":0,"enemies":"Small Slimes","floor":1,"turns":3},{"damage":0,"enemies":"2 Louse","floor":2,"turns":3},{"damage":8,"enemies":"Jaw Worm","floor":3,"turns":5},{"damage":6,"enemies":"Blue Slaver","floor":5,"turns":5},{"damage":9,"enemies":"Gremlin Gang","floor":11,"turns":2},{"damage":8,"enemies":"Lots of Slimes","floor":12,"turns":2},{"damage":0,"enemies":"3 Louse","floor":13,"turns":1},{"damage":0,"enemies":"Exordium Wildlife","floor":14,"turns":2},{"damage":30,"enemies":"The Guardian","floor":16,"turns":17},{"damage":3,"enemies":"3 Byrds","floor":18,"turns":2},{"damage":6,"enemies":"Chosen","floor":19,"turns":4},{"damage":39,"enemies":"Gremlin Leader","floor":23,"turns":7},{"damage":10,"enemies":"Snake Plant","floor":24,"turns":1}],"seed_played":"159450067621358301","potions_obtained":[{"floor":3,"key":"Ancient Potion"},{"floor":5,"key":"Weak Potion"},{"floor":11,"key":"Dexterity Potion"},{"floor":13,"key":"Weak Potion"},{"floor":14,"key":"SteroidPotion"},{"floor":19,"key":"FearPotion"}],"is_trial":false,"path_per_floor":["M","M","M","?","M","R","?","R","T","R","M","M","M","M","R","B",null,"M","M","?","?","$","E","M"],"character_chosen":"THE_SILENT","items_purchased":["Crippling Poison","Noxious Fumes","Sadistic Nature","Dream Catcher"],"campfire_rested":1,"item_purchase_floors":[22,22,22,22],"current_hp_per_floor":[70,70,62,70,64,64,64,64,64,64,55,47,47,47,68,38,70,67,61,48,48,48,9,0],"gold":54,"neow_bonus":"RANDOM_COLORLESS","is_prod":false,"is_daily":false,"chose_seed":false,"campfire_upgraded":3,"win_rate":0.0,"timestamp":1560712217,"path_taken":["M","M","M","?","M","R","?","R","T","R","M","M","M","M","R","BOSS","M","M","?","?","$","E","?"],"build_version":"2019-01-23","purchased_purges":0,"victory":false,"max_hp_per_floor":[70,70,70,70,70,70,70,70,70,70,70,70,70,70,70,70,70,70,70,75,75,75,75,75],"card_choices":[{"not_picked":["Dagger Spray","Underhanded Strike"],"picked":"Crippling Poison","floor":1},{"not_picked":["Prepared","Quick Slash"],"picked":"Flying Knee","floor":2},{"not_picked":["Calculated Gamble","Prepared"],"picked":"Heel Hook","floor":3},{"not_picked":["Sucker Punch","Flying Knee"],"picked":"All Out Attack","floor":5},{"not_picked":["Poisoned Stab","Outmaneuver"],"picked":"Quick Slash","floor":11},{"not_picked":["Outmaneuver","Tactician"],"picked":"Caltrops","floor":12},{"not_picked":["Masterful Stab","Predator"],"picked":"PiercingWail","floor":13},{"not_picked":["Cloak And Dagger","PiercingWail"],"picked":"Bane","floor":14},{"not_picked":["A Thousand Cuts","Unload"],"picked":"Burst","floor":16},{"not_picked":["Dash","Acrobatics"],"picked":"Poisoned Stab","floor":18},{"not_picked":["Dash","Skewer+1"],"picked":"Backstab","floor":19},{"not_picked":["Calculated Gamble","Dodge and Roll"],"picked":"Flechettes","floor":23}],"player_experience":79760,"relics_obtained":[{"floor":9,"key":"Bottled Lightning"},{"floor":23,"key":"Ancient Tea Set"},{"floor":23,"key":"Pocketwatch"}],"event_choices":[{"damage_healed":23,"gold_gain":0,"player_choice":"Banana","damage_taken":0,"max_hp_gain":0,"max_hp_loss":0,"event_name":"Big Fish","floor":4,"gold_loss":0},{"damage_healed":0,"gold_gain":30,"player_choice":"Searched \u00271\u0027 times","damage_taken":0,"max_hp_gain":0,"max_hp_loss":0,"event_name":"Dead Adventurer","floor":7,"gold_loss":0},{"damage_healed":0,"gold_gain":0,"player_choice":"Shed Blood","damage_taken":18,"max_hp_gain":5,"max_hp_loss":0,"event_name":"Forgotten Altar","floor":20,"gold_loss":0},{"damage_healed":0,"gold_gain":0,"cards_transformed":["Strike_G"],"player_choice":"Transformed","damage_taken":0,"max_hp_gain":0,"max_hp_loss":0,"event_name":"Transmorgrifier","floor":21,"gold_loss":0,"cards_obtained":["Quick Slash"]}],"is_beta":false,"boss_relics":[{"not_picked":["Runic Dome","Philosopher\u0027s Stone"],"picked":"Black Star"}],"items_purged_floors":[],"is_endless":false,"potions_floor_spawned":[3,5,11,13,14,19],"killed_by":"Snake Plant","ascension_level":0}