{"gold_per_floor":[114,129,61,61,76,76,91,106,106,106,121,136,136,151,151,251,251,266,266,26,41,3,3,3,3,3,3,18,33,63,78,78,178,178,193,193,95,195,195,195,45,70,70,70,70,100,23,38,38,38],"floor_reached":51,"playtime":2086,"items_purged":["Strike_B","Strike_B","Defend_B"],"score":735,"play_id":"5633fccf-0ccb-491d-a27b-e148aacd9055","local_time":"20190409234259","daily_mods":["Heirloom","Diverse","Night Terrors"],"is_ascension_mode":false,"campfire_choices":[{"data":"Defragment","floor":6,"key":"SMITH"},{"data":"Genetic Algorithm","floor":10,"key":"SMITH"},{"data":"Loop","floor":13,"key":"SMITH"},{"data":"Reinforced Body","floor":15,"key":"SMITH"},{"data":"Loop","floor":23,"key":"SMITH"},{"data":"Self Repair","floor":25,"key":"SMITH"},{"data":"FTL","floor":27,"key":"SMITH"},{"data":"Blur","floor":32,"key":"SMITH"},{"data":"Loop","floor":40,"key":"SMITH"},{"floor":44,"key":"REST"},{"floor":49,"key":"REST"}],"neow_cost":"","seed_source_timestamp":0,"circlet_count":0,"master_deck":["Defend_B","Defend_B","Defend_B","Zap","Dualcast","Defragment+1","Genetic Algorithm+1","Reinforced Body+1","FTL+1","Loop+1","Machine Learning+1","Loop+1","Self Repair+1","Loop+1","Blur+1","Machine Learning","Loop+1","Auto Shields+1","Footwork"],"special_seed":17996,"relics":["Cracked Core","Thread and Needle","Emotion Chip","Sozu","Membership Card","The Courier","DataDisk","Black Star","Art of War","StoneCalendar","Question Card","Juzu Bracelet","Dream Catcher","Bag of Marbles","Toxic Egg 2"],"potions_floor_usage":[16,33,33,50],"damage_taken":[{"damage":0,"enemies":"Small Slimes","floor":1,"turns":2},{"damage":0,"enemies":"Cultist","floor":2,"turns":3},{"damage":6,"enemies":"Jaw Worm","floor":5,"turns":4},{"damage":15,"enemies":"Exordium Thugs","floor":7,"turns":4},{"damage":0,"enemies":"2 Fungi Beasts","floor":8,"turns":3},{"damage":11,"enemies":"3 Louse","floor":11,"turns":3},{"damage":7,"enemies":"Large Slime","floor":12,"turns":4},{"damage":3,"enemies":"Blue Slaver","floor":14,"turns":4},{"damage":10,"enemies":"The Guardian","floor":16,"turns":12},{"damage":0,"enemies":"Shell Parasite","floor":18,"turns":5},{"damage":0,"enemies":"Spheric Guardian","floor":21,"turns":4},{"damage":0,"enemies":"Snake Plant","floor":28,"turns":4},{"damage":4,"enemies":"Snecko","floor":29,"turns":4},{"damage":18,"enemies":"Book of Stabbing","floor":30,"turns":5},{"damage":20,"enemies":"3 Cultists","floor":31,"turns":5},{"damage":34,"enemies":"Collector","floor":33,"turns":9},{"damage":37,"enemies":"3 Darklings","floor":35,"turns":5},{"damage":0,"enemies":"Mind Bloom Boss Battle","floor":38,"turns":5},{"damage":0,"enemies":"Giant Head","floor":46,"turns":9},{"damage":24,"enemies":"3 Shapes","floor":48,"turns":3},{"damage":35,"enemies":"Donu and Deca","floor":50,"turns":10}],"seed_played":"-2123263057779283965","potions_obtained":[{"floor":7,"key":"Ancient Potion"},{"floor":11,"key":"Explosive Potion"},{"floor":14,"key":"PowerPotion"},{"floor":16,"key":"Swift Potion"}],"is_trial":false,"path_per_floor":["M","M","$","?","M","R","M","M","T","R","M","M","R","M","R","B",null,"M","?","$","M","$","R","?","R","T","R","M","M","E","M","R","B",null,"M","?","$","?","?","R","$","T","T","R","?","E","$","M","R","B",null],"character_chosen":"DEFECT","items_purchased":["Genetic Algorithm","Membership Card","Loop","Self Repair","Art of War","Question Card","Footwork"],"campfire_rested":2,"item_purchase_floors":[3,20,20,22,37,41,47],"current_hp_per_floor":[75,75,75,75,69,69,54,54,54,54,43,36,36,33,33,23,75,75,75,75,75,75,75,75,75,75,75,75,75,67,57,57,33,75,48,48,48,58,58,58,58,58,58,66,66,66,66,42,61,26],"gold":38,"neow_bonus":"","is_prod":false,"is_daily":true,"chose_seed":false,"campfire_upgraded":9,"win_rate":0,"timestamp":1554878579,"path_taken":["M","M","$","?","M","R","?","M","T","R","?","M","R","M","R","BOSS","M","?","?","M","$","R","?","R","T","R","?","M","E","M","R","BOSS","M","?","$","?","?","R","$","?","T","R","?","E","$","M","R","BOSS"],"build_version":"2019-01-23","purchased_purges":3,"victory":true,"max_hp_per_floor":[75,75,75,75,75,75,75,75,75,75,75,75,75,75,75,75,75,75,75,75,75,75,75,75,75,75,75,75,75,75,75,75,75,75,75,75,75,75,71,71,71,71,71,66,66,66,66,66,61,61],"card_choices":[{"not_picked":["Acrobatics","Iron Wave"],"picked":"Defragment","floor":1},{"not_picked":["Steam Power","Streamline","Prepared"],"picked":"SKIP","floor":2},{"not_picked":["Heavy Blade","Skim","Compile Driver"],"picked":"SKIP","floor":5},{"not_picked":["Tempest","Body Slam"],"picked":"Reinforced Body","floor":7},{"not_picked":["Sucker Punch","Footwork","Heatsinks"],"picked":"SKIP","floor":8},{"not_picked":["Havoc","Redo"],"picked":"FTL","floor":11},{"not_picked":["Streamline","Catalyst"],"picked":"Loop","floor":12},{"not_picked":["Underhanded Strike","Perfected Strike","Dagger Spray"],"picked":"SKIP","floor":14},{"not_picked":["Bullet Time","A Thousand Cuts"],"picked":"Machine Learning","floor":16},{"not_picked":["Whirlwind+1","Slice","Compile Driver+1"],"picked":"SKIP","floor":18},{"not_picked":["Body Slam","Ghostly Armor","Sword Boomerang"],"picked":"SKIP","floor":21},{"not_picked":["Steam","Choke+1"],"picked":"Loop+1","floor":28},{"not_picked":["Steam","Heavy Blade"],"picked":"Blur","floor":29},{"not_picked":["Power Through+1","Chaos+1","Dagger Throw"],"picked":"SKIP","floor":30},{"not_picked":["Static Discharge","Blade Dance","Heavy Blade"],"picked":"SKIP","floor":31},{"not_picked":["Rainbow","Phantasmal Killer"],"picked":"Machine Learning","floor":33},{"not_picked":["Thunderclap+1","Spot Weakness+1"],"picked":"Loop","floor":35},{"not_picked":["Crippling Poison+1","True Grit"],"picked":"Auto Shields+1","floor":38},{"not_picked":["Masterful Stab+1","Shrug It Off","True Grit","Sword Boomerang+1"],"picked":"SKIP","floor":46},{"not_picked":["Tempest+1","Endless Agony+1","Combust+1","Stack+1"],"picked":"SKIP","floor":48}],"player_experience":562361,"relics_obtained":[{"floor":9,"key":"Emotion Chip"},{"floor":26,"key":"The Courier"},{"floor":30,"key":"DataDisk"},{"floor":38,"key":"StoneCalendar"},{"floor":42,"key":"Juzu Bracelet"},{"floor":43,"key":"Dream Catcher"},{"floor":46,"key":"Bag of Marbles"},{"floor":46,"key":"Toxic Egg 2"}],"event_choices":[{"damage_healed":0,"gold_gain":0,"player_choice":"0 cards matched","damage_taken":0,"max_hp_gain":0,"max_hp_loss":0,"event_name":"Match and Keep!","floor":4,"gold_loss":0,"cards_obtained":[]},{"cards_removed":["Strike_B"],"damage_healed":0,"gold_gain":0,"player_choice":"Offered Basic","damage_taken":0,"max_hp_gain":0,"max_hp_loss":0,"event_name":"Bonfire Elementals","floor":19,"gold_loss":0},{"damage_healed":0,"gold_gain":0,"player_choice":"Upgraded","damage_taken":0,"max_hp_gain":0,"max_hp_loss":0,"event_name":"Upgrade Shrine","floor":24,"gold_loss":0,"cards_upgraded":["Machine Learning"]},{"damage_healed":0,"gold_gain":0,"player_choice":"Ignored","damage_taken":0,"max_hp_gain":0,"max_hp_loss":0,"event_name":"Tomb of Lord Red Mask","floor":36,"gold_loss":0},{"damage_healed":0,"gold_gain":0,"player_choice":"Fight","damage_taken":0,"max_hp_gain":0,"max_hp_loss":0,"event_name":"MindBloom","floor":38,"gold_loss":0},{"damage_healed":0,"gold_gain":0,"player_choice":"Max HP","damage_taken":0,"max_hp_gain":0,"max_hp_loss":4,"event_name":"Winding Halls","floor":39,"gold_loss":0},{"cards_removed":["Strike_B"],"damage_healed":0,"gold_gain":0,"player_choice":"Removed Attack","damage_taken":0,"max_hp_gain":0,"max_hp_loss":0,"event_name":"Falling","floor":45,"gold_loss":0}],"is_beta":false,"boss_relics":[{"not_picked":["Cursed Key","White Beast Statue"],"picked":"Sozu"},{"not_picked":["Coffee Dripper","Busted Crown"],"picked":"Black Star"}],"items_purged_floors":[37,41,47],"is_endless":false,"potions_floor_spawned":[7,11,14,16,21,31,33,38,46,48],"ascension_level":0}