{"gold_per_floor":[216,366,385,92,112,112,131,158,158,158,185,185,200,213,213,290,290,259,284,209,229,240,240,87,87,87,118,118,118,134,134,134,211,211,231,231,255,255,16,16],"floor_reached":40,"playtime":5026,"items_purged":["Doubt"],"score":725,"play_id":"85afb28c-9ae0-478b-ac03-8ae688aabf30","local_time":"20190508095056","is_ascension_mode":true,"campfire_choices":[{"data":"Noxious Fumes","floor":6.0,"key":"SMITH"},{"floor":15.0,"key":"REST"},{"floor":23,"key":"REST"},{"data":"Cloak And Dagger","floor":25,"key":"SMITH"},{"floor":29,"key":"REST"},{"data":"Bouncing Flask","floor":32,"key":"SMITH"}],"neow_cost":"NONE","seed_source_timestamp":0,"circlet_count":0,"master_deck":["AscendersBane","Defend_G","Defend_G","Defend_G","Defend_G","Defend_G","Strike_G","Strike_G","Survivor","Neutralize+1","Dodge and Roll","PiercingWail","Bouncing Flask+1","Noxious Fumes+1","Calculated Gamble","Noxious Fumes","Underhanded Strike","Dodge and Roll","Bullet Time","Leg Sweep","Catalyst","Cloak And Dagger+1","Well Laid Plans","Leg Sweep","Blur","After Image","Ghostly","Ghostly","Ghostly","Night Terror","Blade Dance"],"special_seed":0,"relics":["Ring of the Serpent","Lantern","Ornamental Fan","Question Card","Regal Pillow","Dream Catcher","Blood Vial","PreservedInsect","Philosopher\u0027s Stone","Omamori","Shuriken"],"potions_floor_usage":[21,22,22,28,35],"damage_taken":[{"damage":2.0,"enemies":"2 Louse","floor":1.0,"turns":3.0},{"damage":0.0,"enemies":"Small Slimes","floor":3.0,"turns":4.0},{"damage":4.0,"enemies":"Cultist","floor":5.0,"turns":5.0},{"damage":0.0,"enemies":"Exordium Wildlife","floor":7.0,"turns":3.0},{"damage":2.0,"enemies":"Lagavulin","floor":8.0,"turns":6.0},{"damage":36.0,"enemies":"Gremlin Nob","floor":11.0,"turns":5.0},{"damage":12.0,"enemies":"Lots of Slimes","floor":13.0,"turns":5.0},{"damage":0.0,"enemies":"Large Slime","floor":14.0,"turns":7.0},{"damage":10.0,"enemies":"Hexaghost","floor":16.0,"turns":9.0},{"damage":25.0,"enemies":"2 Thieves","floor":18.0,"turns":5.0},{"damage":10,"enemies":"Spheric Guardian","floor":21,"turns":5},{"damage":16,"enemies":"Centurion and Healer","floor":22,"turns":8},{"damage":36,"enemies":"Gremlin Leader","floor":27,"turns":8},{"damage":0,"enemies":"3 Cultists","floor":28,"turns":4},{"damage":20,"enemies":"Shelled Parasite and Fungi","floor":30,"turns":7},{"damage":18,"enemies":"Collector","floor":33,"turns":10},{"damage":0,"enemies":"3 Shapes","floor":35,"turns":7},{"damage":33,"enemies":"Giant Head","floor":40,"turns":7}],"seed_played":"863679652646390343","potions_obtained":[{"floor":1.0,"key":"LiquidBronze"},{"floor":7.0,"key":"PowerPotion"},{"floor":13.0,"key":"SkillPotion"},{"floor":14.0,"key":"SpeedPotion"},{"floor":18,"key":"Poison Potion"},{"floor":21,"key":"Fire Potion"},{"floor":27,"key":"SmokeBomb"},{"floor":30,"key":"SteroidPotion"},{"floor":35,"key":"Fire Potion"}],"is_trial":false,"path_per_floor":["M","?","M","$","M","R","M","E","T","?","E","?","M","M","R","B",null,"M","T","?","M","M","R","$","R","T","E","M","R","M","?","R","B",null,"M","?","T","?","$","E"],"character_chosen":"THE_SILENT","items_purchased":["Lantern","Bouncing Flask","Blood Vial","Shuriken"],"campfire_rested":3,"item_purchase_floors":[4,4,24,39],"current_hp_per_floor":[57,57,57,57,53,53,53,51,51,51,15,15,3,3,37,27,56,31,31,31,21,5,39,39,39,39,5,7,41,23,23,23,7,27,29,29,29,29,29,0],"gold":16,"neow_bonus":"HUNDRED_GOLD","is_prod":false,"is_daily":false,"chose_seed":false,"campfire_upgraded":3,"win_rate":0,"timestamp":1557301856,"path_taken":["M","?","M","$","M","R","M","E","T","?","E","?","M","M","R","BOSS","M","?","?","M","?","R","$","R","T","E","M","R","?","?","R","BOSS","M","?","?","?","$","E"],"build_version":"2019-01-23","purchased_purges":1,"victory":false,"max_hp_per_floor":[66,66,66,66,66,66,66,66,66,66,66,66,66,66,66,66,66,66,66,66,66,66,66,66,66,66,66,66,66,66,33,33,33,33,33,33,33,33,33,33],"card_choices":[{"not_picked":["Poisoned Stab","Dagger Throw"],"picked":"Dodge and Roll","floor":1.0},{"not_picked":["Adrenaline","Acrobatics"],"picked":"PiercingWail","floor":3.0},{"not_picked":["Dodge and Roll","Slice"],"picked":"Noxious Fumes","floor":5.0},{"not_picked":["Poisoned Stab","Skewer"],"picked":"Calculated Gamble","floor":7.0},{"not_picked":["Bane","Blade Dance","Skewer"],"picked":"SKIP","floor":8.0},{"not_picked":["Slice","All Out Attack","Choke"],"picked":"Noxious Fumes","floor":11.0},{"not_picked":["Sucker Punch","Quick Slash","Dagger Spray"],"picked":"Dodge and Roll","floor":13.0},{"not_picked":["Poisoned Stab","Doppelganger","Reflex","Acrobatics"],"picked":"SKIP","floor":14.0},{"not_picked":["Burst","Die Die Die","Grand Finale"],"picked":"Bullet Time","floor":16.0},{"not_picked":["Cloak And Dagger","Expertise+1","Noxious Fumes"],"picked":"Leg Sweep","floor":18},{"not_picked":["Eviscerate+1","Backstab","Acrobatics"],"picked":"Catalyst","floor":21},{"not_picked":["Sucker Punch+1","Outmaneuver","Expertise"],"picked":"Cloak And Dagger","floor":22},{"not_picked":["Catalyst","Bouncing Flask","Dagger Throw"],"picked":"Well Laid Plans","floor":23},{"not_picked":["Backstab","Doppelganger","Sucker Punch"],"picked":"Leg Sweep","floor":27},{"not_picked":["Bane","Acrobatics","Bouncing Flask"],"picked":"Blur","floor":29},{"not_picked":["Bane","Calculated Gamble","Reflex"],"picked":"After Image","floor":30},{"not_picked":["Die Die Die","Wraith Form v2","Glass Knife"],"picked":"Night Terror","floor":33},{"not_picked":["Prepared+1","Bouncing Flask","Well Laid Plans"],"picked":"Blade Dance","floor":35}],"player_experience":591647,"relics_obtained":[{"floor":8.0,"key":"Ornamental Fan"},{"floor":9.0,"key":"Question Card"},{"floor":11.0,"key":"Regal Pillow"},{"floor":19,"key":"Dream Catcher"},{"floor":27,"key":"PreservedInsect"},{"floor":37,"key":"Omamori"}],"event_choices":[{"damage_healed":0.0,"max_hp_gain":0.0,"max_hp_loss":0.0,"gold_gain":150.0,"event_name":"Liars Game","player_choice":"AGREE","floor":2.0,"gold_loss":0.0,"damage_taken":0.0,"cards_obtained":["Doubt"]},{"damage_healed":0.0,"max_hp_gain":0.0,"max_hp_loss":0.0,"gold_gain":0.0,"event_name":"Living Wall","player_choice":"Grow","floor":10.0,"gold_loss":0.0,"damage_taken":0.0,"cards_upgraded":["Neutralize"]},{"damage_healed":0.0,"max_hp_gain":0.0,"max_hp_loss":0.0,"gold_gain":0.0,"cards_transformed":["Strike_G"],"event_name":"Transmorgrifier","player_choice":"Transformed","floor":12.0,"gold_loss":0.0,"damage_taken":0.0,"cards_obtained":["Underhanded Strike"]},{"cards_removed":["Strike_G"],"damage_healed":0,"gold_gain":0,"player_choice":"Gave Gold","damage_taken":0,"max_hp_gain":0,"max_hp_loss":0,"event_name":"Beggar","floor":20,"gold_loss":75},{"damage_healed":0,"gold_gain":0,"player_choice":"Became a Ghost","damage_taken":0,"max_hp_gain":0,"max_hp_loss":33,"event_name":"Ghosts","floor":31,"gold_loss":0,"cards_obtained":["Ghostly","Ghostly","Ghostly"]},{"cards_removed":["Strike_G"],"damage_healed":0,"gold_gain":0,"player_choice":"Removed Attack","damage_taken":0,"max_hp_gain":0,"max_hp_loss":0,"event_name":"Falling","floor":36,"gold_loss":0},{"damage_healed":0,"gold_gain":0,"player_choice":"Ignored","damage_taken":0,"max_hp_gain":0,"max_hp_loss":0,"event_name":"Tomb of Lord Red Mask","floor":38,"gold_loss":0}],"is_beta":false,"boss_relics":[{"not_picked":["White Beast Statue","HoveringKite"],"picked":"Ring of the Serpent"},{"not_picked":["Orrery","Eternal Feather"],"picked":"Philosopher\u0027s Stone"}],"items_purged_floors":[4],"is_endless":false,"potions_floor_spawned":[1,7,13,14,18,21,27,30,35],"killed_by":"Giant Head","ascension_level":15}