{"gold_per_floor":[118,137,137,137,157,192,192,224,224,252,217,237,237,253,253,353,353,371,371,51,70,70,100,100,115,115,115,149,159,159,59,59,163,163,176,225,225,240,240,240,265,275,275,275,150,163,179,195,195,195],"floor_reached":51,"playtime":4944,"items_purged":["Strike_B+1","Strike_B+1","Multi-Cast+1"],"score":1062,"play_id":"4941fecd-717f-4a78-82a9-b5c2f09a2410","local_time":"20190430144256","is_ascension_mode":true,"campfire_choices":[{"floor":7.0,"key":"REST"},{"data":"White Noise","floor":13.0,"key":"SMITH"},{"floor":15.0,"key":"REST"},{"data":"Coolheaded","floor":24,"key":"SMITH"},{"floor":27,"key":"REST"},{"floor":30,"key":"REST"},{"floor":32,"key":"REST"},{"data":"Echo Form","floor":40,"key":"SMITH"},{"floor":49,"key":"REST"}],"neow_cost":"NONE","seed_source_timestamp":90024917777568,"circlet_count":0,"master_deck":["AscendersBane","Defend_B+1","Defend_B+1","Zap+1","Dualcast","BootSequence","White Noise+1","Glacier+1","Gash","Gash","Creative AI","Genetic Algorithm+1","Sunder","Echo Form+1","Hologram+1","Storm","Coolheaded+1","Compile Driver+1","Gash+1","Capacitor+1","Steam Power","White Noise+1","Reboot","Undo+1","Glacier","Hologram+1","Self Repair"],"special_seed":0,"relics":["Cracked Core","Dodecahedron","Question Card","Anchor","Runic Pyramid","Lantern","Omamori","War Paint","Bronze Scales","Astrolabe","Oddly Smooth Stone","Turnip","PreservedInsect"],"potions_floor_usage":[28,28,36,41,48],"damage_taken":[{"damage":9.0,"enemies":"Jaw Worm","floor":1.0,"turns":3.0},{"damage":0.0,"enemies":"2 Louse","floor":2.0,"turns":2.0},{"damage":1.0,"enemies":"Cultist","floor":5.0,"turns":4.0},{"damage":12.0,"enemies":"Lagavulin","floor":6.0,"turns":6.0},{"damage":21.0,"enemies":"3 Sentries","floor":8.0,"turns":7.0},{"damage":37.0,"enemies":"Gremlin Nob","floor":10.0,"turns":6.0},{"damage":0.0,"enemies":"Looter","floor":12.0,"turns":3.0},{"damage":4.0,"enemies":"Exordium Thugs","floor":14.0,"turns":6.0},{"damage":28,"enemies":"Hexaghost","floor":16,"turns":8},{"damage":12,"enemies":"Shell Parasite","floor":18,"turns":7},{"damage":0,"enemies":"Chosen","floor":21,"turns":5},{"damage":22,"enemies":"Gremlin Leader","floor":23,"turns":7},{"damage":10,"enemies":"Snake Plant","floor":25,"turns":6},{"damage":40,"enemies":"Book of Stabbing","floor":28,"turns":8},{"damage":0,"enemies":"Centurion and Healer","floor":29,"turns":9},{"damage":26,"enemies":"Champ","floor":33,"turns":10},{"damage":17,"enemies":"3 Shapes","floor":35,"turns":5},{"damage":0,"enemies":"3 Darklings","floor":38,"turns":5},{"damage":50,"enemies":"Reptomancer","floor":41,"turns":10},{"damage":3,"enemies":"4 Shapes","floor":42,"turns":6},{"damage":15,"enemies":"Writhing Mass","floor":46,"turns":5},{"damage":10,"enemies":"3 Darklings","floor":47,"turns":6},{"damage":1,"enemies":"Transient","floor":48,"turns":5},{"damage":48,"enemies":"Donu and Deca","floor":50,"turns":10}],"seed_played":"-8032216181935306648","potions_obtained":[{"floor":1.0,"key":"Ancient Potion"},{"floor":5.0,"key":"Poison Potion"},{"floor":14.0,"key":"GamblersBrew"},{"floor":16,"key":"SpeedPotion"},{"floor":29,"key":"Dexterity Potion"},{"floor":33,"key":"Weak Potion"},{"floor":35,"key":"Fruit Juice"},{"floor":42,"key":"Swift Potion"},{"floor":46,"key":"Fire Potion"}],"is_trial":false,"path_per_floor":["M","M","?","?","M","E","R","E","T","E","?","M","R","M","R","B",null,"M","?","$","M","?","E","R","M","T","R","E","M","R","$","R","B",null,"M","T","?","M","?","R","E","M","T","?","$","M","M","M","R","B",null],"character_chosen":"DEFECT","items_purchased":["Lantern","Storm","Coolheaded"],"campfire_rested":6,"item_purchase_floors":[20,20,20],"current_hp_per_floor":[59,59,64,48,47,35,59,38,38,1,21,21,21,17,41,13,63,51,51,51,51,51,29,29,19,19,43,3,3,27,27,51,25,66,49,54,75,75,75,75,25,22,22,74,74,59,49,48,70,29],"gold":195,"neow_bonus":"UPGRADE_CARD","is_prod":false,"is_daily":false,"chose_seed":false,"campfire_upgraded":3,"win_rate":0,"timestamp":1556628176,"path_taken":["M","M","?","?","M","E","R","E","T","E","?","M","R","M","R","BOSS","M","?","$","M","?","E","R","M","T","R","E","M","R","$","R","BOSS","M","?","?","?","?","R","E","M","T","?","$","M","M","M","R","BOSS"],"build_version":"2019-01-23","purchased_purges":3,"victory":true,"max_hp_per_floor":[75,75,80,80,80,80,80,80,80,80,80,80,80,80,80,80,80,80,80,80,80,80,80,80,80,80,80,80,80,80,80,80,80,80,80,85,85,85,85,85,85,85,85,74,74,74,74,74,74,74],"card_choices":[{"not_picked":["Skim","Compile Driver"],"picked":"BootSequence","floor":1.0},{"not_picked":["Loop","Skim"],"picked":"White Noise","floor":2.0},{"not_picked":["Steam Power","Compile Driver"],"picked":"Glacier","floor":5.0},{"not_picked":["Force Field","Conserve Battery"],"picked":"Gash","floor":6.0},{"not_picked":["Reinforced Body","Lockon"],"picked":"Gash","floor":8.0},{"not_picked":["Compile Driver","Consume","Chill"],"picked":"Creative AI","floor":10.0},{"not_picked":["Barrage","Skim","Steam"],"picked":"Genetic Algorithm","floor":12.0},{"not_picked":["Stack","Cold Snap","Chill"],"picked":"Sunder","floor":14.0},{"not_picked":["Thunder Strike","Buffer","Electrodynamics"],"picked":"Echo Form","floor":16},{"not_picked":["Go for the Eyes","Conserve Battery","Cold Snap+1"],"picked":"Hologram+1","floor":18},{"not_picked":["Darkness","Fission","Go for the Eyes+1"],"picked":"Compile Driver+1","floor":21},{"not_picked":["Streamline","Stack+1","Hyperbeam"],"picked":"Gash+1","floor":23},{"not_picked":["Streamline","BootSequence","Coolheaded"],"picked":"Capacitor+1","floor":25},{"not_picked":["Tempest","Leap+1","Lockon"],"picked":"Steam Power","floor":28},{"not_picked":["Ball Lightning+1","Turbo","Conserve Battery"],"picked":"White Noise+1","floor":29},{"not_picked":["Echo Form","Amplify","Rainbow"],"picked":"Reboot","floor":33},{"not_picked":["Ball Lightning","Stack","Barrage"],"picked":"Glacier","floor":35},{"not_picked":["Sweeping Beam+1","Redo","Leap+1","Conserve Battery+1"],"picked":"SKIP","floor":38},{"not_picked":["Sweeping Beam+1","Auto Shields","Reinforced Body","Reboot"],"picked":"SKIP","floor":41},{"not_picked":["Ball Lightning","Rebound","Barrage"],"picked":"Hologram+1","floor":42},{"not_picked":["Darkness","Barrage","Reinforced Body","Core Surge"],"picked":"SKIP","floor":46},{"not_picked":["Force Field","Compile Driver","Cold Snap+1"],"picked":"Self Repair","floor":47},{"not_picked":["Doom and Gloom+1","Gash","Genetic Algorithm","Ball Lightning"],"picked":"SKIP","floor":48}],"player_experience":579206,"relics_obtained":[{"floor":6.0,"key":"Dodecahedron"},{"floor":8.0,"key":"Question Card"},{"floor":10.0,"key":"Anchor"},{"floor":23,"key":"Omamori"},{"floor":26,"key":"War Paint"},{"floor":28,"key":"Bronze Scales"},{"floor":36,"key":"Oddly Smooth Stone"},{"floor":41,"key":"Turnip"},{"floor":43,"key":"PreservedInsect"}],"event_choices":[{"damage_healed":0.0,"max_hp_gain":5.0,"max_hp_loss":0.0,"gold_gain":0.0,"event_name":"Big Fish","player_choice":"Donut","floor":3.0,"gold_loss":0.0,"damage_taken":0.0},{"damage_healed":0.0,"max_hp_gain":0.0,"max_hp_loss":0.0,"gold_gain":0.0,"event_name":"Shining Light","player_choice":"Entered Light","floor":4.0,"gold_loss":0.0,"damage_taken":16.0,"cards_upgraded":["Strike_B","Defend_B"]},{"damage_healed":20.0,"max_hp_gain":0.0,"max_hp_loss":0.0,"gold_gain":0.0,"event_name":"The Cleric","player_choice":"Healed","floor":11.0,"gold_loss":35.0,"damage_taken":0.0},{"damage_healed":0,"gold_gain":0,"player_choice":"Simplicity","damage_taken":0,"max_hp_gain":0,"max_hp_loss":0,"event_name":"Back to Basics","floor":19,"gold_loss":0,"cards_upgraded":["Strike_B","Strike_B","Strike_B","Defend_B","Defend_B","Defend_B"]},{"cards_removed":["Strike_B"],"damage_healed":0,"gold_gain":0,"player_choice":"Purged","damage_taken":0,"max_hp_gain":0,"max_hp_loss":0,"event_name":"Purifier","floor":22,"gold_loss":0},{"damage_healed":21,"gold_gain":0,"player_choice":"Writhe","damage_taken":0,"max_hp_gain":0,"max_hp_loss":0,"event_name":"Winding Halls","floor":37,"gold_loss":0,"cards_obtained":["Writhe"]},{"cards_removed":["Thunder Strike"],"damage_healed":0,"gold_gain":0,"player_choice":"Removed Attack","damage_taken":0,"max_hp_gain":0,"max_hp_loss":0,"event_name":"Falling","floor":39,"gold_loss":0},{"damage_healed":74,"gold_gain":0,"player_choice":"Heal","damage_taken":0,"max_hp_gain":0,"max_hp_loss":11,"event_name":"The Moai Head","floor":44,"gold_loss":0}],"is_beta":false,"boss_relics":[{"not_picked":["Pandora\u0027s Box","FrozenCore"],"picked":"Runic Pyramid"},{"not_picked":["Eternal Feather","Orrery"],"picked":"Astrolabe"}],"items_purged_floors":[20,31,45],"is_endless":false,"potions_floor_spawned":[1,5,14,16,23,25,29,33,35,42,46,47],"ascension_level":11}