{"gold_per_floor":[114,114,114,39,64,83,83,102,102,140,140,140,178,178,178,303,303,322,341,341,360,379,379,417,417,497,166,185,35,35,54,54,54],"floor_reached":33,"playtime":976,"items_purged":["Strike_B","Strike_B"],"score":298,"play_id":"5a45738f-f3a5-4cf8-9c3a-a42f22528c07","local_time":"20190517233417","daily_mods":["Specialized","Green Cards","Night Terrors"],"is_ascension_mode":false,"campfire_choices":[{"data":"Noxious Fumes","floor":7,"key":"SMITH"},{"data":"Go for the Eyes","floor":11,"key":"SMITH"},{"data":"Die Die Die","floor":15,"key":"SMITH"},{"floor":23,"key":"REST"},{"floor":25,"key":"REST"},{"data":"Backflip","floor":30,"key":"SMITH"},{"data":"Defragment","floor":32,"key":"SMITH"}],"neow_cost":"","seed_source_timestamp":0,"circlet_count":0,"master_deck":["Strike_B","Defend_B","Defend_B","Defend_B","Defend_B","Zap","Dualcast","Die Die Die","Die Die Die","Die Die Die","Die Die Die","Die Die Die+1","Noxious Fumes+1","Go for the Eyes+1","Burst","Backflip+1","Defragment+1","Capacitor"],"special_seed":18034,"relics":["Cracked Core","Golden Idol","Bag of Marbles","Pear","Ancient Tea Set","Inserter","Nloth\u0027s Gift","Bag of Preparation","Tiny Chest","Omamori","Anchor"],"potions_floor_usage":[10,21,22],"damage_taken":[{"damage":6,"enemies":"Jaw Worm","floor":1,"turns":2},{"damage":2,"enemies":"2 Louse","floor":6,"turns":2},{"damage":0,"enemies":"Small Slimes","floor":8,"turns":1},{"damage":14,"enemies":"Gremlin Nob","floor":10,"turns":3},{"damage":26,"enemies":"Lagavulin","floor":13,"turns":4},{"damage":25,"enemies":"The Guardian","floor":16,"turns":10},{"damage":21,"enemies":"Shell Parasite","floor":18,"turns":5},{"damage":22,"enemies":"2 Thieves","floor":19,"turns":3},{"damage":21,"enemies":"Snake Plant","floor":21,"turns":5},{"damage":10,"enemies":"Sentry and Sphere","floor":22,"turns":3},{"damage":58,"enemies":"Book of Stabbing","floor":24,"turns":7},{"damage":18,"enemies":"Shelled Parasite and Fungi","floor":28,"turns":4},{"damage":4,"enemies":"Centurion and Healer","floor":31,"turns":3},{"damage":25,"enemies":"Automaton","floor":33,"turns":5}],"seed_played":"2607773541543886392","potions_obtained":[{"floor":1,"key":"SkillPotion"},{"floor":6,"key":"Ancient Potion"},{"floor":13,"key":"AttackPotion"},{"floor":18,"key":"Ancient Potion"},{"floor":24,"key":"Fire Potion"}],"is_trial":false,"path_per_floor":["M","?","?","$","T","M","R","M","T","E","R","?","E","?","R","B",null,"M","M","?","M","M","R","E","R","T","$","M","$","R","M","R","B"],"character_chosen":"DEFECT","items_purchased":["Omamori","Defragment","Anchor"],"campfire_rested":2,"item_purchase_floors":[27,27,29],"current_hp_per_floor":[69,51,51,51,51,49,49,49,59,45,45,73,47,40,40,15,85,64,42,42,21,11,80,22,75,75,75,57,57,57,53,53,28],"gold":54,"neow_bonus":"","is_prod":false,"is_daily":true,"chose_seed":false,"campfire_upgraded":5,"win_rate":0,"timestamp":1558161257,"path_taken":["M","?","?","$","?","M","R","M","T","E","R","?","E","?","R","BOSS","M","M","?","M","M","R","E","R","T","$","M","$","R","?","R","BOSS"],"build_version":"2019-01-23","purchased_purges":2,"victory":false,"max_hp_per_floor":[75,75,75,75,75,75,75,75,85,85,85,85,85,85,85,85,85,85,85,85,85,85,80,80,75,75,75,75,75,75,75,75,75],"card_choices":[{"not_picked":["All Out Attack","Outmaneuver","Poisoned Stab"],"picked":"SKIP","floor":1},{"not_picked":["Double Energy","Stack"],"picked":"Noxious Fumes","floor":6},{"not_picked":["Expertise","Gash"],"picked":"Go for the Eyes","floor":8},{"not_picked":["Slice","Flying Knee","Ball Lightning"],"picked":"SKIP","floor":10},{"not_picked":["Barrage","Darkness","Eviscerate"],"picked":"SKIP","floor":13},{"not_picked":["Bullet Time","Doppelganger"],"picked":"Burst","floor":16},{"not_picked":["Flying Knee","All Out Attack","Slice"],"picked":"SKIP","floor":18},{"not_picked":["Rebound","Redo","Prepared"],"picked":"SKIP","floor":19},{"not_picked":["Rebound","Hyperbeam"],"picked":"Backflip","floor":21},{"not_picked":["Underhanded Strike","Deflect","Hologram"],"picked":"SKIP","floor":22},{"not_picked":["Poisoned Stab","Doppelganger","Chaos"],"picked":"SKIP","floor":24},{"not_picked":["Beam Cell+1","PiercingWail+1","Chaos"],"picked":"SKIP","floor":28},{"not_picked":["Eviscerate","Underhanded Strike+1"],"picked":"Capacitor","floor":31}],"player_experience":584830,"relics_obtained":[{"floor":5,"key":"Bag of Marbles"},{"floor":9,"key":"Pear"},{"floor":10,"key":"Ancient Tea Set"},{"floor":13,"key":"Letter Opener"},{"floor":24,"key":"Bag of Preparation"},{"floor":26,"key":"Tiny Chest"}],"event_choices":[{"damage_healed":0,"gold_gain":0,"player_choice":"Take Damage","damage_taken":18,"relics_obtained":["Golden Idol"],"max_hp_gain":0,"max_hp_loss":0,"event_name":"Golden Idol","floor":2,"gold_loss":0},{"damage_healed":0,"gold_gain":0,"player_choice":"Ignored","damage_taken":0,"max_hp_gain":0,"max_hp_loss":0,"event_name":"Liars Game","floor":3,"gold_loss":0},{"damage_healed":28,"gold_gain":0,"player_choice":"Banana","damage_taken":0,"max_hp_gain":0,"max_hp_loss":0,"event_name":"Big Fish","floor":12,"gold_loss":0},{"cards_removed":["Strike_B"],"damage_healed":0,"gold_gain":0,"player_choice":"Card Removal","damage_taken":7,"max_hp_gain":0,"max_hp_loss":0,"event_name":"Golden Wing","floor":14,"gold_loss":0},{"damage_healed":0,"gold_gain":0,"player_choice":"Traded Relic","damage_taken":0,"relics_obtained":["Nloth\u0027s Gift"],"max_hp_gain":0,"max_hp_loss":0,"event_name":"N\u0027loth","floor":20,"relics_lost":["Letter Opener"],"gold_loss":0}],"is_beta":false,"boss_relics":[{"not_picked":["Snecko Eye","Calling Bell"],"picked":"Inserter"}],"items_purged_floors":[4,27],"is_endless":false,"potions_floor_spawned":[1,6,13,18,19,24],"killed_by":"Automaton","ascension_level":0}