{"gold_per_floor":[110,110,123,123,147,185,185,185,265,265],"floor_reached":10,"playtime":1028,"items_purged":[],"score":106,"play_id":"cb0df7ba-d3d5-4c5a-9ac9-e6ea212c682a","local_time":"20190330193022","is_ascension_mode":true,"campfire_choices":[{"floor":7,"key":"REST"}],"neow_cost":"NONE","seed_source_timestamp":1511743918448821,"circlet_count":0,"master_deck":["AscendersBane","Defend_G","Defend_G","Defend_G","Defend_G","Defend_G","Strike_G+1","Strike_G","Strike_G","Strike_G","Strike_G","Survivor","Neutralize","Crippling Poison","Deadly Poison","After Image"],"relics":["Ring of the Snake","Golden Idol","Shuriken","Potion Belt","Unceasing Top","Bottled Lightning"],"potions_floor_usage":[6],"damage_taken":[{"damage":7,"enemies":"Small Slimes","floor":1,"turns":5},{"damage":7,"enemies":"Jaw Worm","floor":3,"turns":4},{"damage":0,"enemies":"2 Louse","floor":5,"turns":4},{"damage":31,"enemies":"3 Sentries","floor":6,"turns":13},{"damage":31,"enemies":"Lagavulin","floor":10,"turns":8}],"seed_played":"-2543231435217412455","potions_obtained":[{"floor":1,"key":"FairyPotion"},{"floor":5,"key":"Strength Potion"},{"floor":6,"key":"Swift Potion"}],"is_trial":false,"path_per_floor":["M","?","M","T","M","E","R","?","T","E"],"character_chosen":"THE_SILENT","items_purchased":[],"campfire_rested":1,"item_purchase_floors":[],"current_hp_per_floor":[56,39,32,32,32,1,22,22,22,0],"gold":265,"neow_bonus":"UPGRADE_CARD","is_prod":false,"is_daily":false,"chose_seed":false,"campfire_upgraded":0,"win_rate":0,"timestamp":1553999422,"path_taken":["M","?","M","?","M","E","R","?","T","E"],"build_version":"2019-01-23","purchased_purges":0,"victory":false,"max_hp_per_floor":[70,70,70,70,70,70,70,70,70,70],"card_choices":[{"not_picked":["Deflect","Terror"],"picked":"Crippling Poison","floor":1},{"not_picked":["Eviscerate","Outmaneuver"],"picked":"Deadly Poison","floor":3},{"not_picked":["Quick Slash","Flechettes","Tactician"],"picked":"SKIP","floor":5},{"not_picked":["Dagger Throw","Masterful Stab"],"picked":"After Image","floor":6}],"player_experience":543746,"relics_obtained":[{"floor":4,"key":"Shuriken"},{"floor":6,"key":"Potion Belt"},{"floor":9,"key":"Bottled Lightning"}],"event_choices":[{"damage_healed":0,"gold_gain":0,"player_choice":"Take Damage","damage_taken":17,"relics_obtained":["Golden Idol"],"max_hp_gain":0,"max_hp_loss":0,"event_name":"Golden Idol","floor":2,"gold_loss":0},{"damage_healed":0,"gold_gain":0,"player_choice":"Gave Potion","damage_taken":0,"relics_obtained":["Unceasing Top"],"max_hp_gain":0,"max_hp_loss":0,"event_name":"WeMeetAgain","floor":8,"gold_loss":0}],"is_beta":false,"boss_relics":[],"items_purged_floors":[],"is_endless":false,"potions_floor_spawned":[1,5,6],"killed_by":"Lagavulin","ascension_level":12}