{"gold_per_floor":[119,119,136,18,36,69,69,103,103,137,9,39,39,58,58,163,163,175,274,292,304,316,316,350,300,300,10,24,24],"floor_reached":29,"playtime":2498,"items_purged":["Strike_B","Strike_B"],"score":276,"play_id":"637982de-7042-4daf-827a-eea117353bf2","local_time":"20190120111857","is_ascension_mode":true,"campfire_choices":[{"data":"Consume","floor":7.0,"key":"SMITH"},{"data":"White Noise","floor":15.0,"key":"SMITH"},{"data":"Capacitor","floor":23.0,"key":"SMITH"}],"neow_cost":"NONE","seed_source_timestamp":0,"circlet_count":0,"master_deck":["Strike_B","Strike_B","Defend_B","Defend_B","Defend_B","Defend_B","Zap","Dualcast","Fission","Leap","Compile Driver","Coolheaded","Capacitor+1","Cold Snap","Consume+1","White Noise+1","Cold Snap","Storm+1","Defragment+1","Doom and Gloom","Auto Shields","Coolheaded+1","Auto Shields"],"special_seed":0,"relics":["Cracked Core","FossilizedHelix","Meat on the Bone","Frozen Egg 2","Dream Catcher","Tiny Chest","Happy Flower","Black Star","Kunai","Bottled Flame","MealTicket"],"potions_floor_usage":[24],"damage_taken":[{"damage":1.0,"enemies":"2 Louse","floor":1.0,"turns":3.0},{"damage":0.0,"enemies":"Cultist","floor":3.0,"turns":4.0},{"damage":0.0,"enemies":"Small Slimes","floor":5.0,"turns":4.0},{"damage":9.0,"enemies":"Lagavulin","floor":6.0,"turns":11.0},{"damage":11.0,"enemies":"3 Sentries","floor":8.0,"turns":7.0},{"damage":10.0,"enemies":"Gremlin Nob","floor":10.0,"turns":5.0},{"damage":0.0,"enemies":"Looter","floor":14.0,"turns":3.0},{"damage":12.0,"enemies":"Hexaghost","floor":16.0,"turns":14.0},{"damage":10.0,"enemies":"2 Thieves","floor":18.0,"turns":4.0},{"damage":3.0,"enemies":"Shell Parasite","floor":20.0,"turns":8.0},{"damage":7.0,"enemies":"Snake Plant","floor":21.0,"turns":3.0},{"damage":8.0,"enemies":"Centurion and Healer","floor":22.0,"turns":7.0},{"damage":16,"enemies":"Book of Stabbing","floor":24,"turns":7},{"damage":0,"enemies":"Snecko","floor":28,"turns":5},{"damage":46,"enemies":"Gremlin Leader","floor":29,"turns":6}],"seed_played":"-199373606001753131","potions_obtained":[{"floor":2.0,"key":"Explosive Potion"},{"floor":2.0,"key":"PowerPotion"},{"floor":2.0,"key":"EntropicBrew"},{"floor":10.0,"key":"Strength Potion"},{"floor":14.0,"key":"PowerPotion"},{"floor":16.0,"key":"SkillPotion"},{"floor":18.0,"key":"Ancient Potion"},{"floor":22.0,"key":"SneckoOil"}],"is_trial":false,"path_per_floor":["M","?","M","$","M","E","R","E","T","E","$","?","T","M","R","B",null,"M","?","M","M","M","R","E","?","T","$","M","E"],"character_chosen":"DEFECT","items_purchased":["Coolheaded","Capacitor","Cold Snap","MealTicket"],"campfire_rested":0,"item_purchase_floors":[4,4,11,27],"current_hp_per_floor":[74,74,74,74,74,65,65,54,54,44,44,41,41,41,41,41,75,65,65,62,55,47,47,43,43,43,43,43,0],"gold":24,"neow_bonus":"ONE_RANDOM_RARE_CARD","is_prod":false,"is_daily":false,"chose_seed":false,"campfire_upgraded":3,"win_rate":1,"timestamp":1547972337,"path_taken":["M","?","M","$","M","E","R","E","T","E","?","?","?","?","R","BOSS","M","?","M","M","M","R","E","?","T","$","M","E"],"build_version":"2019-01-17v2","purchased_purges":2,"victory":false,"max_hp_per_floor":[75,75,75,75,75,75,75,75,75,75,75,75,75,75,75,75,75,75,75,75,75,75,75,75,75,75,75,75,75],"card_choices":[{"not_picked":["Stack","Barrage"],"picked":"Leap","floor":1.0},{"not_picked":["Streamline","Barrage"],"picked":"Compile Driver","floor":3.0},{"not_picked":["Ball Lightning","Creative AI"],"picked":"Cold Snap","floor":5.0},{"not_picked":["Compile Driver","Stack"],"picked":"Consume","floor":6.0},{"not_picked":["Hologram","Sweeping Beam","Steam"],"picked":"SKIP","floor":8.0},{"not_picked":["Compile Driver","All For One"],"picked":"White Noise","floor":10.0},{"not_picked":["Sweeping Beam","Streamline","Barrage"],"picked":"SKIP","floor":14.0},{"not_picked":["Gash+1","Steam"],"picked":"Storm+1","floor":18.0},{"not_picked":["Fusion","Storm+1"],"picked":"Defragment+1","floor":20.0},{"not_picked":["Blizzard","Consume"],"picked":"Doom and Gloom","floor":21.0},{"not_picked":["Sweeping Beam","Leap"],"picked":"Auto Shields","floor":22.0},{"not_picked":["Barrage+1","Chaos"],"picked":"Coolheaded+1","floor":24},{"not_picked":["Redo","Rebound"],"picked":"Auto Shields","floor":28}],"player_experience":83838,"relics_obtained":[{"floor":6.0,"key":"FossilizedHelix"},{"floor":8.0,"key":"Meat on the Bone"},{"floor":9.0,"key":"Frozen Egg 2"},{"floor":10.0,"key":"Dream Catcher"},{"floor":13.0,"key":"Happy Flower"},{"floor":24,"key":"Kunai"},{"floor":24,"key":"Bottled Flame"}],"event_choices":[{"damage_healed":0.0,"max_hp_gain":0.0,"max_hp_loss":0.0,"gold_gain":0.0,"event_name":"Lab","player_choice":"Got Potions","floor":2.0,"gold_loss":0.0,"damage_taken":0.0},{"damage_healed":0.0,"max_hp_gain":0.0,"max_hp_loss":0.0,"gold_gain":0.0,"event_name":"Scrap Ooze","player_choice":"Success","floor":12.0,"gold_loss":0.0,"damage_taken":3.0,"relics_obtained":["Tiny Chest"]},{"damage_healed":0.0,"max_hp_gain":0.0,"max_hp_loss":0.0,"gold_gain":99.0,"event_name":"Nest","player_choice":"Stole From Cult","floor":19.0,"gold_loss":0.0,"damage_taken":0.0},{"damage_healed":0,"gold_gain":0,"player_choice":"Bet on Owner","damage_taken":0,"max_hp_gain":0,"max_hp_loss":0,"event_name":"The Joust","floor":25,"gold_loss":50}],"is_beta":false,"boss_relics":[{"not_picked":["Coffee Dripper","Eternal Feather"],"picked":"Black Star"}],"items_purged_floors":[11,27],"is_endless":false,"potions_floor_spawned":[10,14,16,18,22],"killed_by":"Gremlin Leader","ascension_level":1}