{"gold_per_floor":[117,192,211,211,17,17,28,28,28,47,61,61,74,85,85,184,184,199,213,213,213,231,231,241,254,254,254,10,10,28,44,44,44],"floor_reached":33,"playtime":2162,"items_purged":[],"score":268,"play_id":"2ee5969d-6786-4add-9bf5-35d71c2ba9c2","local_time":"20190616194713","is_ascension_mode":false,"campfire_choices":[{"data":"Pommel Strike","floor":6,"key":"SMITH"},{"data":"Searing Blow","floor":8,"key":"SMITH"},{"data":"Searing Blow+1","floor":12,"key":"SMITH"},{"floor":15,"key":"REST"},{"floor":23,"key":"REST"},{"floor":27,"key":"REST"},{"floor":32,"key":"REST"}],"neow_cost":"NONE","seed_source_timestamp":25680352617500,"circlet_count":0,"master_deck":["Defend_R","Defend_R","Bash","Forethought","Pommel Strike+1","Twin Strike","Warcry","Whirlwind","Second Wind","Pummel","Searing Blow+2","Armaments","Rage","Clash","Disarm","Juggernaut","Flex+1","Battle Trance","Bite","Bite","Bite","Bite","Bite","Double Tap","Ghostly Armor","Intimidate","Carnage","The Bomb","True Grit","Uppercut","Bludgeon","Ghostly Armor+1"],"relics":["Burning Blood","Centennial Puzzle","Fusion Hammer","StoneCalendar"],"potions_floor_usage":[14,16,16,19,24,30,31],"damage_taken":[{"damage":6,"enemies":"Jaw Worm","floor":1,"turns":3},{"damage":2,"enemies":"2 Louse","floor":3,"turns":4},{"damage":5,"enemies":"Small Slimes","floor":7,"turns":5},{"damage":14,"enemies":"2 Fungi Beasts","floor":10,"turns":3},{"damage":10,"enemies":"Looter","floor":11,"turns":3},{"damage":26,"enemies":"Large Slime","floor":13,"turns":5},{"damage":0,"enemies":"2 Fungi Beasts","floor":14,"turns":2},{"damage":64,"enemies":"Hexaghost","floor":16,"turns":13},{"damage":24,"enemies":"Spheric Guardian","floor":18,"turns":4},{"damage":13,"enemies":"Shell Parasite","floor":19,"turns":4},{"damage":25,"enemies":"Centurion and Healer","floor":22,"turns":4},{"damage":47,"enemies":"Cultist and Chosen","floor":24,"turns":8},{"damage":24,"enemies":"Snake Plant","floor":25,"turns":4},{"damage":34,"enemies":"Sentry and Sphere","floor":30,"turns":6},{"damage":30,"enemies":"Cultist and Chosen","floor":31,"turns":7},{"damage":29,"enemies":"Collector","floor":33,"turns":3}],"seed_played":"2572928763033834228","potions_obtained":[{"floor":10,"key":"Energy Potion"},{"floor":13,"key":"PowerPotion"},{"floor":14,"key":"Explosive Potion"},{"floor":18,"key":"Regen Potion"},{"floor":19,"key":"SpeedPotion"},{"floor":24,"key":"Swift Potion"},{"floor":30,"key":"BloodPotion"}],"is_trial":false,"path_per_floor":["M","?","M","?","$","R","M","R","T","M","M","R","M","M","R","B",null,"M","M","?","?","M","R","M","M","T","R","$","?","M","M","R","B"],"character_chosen":"IRONCLAD","items_purchased":["Whirlwind","Second Wind","Pummel","Carnage","The Bomb"],"campfire_rested":4,"item_purchase_floors":[5,5,5,28,28],"current_hp_per_floor":[80,69,73,73,73,73,74,74,74,66,62,62,42,48,72,14,80,62,67,67,56,39,55,29,21,21,37,37,37,21,10,26,0],"gold":44,"neow_bonus":"RANDOM_COLORLESS","is_prod":false,"is_daily":false,"chose_seed":false,"campfire_upgraded":3,"win_rate":0.0,"timestamp":1560710833,"path_taken":["M","?","M","?","$","R","M","R","T","M","M","R","M","M","R","BOSS","M","M","?","?","M","R","M","M","T","R","$","?","M","M","R","BOSS"],"build_version":"2019-01-23","purchased_purges":0,"victory":false,"max_hp_per_floor":[80,80,80,80,80,80,80,80,80,80,80,80,80,80,80,80,80,80,80,80,56,56,56,56,56,56,56,56,56,56,56,56,56],"card_choices":[{"not_picked":["Battle Trance","Body Slam"],"picked":"Pommel Strike","floor":1},{"not_picked":["Sever Soul","Flex"],"picked":"Twin Strike","floor":3},{"not_picked":["Warcry","True Grit"],"picked":"Searing Blow","floor":7},{"not_picked":["Perfected Strike","Corruption"],"picked":"Armaments","floor":10},{"not_picked":["Clash","Flex"],"picked":"Rage","floor":11},{"not_picked":["Sword Boomerang","True Grit"],"picked":"Clash","floor":13},{"not_picked":["Perfected Strike","Heavy Blade"],"picked":"Disarm","floor":14},{"not_picked":["Demon Form","Brutality"],"picked":"Juggernaut","floor":16},{"not_picked":["Seeing Red+1","Heavy Blade+1"],"picked":"Flex+1","floor":18},{"not_picked":["Wild Strike","Whirlwind+1"],"picked":"Battle Trance","floor":19},{"not_picked":["Twin Strike","Clothesline+1"],"picked":"Double Tap","floor":22},{"not_picked":["Body Slam","Cleave"],"picked":"Ghostly Armor","floor":24},{"not_picked":["Sever Soul","Iron Wave"],"picked":"Intimidate","floor":25},{"not_picked":["Anger","Seeing Red"],"picked":"Bludgeon","floor":30},{"not_picked":["True Grit+1","Perfected Strike"],"picked":"Ghostly Armor+1","floor":31}],"player_experience":77598,"relics_obtained":[{"floor":9,"key":"Centennial Puzzle"},{"floor":26,"key":"StoneCalendar"}],"event_choices":[{"damage_healed":0,"gold_gain":75,"player_choice":"Gather Gold","damage_taken":11,"max_hp_gain":0,"max_hp_loss":0,"event_name":"World of Goop","floor":2,"gold_loss":0},{"damage_healed":0,"gold_gain":0,"cards_transformed":["Strike_R"],"player_choice":"Change","damage_taken":0,"max_hp_gain":0,"max_hp_loss":0,"event_name":"Living Wall","floor":4,"gold_loss":0,"cards_obtained":["Warcry"]},{"damage_healed":0,"gold_gain":0,"player_choice":"Ignored","damage_taken":0,"max_hp_gain":0,"max_hp_loss":0,"event_name":"Beggar","floor":20,"gold_loss":0},{"damage_healed":0,"gold_gain":0,"player_choice":"Became a vampire","damage_taken":0,"max_hp_gain":0,"max_hp_loss":24,"event_name":"Vampires","floor":21,"gold_loss":0,"cards_obtained":["Bite","Bite","Bite","Bite","Bite"]},{"damage_healed":0,"gold_gain":0,"cards_transformed":["Defend_R","Defend_R"],"player_choice":"Became Test Subject","damage_taken":0,"max_hp_gain":0,"max_hp_loss":0,"event_name":"Drug Dealer","floor":29,"gold_loss":0,"cards_obtained":["True Grit","Uppercut"]}],"is_beta":false,"boss_relics":[{"not_picked":["White Beast Statue","Calling Bell"],"picked":"Fusion Hammer"}],"items_purged_floors":[],"is_endless":false,"potions_floor_spawned":[10,13,14,18,19,24,30],"killed_by":"Collector","ascension_level":0}