{"gold_per_floor":[116,130,52,70,21,21,55,65,89,106,33,33,44,44,44,148,148,164,89,99,99,99],"floor_reached":22,"playtime":812,"items_purged":[],"score":260,"play_id":"3bc026eb-f40e-48e5-9d77-eb5d1e9b3d07","local_time":"20190119174253","is_ascension_mode":true,"campfire_choices":[{"data":"Storm of Steel","floor":6,"key":"SMITH"},{"floor":15,"key":"REST"}],"neow_cost":"NONE","seed_source_timestamp":973433290756672,"circlet_count":0,"master_deck":["Defend_G","Defend_G","Defend_G","Defend_G","Defend_G","Strike_G","Strike_G","Strike_G","Strike_G","Survivor","Neutralize","Storm of Steel+1","Infinite Blades","Cloak And Dagger","Caltrops","Accuracy","Acrobatics","Caltrops","Die Die Die"],"relics":["Ring of the Snake","Strawberry","Art of War","Black Star"],"potions_floor_usage":[10,16,22,22],"damage_taken":[{"damage":6,"enemies":"Cultist","floor":1,"turns":4},{"damage":4,"enemies":"Jaw Worm","floor":2,"turns":3},{"damage":4,"enemies":"Small Slimes","floor":4,"turns":4},{"damage":37,"enemies":"Gremlin Nob","floor":7,"turns":5},{"damage":7,"enemies":"3 Louse","floor":8,"turns":3},{"damage":4,"enemies":"Large Slime","floor":10,"turns":5},{"damage":6,"enemies":"Looter","floor":13,"turns":4},{"damage":21,"enemies":"Slime Boss","floor":16,"turns":8},{"damage":8,"enemies":"Chosen","floor":18,"turns":5},{"damage":8,"enemies":"3 Byrds","floor":20,"turns":3},{"damage":30,"enemies":"Snake Plant","floor":22,"turns":4}],"seed_played":"8888266993221458057","potions_obtained":[{"floor":4,"key":"Dexterity Potion"},{"floor":8,"key":"Fire Potion"},{"floor":13,"key":"Block Potion"},{"floor":16,"key":"SteroidPotion"}],"is_trial":false,"path_per_floor":["M","M","$","M","$","R","E","M","T","M","$","?","M","?","R","B",null,"M","?","M","?","M"],"character_chosen":"THE_SILENT","items_purchased":["Infinite Blades","Cloak And Dagger","Caltrops"],"campfire_rested":1,"item_purchase_floors":[3,5,11],"current_hp_per_floor":[57,53,53,49,49,49,19,12,12,8,8,8,2,2,25,4,59,51,51,43,29,0],"gold":99,"neow_bonus":"ONE_RANDOM_RARE_CARD","is_prod":false,"is_daily":false,"chose_seed":false,"campfire_upgraded":1,"win_rate":0,"timestamp":1547948573,"path_taken":["M","M","$","?","$","R","E","M","T","M","$","?","M","?","R","BOSS","M","?","M","?","M"],"build_version":"2019-01-17v2","purchased_purges":0,"victory":false,"max_hp_per_floor":[70,70,70,70,70,70,77,77,77,77,77,77,77,77,77,77,77,77,77,77,82,82],"card_choices":[{"not_picked":["PiercingWail","Slice","Dagger Spray"],"picked":"SKIP","floor":1},{"not_picked":["Quick Slash","Deadly Poison","PiercingWail"],"picked":"SKIP","floor":2},{"not_picked":["Dagger Spray","Tactician","Prepared"],"picked":"SKIP","floor":4},{"not_picked":["Dodge and Roll","Calculated Gamble"],"picked":"Caltrops","floor":7},{"not_picked":["Quick Slash","Bouncing Flask"],"picked":"Accuracy","floor":8},{"not_picked":["Outmaneuver","Dodge and Roll"],"picked":"Acrobatics","floor":10},{"not_picked":["Tactician","Calculated Gamble","Prepared"],"picked":"SKIP","floor":13},{"not_picked":["Storm of Steel","Wraith Form v2"],"picked":"Die Die Die","floor":16},{"not_picked":["Bouncing Flask+1","Poisoned Stab","Flying Knee"],"picked":"SKIP","floor":18},{"not_picked":["Tactician+1","Bane","Outmaneuver+1"],"picked":"SKIP","floor":20}],"player_experience":371976,"relics_obtained":[{"floor":7,"key":"Strawberry"},{"floor":9,"key":"Art of War"}],"event_choices":[{"damage_healed":0,"gold_gain":0,"player_choice":"Fled","damage_taken":0,"max_hp_gain":0,"max_hp_loss":0,"event_name":"Scrap Ooze","floor":12,"gold_loss":0},{"damage_healed":0,"gold_gain":0,"player_choice":"Ignored","damage_taken":0,"max_hp_gain":0,"max_hp_loss":0,"event_name":"Golden Idol","floor":14,"gold_loss":0},{"cards_removed":["Strike_G"],"damage_healed":0,"gold_gain":0,"player_choice":"Gave Gold","damage_taken":0,"max_hp_gain":0,"max_hp_loss":0,"event_name":"Beggar","floor":19,"gold_loss":75},{"damage_healed":0,"gold_gain":0,"player_choice":"Shed Blood","damage_taken":19,"max_hp_gain":5,"max_hp_loss":0,"event_name":"Forgotten Altar","floor":21,"gold_loss":0}],"is_beta":false,"boss_relics":[{"not_picked":["Fusion Hammer","Tiny House"],"picked":"Black Star"}],"items_purged_floors":[],"is_endless":false,"potions_floor_spawned":[4,8,13,16],"killed_by":"Snake Plant","ascension_level":8}