{"gold_per_floor":[112,112,128,25,40,40,60,79,79,79,99,99,127,141,141,217,217,228,228,228,240,258,258,258],"floor_reached":24,"playtime":1556,"items_purged":[],"score":390,"play_id":"a6c8a6da-0faf-4953-8da9-3c01337d143b","local_time":"20190604232557","is_ascension_mode":true,"campfire_choices":[{"data":"Defragment","floor":6.0,"key":"SMITH"},{"floor":12.0,"key":"REST"},{"floor":15,"key":"REST"},{"data":"Biased Cognition","floor":23,"key":"SMITH"}],"neow_cost":"NONE","seed_source_timestamp":1742377717728881,"circlet_count":0,"master_deck":["AscendersBane","Strike_B+1","Strike_B+1","Strike_B+1","Strike_B+1","Defend_B+1","Defend_B+1","Defend_B+1","Defend_B+1","Zap","Dualcast","Coolheaded+1","Defragment+1","Compile Driver","Steam","Sweeping Beam","Barrage","Cold Snap","Gash","Biased Cognition+1","Go for the Eyes","Genetic Algorithm","Reinforced Body"],"special_seed":0,"relics":["Cracked Core","Bronze Scales","Omamori","Mummified Hand","Runic Pyramid"],"potions_floor_usage":[14,16,22,22],"damage_taken":[{"damage":6.0,"enemies":"Cultist","floor":1.0,"turns":3.0},{"damage":6.0,"enemies":"2 Louse","floor":3.0,"turns":3.0},{"damage":3.0,"enemies":"Small Slimes","floor":5.0,"turns":3.0},{"damage":13.0,"enemies":"3 Louse","floor":7.0,"turns":5.0},{"damage":4.0,"enemies":"2 Fungi Beasts","floor":8.0,"turns":3.0},{"damage":2.0,"enemies":"Exordium Wildlife","floor":11.0,"turns":3.0},{"damage":23.0,"enemies":"Gremlin Nob","floor":13.0,"turns":4.0},{"damage":7,"enemies":"Exordium Thugs","floor":14,"turns":3},{"damage":23,"enemies":"Slime Boss","floor":16,"turns":11},{"damage":11,"enemies":"2 Thieves","floor":18,"turns":3},{"damage":3,"enemies":"Spheric Guardian","floor":21,"turns":3},{"damage":7,"enemies":"Shelled Parasite and Fungi","floor":22,"turns":6},{"damage":39,"enemies":"Slavers","floor":24,"turns":4}],"seed_played":"-4402233777497232846","potions_obtained":[{"floor":3.0,"key":"EssenceOfSteel"},{"floor":8.0,"key":"SteroidPotion"},{"floor":13.0,"key":"Explosive Potion"},{"floor":14,"key":"Weak Potion"},{"floor":16,"key":"Fire Potion"},{"floor":18,"key":"Swift Potion"}],"is_trial":false,"path_per_floor":["M","?","M","$","M","R","M","M","T","?","M","R","E","M","R","B",null,"M","?","?","M","M","R","E"],"character_chosen":"DEFECT","items_purchased":["Compile Driver","Steam"],"campfire_rested":2,"item_purchase_floors":[4,4],"current_hp_per_floor":[65,65,59,59,56,56,43,39,39,13,11,34,11,4,27,4,60,49,49,49,46,39,39,0],"gold":258,"neow_bonus":"TEN_PERCENT_HP_BONUS","is_prod":false,"is_daily":false,"chose_seed":false,"campfire_upgraded":2,"win_rate":0,"timestamp":1559683557,"path_taken":["M","?","?","?","M","R","M","M","T","?","M","R","E","M","R","BOSS","M","?","?","M","M","R","E"],"build_version":"2019-01-23","purchased_purges":0,"victory":false,"max_hp_per_floor":[78,78,78,78,78,78,78,78,78,78,78,78,78,78,78,78,78,78,78,78,78,78,78,78],"card_choices":[{"not_picked":["Steam","Cold Snap"],"picked":"Coolheaded","floor":1.0},{"not_picked":["Leap","Stack"],"picked":"Defragment","floor":3.0},{"not_picked":["Darkness","Stack","Hologram"],"picked":"SKIP","floor":5.0},{"not_picked":["Heatsinks","Gash"],"picked":"Sweeping Beam","floor":7.0},{"not_picked":["Redo","Double Energy"],"picked":"Barrage","floor":8.0},{"not_picked":["Leap","Gash"],"picked":"Cold Snap","floor":11.0},{"not_picked":["Meteor Strike","Turbo","Chaos"],"picked":"SKIP","floor":13.0},{"not_picked":["Scrape","Steam"],"picked":"Gash","floor":14},{"not_picked":["Thunder Strike","Reboot"],"picked":"Biased Cognition","floor":16},{"not_picked":["Coolheaded","Redo"],"picked":"Go for the Eyes","floor":18},{"not_picked":["Rebound","Blizzard"],"picked":"Genetic Algorithm","floor":21},{"not_picked":["Rebound","Reprogram"],"picked":"Reinforced Body","floor":22}],"player_experience":792714,"relics_obtained":[{"floor":9.0,"key":"Bronze Scales"},{"floor":13.0,"key":"Mummified Hand"}],"event_choices":[{"damage_healed":0.0,"max_hp_gain":0.0,"max_hp_loss":0.0,"gold_gain":0.0,"event_name":"Upgrade Shrine","player_choice":"Upgraded","floor":2.0,"gold_loss":0.0,"damage_taken":0.0,"cards_upgraded":["Coolheaded"]},{"damage_healed":0.0,"max_hp_gain":0.0,"max_hp_loss":0.0,"gold_gain":0.0,"event_name":"Scrap Ooze","player_choice":"Success","floor":10.0,"gold_loss":0.0,"damage_taken":26.0,"relics_obtained":["Omamori"]},{"damage_healed":0,"gold_gain":0,"player_choice":"Simplicity","damage_taken":0,"max_hp_gain":0,"max_hp_loss":0,"event_name":"Back to Basics","floor":19,"gold_loss":0,"cards_upgraded":["Strike_B","Strike_B","Strike_B","Strike_B","Defend_B","Defend_B","Defend_B","Defend_B"]},{"damage_healed":0,"gold_gain":0,"player_choice":"Ignored","damage_taken":0,"max_hp_gain":0,"max_hp_loss":0,"event_name":"Ghosts","floor":20,"gold_loss":0}],"is_beta":false,"boss_relics":[{"not_picked":["White Beast Statue","Empty Cage"],"picked":"Runic Pyramid"}],"items_purged_floors":[],"is_endless":false,"potions_floor_spawned":[3,8,13,14,16,18,21],"killed_by":"Slavers","ascension_level":19}