{"gold_per_floor":[118,132,132,132,12,12,345,322,322,322,335,370,393,414,414,414],"floor_reached":16,"playtime":800,"items_purged":[],"score":110,"play_id":"a578ca72-2e81-4e64-94b8-bbed3ab2fcd1","local_time":"20190616131009","is_ascension_mode":false,"campfire_choices":[{"floor":6,"key":"REST"},{"floor":10,"key":"REST"},{"floor":15,"key":"REST"}],"neow_cost":"NONE","seed_source_timestamp":3217181851800,"circlet_count":0,"master_deck":["Defend_G","Defend_G","Defend_G","Defend_G","Defend_G+1","Strike_G","Strike_G","Strike_G+1","Strike_G","Strike_G","Survivor","Neutralize","Bouncing Flask","Backflip","Terror","Jack Of All Trades","Bullet Time","Poisoned Stab","Choke","Dash","Terror"],"relics":["Philosopher\u0027s Stone","Golden Idol","Old Coin","Pear","Ancient Tea Set"],"potions_floor_usage":[7,12,12,13],"damage_taken":[{"damage":3,"enemies":"Small Slimes","floor":1,"turns":3},{"damage":0,"enemies":"2 Louse","floor":2,"turns":3},{"damage":53,"enemies":"Gremlin Nob","floor":7,"turns":5},{"damage":7,"enemies":"Jaw Worm","floor":11,"turns":3},{"damage":24,"enemies":"Lagavulin","floor":12,"turns":7},{"damage":0,"enemies":"Looter","floor":13,"turns":3},{"damage":6,"enemies":"Exordium Thugs","floor":14,"turns":4},{"damage":29,"enemies":"Slime Boss","floor":16,"turns":5}],"seed_played":"9104379511791736048","potions_obtained":[{"floor":1,"key":"SkillPotion"},{"floor":2,"key":"Ancient Potion"},{"floor":11,"key":"SkillPotion"},{"floor":12,"key":"EssenceOfSteel"}],"is_trial":false,"path_per_floor":["M","M","?","?","$","R","E","?","T","R","M","E","M","M","R","B"],"character_chosen":"THE_SILENT","items_purchased":["Terror","Jack Of All Trades"],"campfire_rested":3,"item_purchase_floors":[5,5],"current_hp_per_floor":[67,67,65,52,52,65,12,12,22,44,37,13,13,7,29,0],"gold":414,"neow_bonus":"BOSS_RELIC","is_prod":false,"is_daily":false,"chose_seed":false,"campfire_upgraded":0,"win_rate":0.0,"timestamp":1560687009,"path_taken":["M","M","?","?","$","R","E","?","T","R","?","E","M","M","R","BOSS"],"build_version":"2019-01-23","purchased_purges":0,"victory":false,"max_hp_per_floor":[70,70,65,65,65,65,65,65,75,75,75,75,75,75,75,75],"card_choices":[{"not_picked":["Outmaneuver","Underhanded Strike"],"picked":"Bouncing Flask","floor":1},{"not_picked":["Slice","Acrobatics"],"picked":"Backflip","floor":2},{"not_picked":["Acrobatics","Quick Slash"],"picked":"Bullet Time","floor":7},{"not_picked":["Underhanded Strike","Deadly Poison"],"picked":"Poisoned Stab","floor":11},{"not_picked":["Riddle With Holes","Expertise"],"picked":"Choke","floor":12},{"not_picked":["Expertise","Tactician"],"picked":"Dash","floor":13},{"not_picked":["Flying Knee","Dodge and Roll"],"picked":"Terror","floor":14}],"player_experience":55328,"relics_obtained":[{"floor":7,"key":"Old Coin"},{"floor":9,"key":"Pear"},{"floor":12,"key":"Ancient Tea Set"}],"event_choices":[{"damage_healed":0,"gold_gain":0,"player_choice":"Lose Max HP","damage_taken":0,"relics_obtained":["Golden Idol"],"max_hp_gain":0,"max_hp_loss":5,"event_name":"Golden Idol","floor":3,"gold_loss":0},{"damage_healed":0,"gold_gain":0,"player_choice":"Entered Light","damage_taken":13,"max_hp_gain":0,"max_hp_loss":0,"event_name":"Shining Light","floor":4,"gold_loss":0,"cards_upgraded":["Defend_G","Strike_G"]},{"damage_healed":0,"gold_gain":0,"player_choice":"Left Gold","damage_taken":0,"max_hp_gain":0,"max_hp_loss":0,"event_name":"World of Goop","floor":8,"gold_loss":23}],"is_beta":false,"boss_relics":[],"items_purged_floors":[],"is_endless":false,"potions_floor_spawned":[1,2,11,12],"killed_by":"Slime Boss","ascension_level":0}