{"gold_per_floor":[112,122,132,144,244,244,273,273,273,286,286,317,331,362,362,441,441,454,60,23,41,41,74,74,101,154,167,187,203,203,203,203,281,281,300,400,419,419,430,465,493,505,517,529,576,588,377,388,388,388],"floor_reached":51,"playtime":5534,"items_purged":["Defend_R"],"score":1524,"play_id":"89d1b8e3-4736-4ea4-8cdf-05842e9cc75c","local_time":"20190204183228","is_ascension_mode":true,"campfire_choices":[{"data":"Havoc","floor":6,"key":"SMITH"},{"floor":8,"key":"REST"},{"data":"Infernal Blade","floor":11,"key":"SMITH"},{"floor":15,"key":"DIG"},{"floor":24,"key":"DIG"},{"data":"Corruption","floor":30,"key":"SMITH"},{"data":"Barricade","floor":32,"key":"SMITH"},{"floor":42,"key":"DIG"},{"floor":44,"key":"DIG"},{"floor":49,"key":"DIG"}],"neow_cost":"NONE","seed_source_timestamp":24178307351039,"circlet_count":0,"master_deck":["AscendersBane","Defend_R+1","Defend_R","Defend_R+1","Bash","Pommel Strike","Cleave","Power Through","Havoc+1","Headbutt","Infernal Blade+1","Disarm","Shrug It Off","Barricade+1","Feed","Rage","Master of Strategy","Seeing Red","Power Through","Disarm","Corruption+1","Ghostly Armor","Havoc+1","Bite","Bite","Bite","Bite","Bite","Shockwave+1","Pommel Strike","Entrench","Havoc+1"],"relics":["Burning Blood","War Paint","Blue Candle","Dead Branch","Shovel","Gremlin Horn","Art of War","Runic Dome","Medical Kit","Bag of Marbles","Self Forming Clay","Orichalcum","Mark of Pain","Magic Flower","MawBank","Boot","Mercury Hourglass","Ornamental Fan","Pantograph","Anchor","Red Skull"],"potions_floor_usage":[12,12,14,50,50],"damage_taken":[{"damage":0,"enemies":"Cultist","floor":1,"turns":4},{"damage":0,"enemies":"Small Slimes","floor":2,"turns":3},{"damage":3,"enemies":"2 Louse","floor":3,"turns":3},{"damage":18,"enemies":"Exordium Thugs","floor":4,"turns":6},{"damage":32,"enemies":"3 Sentries","floor":7,"turns":8},{"damage":0,"enemies":"Large Slime","floor":10,"turns":6},{"damage":20,"enemies":"Lagavulin","floor":12,"turns":6},{"damage":4,"enemies":"Looter","floor":13,"turns":2},{"damage":3,"enemies":"3 Sentries","floor":14,"turns":4},{"damage":9,"enemies":"The Guardian","floor":16,"turns":12},{"damage":15,"enemies":"2 Thieves","floor":18,"turns":3},{"damage":2,"enemies":"Shell Parasite","floor":21,"turns":3},{"damage":12,"enemies":"Slavers","floor":23,"turns":6},{"damage":20,"enemies":"Book of Stabbing","floor":25,"turns":7},{"damage":11,"enemies":"Chosen and Byrds","floor":27,"turns":4},{"damage":1,"enemies":"Cultist and Chosen","floor":28,"turns":3},{"damage":0,"enemies":"Centurion and Healer","floor":29,"turns":4},{"damage":8,"enemies":"Collector","floor":33,"turns":6},{"damage":0,"enemies":"Orb Walker","floor":35,"turns":2},{"damage":1,"enemies":"Mind Bloom Boss Battle","floor":36,"turns":3},{"damage":17,"enemies":"3 Darklings","floor":37,"turns":4},{"damage":7,"enemies":"Transient","floor":39,"turns":5},{"damage":0,"enemies":"Nemesis","floor":40,"turns":5},{"damage":1,"enemies":"Writhing Mass","floor":41,"turns":4},{"damage":2,"enemies":"Giant Head","floor":45,"turns":4},{"damage":0,"enemies":"Jaw Worm Horde","floor":48,"turns":3},{"damage":14,"enemies":"Time Eater","floor":50,"turns":11}],"seed_played":"8073162275272819643","potions_obtained":[{"floor":1,"key":"Explosive Potion"},{"floor":7,"key":"Weak Potion"},{"floor":12,"key":"LiquidBronze"},{"floor":13,"key":"Explosive Potion"},{"floor":21,"key":"Poison Potion"},{"floor":28,"key":"Strength Potion"},{"floor":45,"key":"PowerPotion"}],"is_trial":false,"path_per_floor":["M","M","M","M","?","R","E","R","T","M","R","E","M","E","R","B",null,"M","$","$","M","?","E","R","E","T","M","M","M","R","?","R","B",null,"M","?","M","?","M","E","M","R","T","R","E","?","$","M","R","B",null],"character_chosen":"IRONCLAD","items_purchased":["Medical Kit","Master of Strategy","Seeing Red","Anchor"],"campfire_rested":1,"item_purchase_floors":[19,19,20,47],"current_hp_per_floor":[74,75,75,63,63,63,37,59,59,65,65,51,53,56,56,53,70,61,61,61,68,68,65,65,51,51,51,58,66,66,66,66,70,81,84,84,79,79,84,84,84,84,84,84,84,81,81,81,81,81],"gold":388,"neow_bonus":"RANDOM_COMMON_RELIC","is_prod":false,"is_daily":false,"chose_seed":true,"campfire_upgraded":4,"win_rate":0,"timestamp":1549301548,"path_taken":["M","M","?","M","?","R","E","R","T","M","R","E","M","E","R","BOSS","M","?","$","M","?","E","R","E","T","?","M","M","R","?","R","BOSS","M","?","M","?","M","E","?","R","T","R","E","?","$","M","R","BOSS"],"build_version":"2019-01-23","purchased_purges":1,"victory":true,"max_hp_per_floor":[75,75,75,75,75,75,75,75,75,75,75,75,75,75,75,75,75,75,75,75,78,78,81,81,81,81,84,84,84,84,84,84,84,84,84,84,84,84,84,84,84,84,84,84,84,81,81,81,81,81],"card_choices":[{"not_picked":["Cleave","Clash"],"picked":"Pommel Strike","floor":1},{"not_picked":["Combust","Perfected Strike"],"picked":"Cleave","floor":2},{"not_picked":["Perfected Strike","Searing Blow"],"picked":"Power Through","floor":3},{"not_picked":["Anger","Perfected Strike"],"picked":"Havoc","floor":4},{"not_picked":["Hemokinesis","Juggernaut"],"picked":"Headbutt","floor":7},{"not_picked":["Burning Pact","Metallicize"],"picked":"Infernal Blade","floor":10},{"not_picked":["Wild Strike","Cleave"],"picked":"Disarm","floor":12},{"not_picked":["Clash","Seeing Red"],"picked":"Shrug It Off","floor":13},{"not_picked":["Thunderclap","Power Through"],"picked":"Barricade","floor":14},{"not_picked":["Barricade","Immolate"],"picked":"Feed","floor":16},{"not_picked":["Shrug It Off","Pommel Strike+1"],"picked":"Rage","floor":18},{"not_picked":["Twin Strike","Warcry+1"],"picked":"Power Through","floor":21},{"not_picked":["Berserk","Dual Wield"],"picked":"Disarm","floor":23},{"not_picked":["True Grit","Berserk"],"picked":"Corruption","floor":25},{"not_picked":["Warcry","Heavy Blade"],"picked":"Ghostly Armor","floor":27},{"not_picked":["Headbutt+1","Warcry"],"picked":"Havoc+1","floor":28},{"not_picked":["Perfected Strike","Anger","Thunderclap+1"],"picked":"SKIP","floor":29},{"not_picked":["Combust","Perfected Strike"],"picked":"Shockwave+1","floor":35},{"not_picked":["Clash","Sword Boomerang+1"],"picked":"Pommel Strike","floor":37},{"not_picked":["Headbutt","Clash","Anger"],"picked":"SKIP","floor":39},{"not_picked":["Pommel Strike","Fire Breathing"],"picked":"Entrench","floor":40},{"not_picked":["Reaper","Infernal Blade"],"picked":"Havoc+1","floor":41},{"not_picked":["Clash","Clothesline","True Grit"],"picked":"SKIP","floor":45},{"not_picked":["Warcry","Infernal Blade","Barricade"],"picked":"SKIP","floor":48}],"player_experience":152537,"relics_obtained":[{"floor":7,"key":"Blue Candle"},{"floor":9,"key":"Dead Branch"},{"floor":12,"key":"Shovel"},{"floor":14,"key":"Gremlin Horn"},{"floor":15,"key":"Art of War"},{"floor":23,"key":"Bag of Marbles"},{"floor":24,"key":"Self Forming Clay"},{"floor":25,"key":"Blood Vial"},{"floor":26,"key":"Orichalcum"},{"floor":36,"key":"Magic Flower"},{"floor":40,"key":"MawBank"},{"floor":42,"key":"Boot"},{"floor":43,"key":"Mercury Hourglass"},{"floor":44,"key":"Ornamental Fan"},{"floor":45,"key":"Pantograph"},{"floor":49,"key":"Red Skull"}],"event_choices":[{"damage_healed":0,"gold_gain":100,"player_choice":"Pray","damage_taken":0,"max_hp_gain":0,"max_hp_loss":0,"event_name":"Golden Shrine","floor":5,"gold_loss":0},{"damage_healed":0,"gold_gain":0,"player_choice":"Ignored","damage_taken":0,"max_hp_gain":0,"max_hp_loss":0,"event_name":"Beggar","floor":22,"gold_loss":0},{"damage_healed":0,"gold_gain":0,"player_choice":"Became a vampire (Vial)","damage_taken":0,"max_hp_gain":0,"max_hp_loss":0,"event_name":"Vampires","floor":31,"relics_lost":["Blood Vial"],"gold_loss":0,"cards_obtained":["Bite","Bite","Bite","Bite","Bite"]},{"damage_healed":0,"gold_gain":0,"player_choice":"Fight","damage_taken":0,"max_hp_gain":0,"max_hp_loss":0,"event_name":"MindBloom","floor":36,"gold_loss":0},{"damage_healed":0,"gold_gain":0,"player_choice":"Bought 0 Potions","damage_taken":0,"max_hp_gain":0,"max_hp_loss":0,"event_name":"The Woman in Blue","floor":38,"gold_loss":0},{"cards_removed":["Parasite"],"damage_healed":0,"gold_gain":0,"player_choice":"Removed Curses","damage_taken":0,"max_hp_gain":0,"max_hp_loss":0,"event_name":"Fountain of Cleansing","floor":46,"gold_loss":0}],"is_beta":false,"boss_relics":[{"not_picked":["Coffee Dripper","Astrolabe"],"picked":"Runic Dome"},{"not_picked":["Black Blood","Black Star"],"picked":"Mark of Pain"}],"items_purged_floors":[47],"is_endless":false,"potions_floor_spawned":[1,7,10,12,13,21,28,29,36,39,45],"ascension_level":14}