{"gold_per_floor":[144,189,189,234,234,234,279,324,324,414,459,504,594,594,594,894,894,939,939,489,534,534,624,624,669,669,83,128,173,218,263,263,563,563,608,608,608,653,698,788,788,788,788,833,833],"floor_reached":45,"playtime":3077,"items_purged":[],"score":506,"play_id":"838575e1-929a-4f72-af3e-60befa4fcf2a","local_time":"20190516225057","daily_mods":["SealedDeck","Colorless Cards","Midas"],"is_ascension_mode":false,"campfire_choices":[{"floor":6,"key":"REST"},{"floor":15,"key":"REST"},{"floor":24,"key":"REST"},{"floor":32,"key":"REST"},{"floor":41,"key":"REST"}],"neow_cost":"","seed_source_timestamp":0,"circlet_count":0,"master_deck":["Bloodletting","Shrug It Off","Clothesline","Pummel","Pommel Strike","Dark Shackles","Shrug It Off","Enlightenment","Armaments","Immolate","Finesse","Double Tap","Metallicize","Offering","Flame Barrier+1","Metallicize+1","Metallicize+1","The Bomb","Impervious","Finesse+1","Clumsy","Doubt"],"special_seed":18033,"relics":["Burning Blood","Shuriken","Matryoshka","Omamori","Cursed Key","Frozen Egg 2","Chemical X","Sundial","Bottled Flame","Ornamental Fan","Mercury Hourglass","Incense Burner","White Beast Statue","Darkstone Periapt","Smiling Mask","Gremlin Horn","Orichalcum"],"potions_floor_usage":[13,16,33,33],"damage_taken":[{"damage":0,"enemies":"2 Louse","floor":1,"turns":2},{"damage":0,"enemies":"Cultist","floor":2,"turns":4},{"damage":0,"enemies":"Jaw Worm","floor":4,"turns":2},{"damage":0,"enemies":"3 Louse","floor":7,"turns":1},{"damage":3,"enemies":"Red Slaver","floor":8,"turns":4},{"damage":45,"enemies":"Gremlin Nob","floor":10,"turns":5},{"damage":0,"enemies":"Gremlin Gang","floor":11,"turns":1},{"damage":0,"enemies":"2 Fungi Beasts","floor":12,"turns":1},{"damage":15,"enemies":"Lagavulin","floor":13,"turns":6},{"damage":65,"enemies":"Hexaghost","floor":16,"turns":14},{"damage":9,"enemies":"2 Thieves","floor":18,"turns":3},{"damage":11,"enemies":"Chosen","floor":21,"turns":3},{"damage":23,"enemies":"Gremlin Leader","floor":23,"turns":6},{"damage":6,"enemies":"Snecko","floor":25,"turns":4},{"damage":7,"enemies":"Cultist and Chosen","floor":28,"turns":4},{"damage":6,"enemies":"Chosen and Byrds","floor":29,"turns":3},{"damage":16,"enemies":"Snake Plant","floor":30,"turns":4},{"damage":9,"enemies":"Sentry and Sphere","floor":31,"turns":3},{"damage":23,"enemies":"Champ","floor":33,"turns":10},{"damage":9,"enemies":"3 Shapes","floor":35,"turns":2},{"damage":6,"enemies":"Orb Walker","floor":38,"turns":4},{"damage":24,"enemies":"Writhing Mass","floor":39,"turns":6},{"damage":29,"enemies":"Reptomancer","floor":40,"turns":7},{"damage":7,"enemies":"Jaw Worm Horde","floor":44,"turns":4},{"damage":89,"enemies":"Nemesis","floor":45,"turns":11}],"seed_played":"-1612289906937748911","potions_obtained":[{"floor":7,"key":"BloodPotion"},{"floor":8,"key":"Energy Potion"},{"floor":11,"key":"Regen Potion"},{"floor":21,"key":"LiquidBronze"},{"floor":25,"key":"PowerPotion"},{"floor":35,"key":"Strength Potion"},{"floor":38,"key":"FearPotion"}],"is_trial":false,"path_per_floor":["M","M","?","M","$","R","M","M","T","E","M","M","E","?","R","B",null,"M","?","$","M","?","E","R","M","T","$","M","M","M","M","R","B",null,"M","?","?","M","M","E","R","T","T","M","E"],"character_chosen":"IRONCLAD","items_purchased":["Frozen Egg 2","Chemical X","Mercury Hourglass","Metallicize+1","Incense Burner"],"campfire_rested":5,"item_purchase_floors":[20,20,27,27,27],"current_hp_per_floor":[80,80,80,80,80,80,80,80,80,41,47,53,58,63,85,34,85,82,82,82,77,77,60,85,85,85,85,84,84,74,71,85,68,85,82,81,81,81,63,40,64,70,76,75,0],"gold":833,"neow_bonus":"","is_prod":false,"is_daily":true,"chose_seed":false,"campfire_upgraded":0,"win_rate":0,"timestamp":1558072257,"path_taken":["M","M","?","?","$","R","M","M","T","E","M","M","E","?","R","BOSS","M","?","$","M","?","E","R","M","T","$","M","?","?","M","R","BOSS","M","?","?","M","M","E","R","?","T","M","E"],"build_version":"2019-01-23","purchased_purges":0,"victory":false,"max_hp_per_floor":[80,80,80,80,80,80,80,80,80,80,80,80,80,85,85,85,85,85,85,85,85,85,85,85,85,85,85,85,85,85,85,85,85,85,85,81,81,81,81,81,81,87,93,93,93],"card_choices":[{"not_picked":["Iron Wave","Deep Breath"],"picked":"Armaments","floor":1},{"not_picked":["Anger","Combust"],"picked":"Immolate","floor":2},{"not_picked":["Shrug It Off","Iron Wave","Clothesline"],"picked":"SKIP","floor":4},{"not_picked":["Dramatic Entrance","Body Slam","Havoc"],"picked":"SKIP","floor":7},{"not_picked":["Clash","Infernal Blade","Cleave"],"picked":"SKIP","floor":8},{"not_picked":["Iron Wave","Warcry","Cleave"],"picked":"SKIP","floor":10},{"not_picked":["Anger","Flex","Jack Of All Trades"],"picked":"SKIP","floor":11},{"not_picked":["Twin Strike","Infernal Blade"],"picked":"Metallicize","floor":12},{"not_picked":["Iron Wave","Enlightenment"],"picked":"Offering","floor":13},{"not_picked":["Flex","Clothesline","Rampage"],"picked":"SKIP","floor":18},{"not_picked":["Reckless Charge","Twin Strike"],"picked":"Flame Barrier","floor":21},{"not_picked":["Sentinel","Warcry+1"],"picked":"Metallicize+1","floor":23},{"not_picked":["Cleave","Hemokinesis+1","Intimidate"],"picked":"SKIP","floor":25},{"not_picked":["Iron Wave+1","Armaments"],"picked":"The Bomb","floor":28},{"not_picked":["Flex","Pommel Strike","Sword Boomerang"],"picked":"SKIP","floor":29},{"not_picked":["Anger+1","Cleave","Clash"],"picked":"SKIP","floor":30},{"not_picked":["Anger+1","Cleave","Clash"],"picked":"SKIP","floor":30},{"not_picked":["Uppercut+1","Wild Strike+1","Flame Barrier"],"picked":"SKIP","floor":31},{"not_picked":["Metamorphosis","Double Tap"],"picked":"Impervious","floor":33},{"not_picked":["Wild Strike","Body Slam","Carnage"],"picked":"SKIP","floor":35},{"not_picked":["Anger+1","Sword Boomerang"],"picked":"Finesse+1","floor":38},{"not_picked":["Headbutt+1","Shrug It Off+1","Clash"],"picked":"SKIP","floor":39},{"not_picked":["Mind Blast+1","Combust+1","Sadistic Nature+1"],"picked":"SKIP","floor":40},{"not_picked":["Reckless Charge","Clothesline+1","Clash+1"],"picked":"SKIP","floor":44}],"player_experience":578944,"relics_obtained":[{"floor":9,"key":"Shuriken"},{"floor":10,"key":"Matryoshka"},{"floor":13,"key":"Omamori"},{"floor":23,"key":"Sundial"},{"floor":26,"key":"Bottled Flame"},{"floor":26,"key":"Ornamental Fan"},{"floor":40,"key":"Darkstone Periapt"},{"floor":42,"key":"Smiling Mask"},{"floor":42,"key":"Gremlin Horn"},{"floor":43,"key":"Orichalcum"}],"event_choices":[{"damage_healed":0,"gold_gain":0,"player_choice":"2 cards matched","damage_taken":0,"max_hp_gain":0,"max_hp_loss":0,"event_name":"Match and Keep!","floor":3,"gold_loss":0,"cards_obtained":["Finesse","Double Tap"]},{"damage_healed":0,"gold_gain":0,"player_choice":"Donut","damage_taken":0,"max_hp_gain":5,"max_hp_loss":0,"event_name":"Big Fish","floor":14,"gold_loss":0},{"cards_removed":["Cleave"],"damage_healed":0,"gold_gain":0,"player_choice":"Elegance","damage_taken":0,"max_hp_gain":0,"max_hp_loss":0,"event_name":"Back to Basics","floor":19,"gold_loss":0},{"damage_healed":0,"gold_gain":0,"player_choice":"Upgraded","damage_taken":0,"max_hp_gain":0,"max_hp_loss":0,"event_name":"Upgrade Shrine","floor":22,"gold_loss":0,"cards_upgraded":["Flame Barrier"]},{"damage_healed":0,"gold_gain":0,"player_choice":"Max HP","damage_taken":0,"max_hp_gain":0,"max_hp_loss":4,"event_name":"Winding Halls","floor":36,"gold_loss":0},{"cards_removed":["Pommel Strike"],"damage_healed":0,"gold_gain":0,"player_choice":"Removed Attack","damage_taken":0,"max_hp_gain":0,"max_hp_loss":0,"event_name":"Falling","floor":37,"gold_loss":0}],"is_beta":false,"boss_relics":[{"not_picked":["Coffee Dripper","Runic Dome"],"picked":"Cursed Key"},{"not_picked":["Runic Pyramid","Velvet Choker"],"picked":"White Beast Statue"}],"items_purged_floors":[],"is_endless":false,"potions_floor_spawned":[7,8,11,21,25,29,30,35,38,39,40,44],"killed_by":"Nemesis","ascension_level":0}