{"gold_per_floor":[131,157,188,200,224,236,275,287,372,396,463,494,506,551,563,647,659,689,619,473,484,484,484,517,114,139,152,202,202,72,102,102,102],"floor_reached":33,"playtime":1816,"items_purged":["Strike_R","Strike_R"],"score":557,"play_id":"13cc0039-c5a8-400d-aa3a-6eb9788cf267","local_time":"20190529123011","is_ascension_mode":true,"campfire_choices":[{"data":"Anger","floor":6.0,"key":"SMITH"},{"data":"Bash","floor":8.0,"key":"SMITH"},{"data":"Bludgeon","floor":13.0,"key":"SMITH"},{"floor":15.0,"key":"REST"},{"floor":23.0,"key":"REST"},{"floor":32,"key":"REST"}],"neow_cost":"NONE","seed_source_timestamp":1184441152683295,"circlet_count":0,"master_deck":["AscendersBane","Strike_R","Strike_R","Defend_R","Defend_R","Defend_R","Defend_R","Bash+1","Anger+1","Cleave","Iron Wave","Clothesline","Ghostly Armor","Metallicize","Bludgeon+1","Disarm","Flame Barrier","Spot Weakness","Flame Barrier","Headbutt+1","Corruption","Exhume","Pommel Strike+1","Writhe","Feel No Pain","True Grit"],"special_seed":0,"relics":["Burning Blood","MawBank","Prayer Wheel","Ornamental Fan","Potion Belt","Juzu Bracelet","Philosopher\u0027s Stone","Strawberry","Thread and Needle","Strange Spoon","Anchor","Shovel","Ancient Tea Set"],"potions_floor_usage":[24,31,31,31],"damage_taken":[{"damage":5.0,"enemies":"Small Slimes","floor":1.0,"turns":3.0},{"damage":1.0,"enemies":"Cultist","floor":2.0,"turns":3.0},{"damage":9.0,"enemies":"Jaw Worm","floor":3.0,"turns":4.0},{"damage":2.0,"enemies":"Looter","floor":5.0,"turns":3.0},{"damage":21.0,"enemies":"Gremlin Nob","floor":7.0,"turns":4.0},{"damage":10.0,"enemies":"Exordium Thugs","floor":10.0,"turns":4.0},{"damage":23.0,"enemies":"Lagavulin Event","floor":11.0,"turns":4.0},{"damage":10.0,"enemies":"3 Louse","floor":12.0,"turns":3.0},{"damage":25.0,"enemies":"3 Sentries","floor":14.0,"turns":9.0},{"damage":13.0,"enemies":"Slime Boss","floor":16.0,"turns":7.0},{"damage":17.0,"enemies":"Spheric Guardian","floor":18.0,"turns":4.0},{"damage":14.0,"enemies":"3 Byrds","floor":21.0,"turns":2.0},{"damage":24,"enemies":"Book of Stabbing","floor":24,"turns":7},{"damage":8,"enemies":"Snake Plant","floor":27,"turns":5},{"damage":32,"enemies":"Slavers","floor":31,"turns":8},{"damage":49,"enemies":"Automaton","floor":33,"turns":6}],"seed_played":"-453919524107132459","potions_obtained":[{"floor":1.0,"key":"Energy Potion"},{"floor":3.0,"key":"AttackPotion"},{"floor":10.0,"key":"AttackPotion"},{"floor":11.0,"key":"SteroidPotion"},{"floor":12.0,"key":"SpeedPotion"},{"floor":16.0,"key":"Explosive Potion"},{"floor":18.0,"key":"FairyPotion"},{"floor":21.0,"key":"Weak Potion"},{"floor":24,"key":"SkillPotion"}],"is_trial":false,"path_per_floor":["M","M","M","?","M","R","E","R","T","M","?","M","R","E","R","B",null,"M","?","$","M","?","R","E","$","T","M","?","?","$","E","R","B"],"character_chosen":"IRONCLAD","items_purchased":["Flame Barrier","Corruption","Strange Spoon","Feel No Pain","True Grit"],"campfire_rested":3,"item_purchase_floors":[20,25,25,30,30],"current_hp_per_floor":[69,74,71,71,75,75,60,60,60,56,39,35,35,16,38,31,64,53,60,60,52,28,54,36,36,36,34,34,34,34,8,34,0],"gold":102,"neow_bonus":"RANDOM_COMMON_RELIC","is_prod":false,"is_daily":false,"chose_seed":false,"campfire_upgraded":3,"win_rate":0,"timestamp":1559125811,"path_taken":["M","M","M","?","?","R","E","R","T","M","?","M","R","E","R","BOSS","M","?","?","M","?","R","E","$","T","M","?","?","$","E","R","BOSS"],"build_version":"2019-01-23","purchased_purges":2,"victory":false,"max_hp_per_floor":[75,75,75,75,75,75,75,75,75,75,75,75,75,75,75,75,75,75,82,82,82,87,87,87,87,87,87,87,87,87,87,87,87],"card_choices":[{"not_picked":["Bloodletting","Carnage"],"picked":"Anger","floor":1.0},{"not_picked":["Heavy Blade","Carnage"],"picked":"Cleave","floor":2.0},{"not_picked":["Pummel","Searing Blow"],"picked":"Iron Wave","floor":3.0},{"not_picked":["Warcry","Searing Blow"],"picked":"Clothesline","floor":5.0},{"not_picked":["Clash","Infernal Blade"],"picked":"Ghostly Armor","floor":7.0},{"not_picked":["Searing Blow","Dropkick","Sever Soul"],"picked":"SKIP","floor":10.0},{"not_picked":["Second Wind","Clothesline","Body Slam"],"picked":"SKIP","floor":10.0},{"not_picked":["Combust","Seeing Red"],"picked":"Metallicize","floor":12.0},{"not_picked":["Twin Strike","Clothesline"],"picked":"Bludgeon","floor":12.0},{"not_picked":["Sever Soul","Iron Wave","Seeing Red"],"picked":"SKIP","floor":14.0},{"not_picked":["Second Wind","Twin Strike"],"picked":"Disarm","floor":18.0},{"not_picked":["Rupture","Cleave","Thunderclap"],"picked":"SKIP","floor":18.0},{"not_picked":["Armaments","Thunderclap+1"],"picked":"Spot Weakness","floor":21.0},{"not_picked":["Anger","Infernal Blade"],"picked":"Flame Barrier","floor":21.0},{"not_picked":["Clothesline","Thunderclap"],"picked":"Headbutt+1","floor":24},{"not_picked":["Pommel Strike","Uppercut"],"picked":"Exhume","floor":27},{"not_picked":["Thunderclap","Heavy Blade"],"picked":"Pommel Strike+1","floor":27},{"not_picked":["Bludgeon","Combust","Twin Strike+1"],"picked":"SKIP","floor":31}],"player_experience":695269,"relics_obtained":[{"floor":7.0,"key":"Prayer Wheel"},{"floor":9.0,"key":"Ornamental Fan"},{"floor":11.0,"key":"Potion Belt"},{"floor":14.0,"key":"Juzu Bracelet"},{"floor":24,"key":"Thread and Needle"},{"floor":26,"key":"Anchor"},{"floor":31,"key":"Ancient Tea Set"}],"event_choices":[{"cards_removed":["Strike_R"],"damage_healed":0.0,"max_hp_gain":0.0,"max_hp_loss":0.0,"gold_gain":0.0,"event_name":"Bonfire Elementals","player_choice":"Offered Basic","floor":4.0,"gold_loss":0.0,"damage_taken":0.0},{"damage_healed":0.0,"max_hp_gain":0.0,"max_hp_loss":0.0,"gold_gain":0.0,"event_name":"Dead Adventurer","player_choice":"Searched \u00271\u0027 times","floor":11.0,"gold_loss":0.0,"damage_taken":0.0},{"damage_healed":0.0,"max_hp_gain":0.0,"max_hp_loss":0.0,"gold_gain":0.0,"event_name":"WeMeetAgain","player_choice":"Paid Gold","floor":19.0,"gold_loss":82.0,"damage_taken":0.0,"relics_obtained":["Strawberry"]},{"damage_healed":0.0,"max_hp_gain":5.0,"max_hp_loss":0.0,"gold_gain":0.0,"event_name":"Forgotten Altar","player_choice":"Shed Blood","floor":22.0,"gold_loss":0.0,"damage_taken":29.0},{"damage_healed":0,"gold_gain":50,"player_choice":"Stole From Cult","damage_taken":0,"max_hp_gain":0,"max_hp_loss":0,"event_name":"Nest","floor":28,"gold_loss":0},{"damage_healed":0,"gold_gain":0,"player_choice":"Opened","damage_taken":0,"relics_obtained":["Shovel"],"max_hp_gain":0,"max_hp_loss":0,"event_name":"The Mausoleum","floor":29,"gold_loss":0,"cards_obtained":["Writhe"]}],"is_beta":false,"boss_relics":[{"not_picked":["Runic Cube","Mark of Pain"],"picked":"Philosopher\u0027s Stone"}],"items_purged_floors":[20,25],"is_endless":false,"potions_floor_spawned":[1,3,10,11,12,16,18,21,24],"killed_by":"Automaton","ascension_level":18}