{"gold_per_floor":[117,127,202,202,43,43,79,98,169,169,205,219,234,252,252,371,371,390,405,83,8,8,44,59,59,106,106,120,30,30,48,48,174,174,193,526,179,195,215,215,215],"floor_reached":41,"playtime":2084,"items_purged":["Strike_G","Defend_G"],"score":625,"play_id":"936da783-a747-440e-bbd3-9af3f64c4080","local_time":"20190103205616","is_ascension_mode":true,"campfire_choices":[{"data":"Cloak And Dagger","floor":6,"key":"SMITH"},{"floor":10,"key":"REST"},{"floor":15,"key":"REST"},{"floor":25,"key":"REST"},{"floor":30,"key":"REST"},{"data":"Blade Dance","floor":32,"key":"SMITH"},{"floor":40,"key":"REST"}],"neow_cost":"NONE","seed_source_timestamp":1170622915845495,"circlet_count":0,"master_deck":["Defend_G","Survivor","Neutralize","Dodge and Roll","Dodge and Roll","Cloak And Dagger+1","Footwork","Backflip","Backflip","Blade Dance+1","Acrobatics","Backstab","Finisher+1","Glass Knife","Accuracy+1","Footwork+1","Flechettes+1","Acrobatics+1","Blade Dance","Well Laid Plans","RitualDagger","Leg Sweep","Blade Dance+1","Footwork","Adrenaline","Blade Dance+1","Backflip","Backflip+1","Parasite"],"relics":["WristBlade","Boot","Ninja Scroll","Astrolabe","Ornamental Fan","Juzu Bracelet","Regal Pillow","Empty Cage","Lee\u0027s Waffle"],"potions_floor_usage":[7,11,16,24,33,33],"damage_taken":[{"damage":8,"enemies":"Small Slimes","floor":1,"turns":5},{"damage":2,"enemies":"2 Louse","floor":2,"turns":4},{"damage":15,"enemies":"Lagavulin","floor":7,"turns":11},{"damage":6,"enemies":"Jaw Worm","floor":8,"turns":4},{"damage":19,"enemies":"Gremlin Nob","floor":11,"turns":5},{"damage":1,"enemies":"Exordium Wildlife","floor":12,"turns":2},{"damage":2,"enemies":"3 Louse","floor":13,"turns":3},{"damage":0,"enemies":"Exordium Thugs","floor":14,"turns":3},{"damage":17,"enemies":"Hexaghost","floor":16,"turns":11},{"damage":12,"enemies":"2 Thieves","floor":18,"turns":4},{"damage":0,"enemies":"3 Byrds","floor":19,"turns":3},{"damage":12,"enemies":"Book of Stabbing","floor":23,"turns":4},{"damage":10,"enemies":"3 Cultists","floor":24,"turns":4},{"damage":16,"enemies":"Shelled Parasite and Fungi","floor":28,"turns":4},{"damage":0,"enemies":"Centurion and Healer","floor":31,"turns":3},{"damage":54,"enemies":"Automaton","floor":33,"turns":12},{"damage":0,"enemies":"3 Shapes","floor":35,"turns":2},{"damage":14,"enemies":"3 Darklings","floor":38,"turns":4},{"damage":39,"enemies":"4 Shapes","floor":39,"turns":6},{"damage":66,"enemies":"Writhing Mass","floor":41,"turns":5}],"seed_played":"-4679853224290616599","potions_obtained":[{"floor":1,"key":"Ancient Potion"},{"floor":8,"key":"Explosive Potion"},{"floor":13,"key":"Poison Potion"},{"floor":16,"key":"Explosive Potion"},{"floor":19,"key":"Ancient Potion"},{"floor":31,"key":"Poison Potion"}],"is_trial":false,"path_per_floor":["M","M","?","?","$","R","E","M","T","R","E","M","M","M","R","B",null,"M","M","$","?","?","E","M","R","T","?","M","?","R","M","R","B",null,"M","?","$","M","M","R","M"],"character_chosen":"THE_SILENT","items_purchased":["Cloak And Dagger","Footwork","Ornamental Fan","Well Laid Plans","Lee\u0027s Waffle","Backflip"],"campfire_rested":5,"item_purchase_floors":[5,5,20,20,37,37],"current_hp_per_floor":[55,53,42,25,25,25,10,4,4,25,6,5,3,3,24,7,54,42,42,42,42,36,24,14,35,35,35,19,19,55,55,55,1,53,53,53,77,63,24,62,0],"gold":215,"neow_bonus":"BOSS_RELIC","is_prod":false,"is_daily":false,"chose_seed":false,"campfire_upgraded":2,"win_rate":0,"timestamp":1546577776,"path_taken":["M","M","?","?","$","R","E","M","T","R","E","M","M","M","R","BOSS","M","M","$","?","?","E","M","R","T","?","M","?","R","M","R","BOSS","M","?","$","M","M","R","M"],"build_version":"2019-01-03","purchased_purges":2,"victory":false,"max_hp_per_floor":[70,70,70,70,70,70,70,70,70,70,70,70,70,70,70,70,70,70,70,70,70,70,70,70,70,70,70,70,70,70,70,70,70,70,70,70,77,77,77,77,77],"card_choices":[{"not_picked":["Skewer","Bane"],"picked":"Dodge and Roll","floor":1},{"not_picked":["Bane","Flying Knee"],"picked":"Dodge and Roll","floor":2},{"not_picked":["Slice","Dash"],"picked":"Backflip","floor":7},{"not_picked":["Blade Dance","Bane"],"picked":"Backflip","floor":8},{"not_picked":["Dodge and Roll","Setup"],"picked":"Blade Dance","floor":11},{"not_picked":["Dagger Throw","Prepared"],"picked":"Acrobatics","floor":12},{"not_picked":["Phantasmal Killer","Dodge and Roll"],"picked":"Backstab","floor":13},{"not_picked":["Deflect","Flechettes"],"picked":"Finisher","floor":14},{"not_picked":["Bullet Time","Unload"],"picked":"Glass Knife","floor":16},{"not_picked":["Concentrate+1","Outmaneuver"],"picked":"Acrobatics+1","floor":18},{"not_picked":["Slice+1","Quick Slash"],"picked":"Blade Dance","floor":19},{"not_picked":["Prepared","Poisoned Stab+1"],"picked":"Leg Sweep","floor":23},{"not_picked":["Choke","Prepared","Flying Knee"],"picked":"SKIP","floor":24},{"not_picked":["Distraction+1","Flying Knee"],"picked":"Blade Dance+1","floor":28},{"not_picked":["All Out Attack","Die Die Die"],"picked":"Footwork","floor":31},{"not_picked":["Tools of the Trade","Wraith Form v2"],"picked":"Adrenaline","floor":33},{"not_picked":["Backflip+1","Eviscerate+1"],"picked":"Blade Dance+1","floor":35},{"not_picked":["Sucker Punch+1","Deadly Poison","Dash+1"],"picked":"SKIP","floor":38},{"not_picked":["Heel Hook+1","Poisoned Stab"],"picked":"Backflip+1","floor":39}],"player_experience":266184,"relics_obtained":[{"floor":7,"key":"Boot"},{"floor":11,"key":"Ninja Scroll"},{"floor":23,"key":"Juzu Bracelet"},{"floor":26,"key":"Regal Pillow"}],"event_choices":[{"damage_healed":0,"gold_gain":75,"player_choice":"Gather Gold","damage_taken":11,"max_hp_gain":0,"max_hp_loss":0,"event_name":"World of Goop","floor":3,"gold_loss":0},{"damage_healed":0,"gold_gain":0,"player_choice":"Take Damage","damage_taken":17,"relics_obtained":["Golden Idol"],"max_hp_gain":0,"max_hp_loss":0,"event_name":"Golden Idol","floor":4,"gold_loss":0},{"cards_removed":["Strike_G"],"damage_healed":0,"gold_gain":0,"player_choice":"Gave Gold","damage_taken":0,"max_hp_gain":0,"max_hp_loss":0,"event_name":"Beggar","floor":21,"gold_loss":75},{"damage_healed":0,"gold_gain":0,"player_choice":"Joined the Cult","damage_taken":6,"max_hp_gain":0,"max_hp_loss":0,"event_name":"Nest","floor":22,"gold_loss":0,"cards_obtained":["RitualDagger"]},{"damage_healed":0,"gold_gain":0,"player_choice":"Ignored","damage_taken":0,"max_hp_gain":0,"max_hp_loss":0,"event_name":"Ghosts","floor":27,"gold_loss":0},{"cards_removed":["Strike_G"],"damage_healed":0,"gold_gain":0,"player_choice":"Upgrade and Remove","damage_taken":0,"max_hp_gain":0,"max_hp_loss":0,"event_name":"Designer","floor":29,"gold_loss":90,"cards_upgraded":["Finisher"]},{"damage_healed":0,"gold_gain":333,"player_choice":"Gave Idol","damage_taken":0,"max_hp_gain":0,"max_hp_loss":0,"event_name":"The Moai Head","floor":36,"relics_lost":["Golden Idol"],"gold_loss":0}],"is_beta":false,"boss_relics":[{"not_picked":["Busted Crown","Orrery"],"picked":"Astrolabe"},{"not_picked":["Eternal Feather","Snecko Eye"],"picked":"Empty Cage"}],"items_purged_floors":[5,37],"is_endless":false,"potions_floor_spawned":[1,8,13,16,19,31],"killed_by":"Writhing Mass","ascension_level":6}