{"gold_per_floor":[115,190,190,207,80,113,133,133,133,4,4,4,4,16,16,16],"floor_reached":16,"playtime":811,"items_purged":["Defend_B"],"score":148,"play_id":"03842463-824f-4146-b019-a2444b185f5e","local_time":"20190313002742","is_ascension_mode":true,"campfire_choices":[{"data":"Redo","floor":12,"key":"SMITH"},{"data":"Zap","floor":15,"key":"SMITH"}],"neow_cost":"NONE","seed_source_timestamp":2109713143456896,"circlet_count":0,"master_deck":["Strike_B","Strike_B","Strike_B","Defend_B","Defend_B","Defend_B","Zap+1","Dualcast","Blizzard","Sweeping Beam","Cold Snap","Leap","Redo+1","Storm","Hologram","Conserve Battery","Parasite"],"special_seed":0,"relics":["Cracked Core","NeowsBlessing","WingedGreaves","Bottled Lightning"],"potions_floor_usage":[16,16],"damage_taken":[{"damage":0.0,"enemies":"2 Louse","floor":1.0,"turns":1.0},{"damage":0.0,"enemies":"Small Slimes","floor":4.0,"turns":1.0},{"damage":0.0,"enemies":"3 Sentries","floor":6.0,"turns":1.0},{"damage":0.0,"enemies":"Cultist","floor":7.0,"turns":4.0},{"damage":4,"enemies":"Looter","floor":14,"turns":3},{"damage":86,"enemies":"Hexaghost","floor":16,"turns":14}],"seed_played":"-2309310328707202487","potions_obtained":[{"floor":3.0,"key":"Regen Potion"},{"floor":3.0,"key":"FearPotion"},{"floor":3.0,"key":"Energy Potion"},{"floor":4.0,"key":"EssenceOfSteel"}],"is_trial":false,"path_per_floor":["M","?","?","M","$","E","M","?","T","$","$","R","?","M","R","B"],"character_chosen":"DEFECT","items_purchased":["Cold Snap","Leap","Redo","Conserve Battery"],"campfire_rested":0,"item_purchase_floors":[5,5,5,10],"current_hp_per_floor":[75,64,64,64,64,64,64,57,57,57,57,57,75,71,71,0],"gold":16,"neow_bonus":"THREE_ENEMY_KILL","is_prod":false,"is_daily":false,"chose_seed":false,"campfire_upgraded":2,"win_rate":0,"timestamp":1552426062,"path_taken":["M","?","?","?","$","E","M","?","T","$","?","R","?","M","R","BOSS"],"build_version":"2019-01-23","purchased_purges":1,"victory":false,"max_hp_per_floor":[75,75,75,75,75,75,75,75,75,75,75,75,75,75,75,75],"card_choices":[{"not_picked":["Cold Snap","Recycle"],"picked":"Blizzard","floor":1.0},{"not_picked":["Static Discharge","Force Field"],"picked":"Sweeping Beam","floor":4.0},{"not_picked":["Turbo","Melter"],"picked":"Storm","floor":6.0},{"not_picked":["Lockon","Stack"],"picked":"Hologram","floor":7.0},{"not_picked":["Barrage","Fusion","Hologram"],"picked":"SKIP","floor":14}],"player_experience":327243,"relics_obtained":[{"floor":6.0,"key":"WingedGreaves"},{"floor":9.0,"key":"Bottled Lightning"}],"event_choices":[{"damage_healed":0.0,"max_hp_gain":0.0,"max_hp_loss":0.0,"gold_gain":75.0,"event_name":"World of Goop","player_choice":"Gather Gold","floor":2.0,"gold_loss":0.0,"damage_taken":11.0},{"damage_healed":0.0,"max_hp_gain":0.0,"max_hp_loss":0.0,"gold_gain":0.0,"event_name":"Lab","player_choice":"Got Potions","floor":3.0,"gold_loss":0.0,"damage_taken":0.0},{"cards_removed":["Strike_B"],"damage_healed":0.0,"max_hp_gain":0.0,"max_hp_loss":0.0,"gold_gain":0.0,"event_name":"Golden Wing","player_choice":"Card Removal","floor":8.0,"gold_loss":0.0,"damage_taken":7.0},{"damage_healed":18,"gold_gain":0,"player_choice":"Healed and dodged fight","damage_taken":0,"max_hp_gain":0,"max_hp_loss":0,"event_name":"Mushrooms","floor":13,"gold_loss":0,"cards_obtained":["Parasite"]}],"is_beta":false,"boss_relics":[],"items_purged_floors":[10],"is_endless":false,"potions_floor_spawned":[4],"killed_by":"Hexaghost","ascension_level":4}