{"gold_per_floor":[115,115,40,40,56,86,96,129,167,189,263,307,284,326,338,447,459,482,409,421,433,58,87,37,37,37,72,72,21,38,38,38,142,142,153,153,153,153,53,53,79,99,99,115,215,215,267,285,285,285],"floor_reached":51,"playtime":4294,"items_purged":["Defend_G","Strike_G"],"score":760,"play_id":"5d097a62-da37-43f6-bac5-8a7a59f36cec","local_time":"20190119151845","is_ascension_mode":false,"campfire_choices":[{"data":"Noxious Fumes","floor":15,"key":"SMITH"},{"floor":25,"key":"REST"},{"data":"Adrenaline","floor":28,"key":"SMITH"},{"data":"Sucker Punch","floor":32,"key":"SMITH"},{"data":"Adrenaline","floor":40,"key":"SMITH"},{"data":"Crippling Poison","floor":49,"key":"SMITH"}],"neow_cost":"NONE","seed_source_timestamp":140334332629843,"circlet_count":0,"master_deck":["Defend_G","Defend_G","Defend_G+1","Strike_G+1","Survivor","Neutralize+1","Backflip","Flying Knee","Heel Hook","Flying Knee+1","Heel Hook","Noxious Fumes+1","Leg Sweep","Blur","Acrobatics","Corpse Explosion","Sucker Punch+1","Adrenaline+1","Sucker Punch+1","Bane","Crippling Poison+1","Calculated Gamble","Adrenaline+1","Iron Wave+1","Heel Hook","Acrobatics+1","Backflip+1"],"relics":["Ring of the Snake","NeowsBlessing","Bronze Scales","MawBank","Anchor","Juzu Bracelet","Sundial","Frozen Egg 2","Runic Pyramid","Dodecahedron","Pantograph","Meat on the Bone","Letter Opener","Strawberry","Lantern","Philosopher\u0027s Stone","Whetstone","Pocketwatch","Kunai","Thread and Needle","Prayer Wheel"],"potions_floor_usage":[14,14,16,23,36],"damage_taken":[{"damage":0,"enemies":"Jaw Worm","floor":1,"turns":1},{"damage":0,"enemies":"2 Louse","floor":5,"turns":1},{"damage":0,"enemies":"Gremlin Nob","floor":6,"turns":1},{"damage":0,"enemies":"Small Slimes","floor":7,"turns":2},{"damage":6,"enemies":"3 Sentries","floor":8,"turns":7},{"damage":0,"enemies":"Red Slaver","floor":10,"turns":2},{"damage":12,"enemies":"Gremlin Nob","floor":11,"turns":4},{"damage":7,"enemies":"Lagavulin","floor":12,"turns":6},{"damage":3,"enemies":"3 Sentries","floor":14,"turns":7},{"damage":15,"enemies":"Slime Boss","floor":16,"turns":11},{"damage":6,"enemies":"Chosen","floor":18,"turns":5},{"damage":6,"enemies":"Slavers","floor":23,"turns":4},{"damage":17,"enemies":"Book of Stabbing","floor":27,"turns":6},{"damage":0,"enemies":"Shell Parasite","floor":30,"turns":5},{"damage":11,"enemies":"Collector","floor":33,"turns":9},{"damage":0,"enemies":"3 Darklings","floor":35,"turns":3},{"damage":25,"enemies":"Giant Head","floor":41,"turns":8},{"damage":0,"enemies":"3 Shapes","floor":42,"turns":2},{"damage":0,"enemies":"Maw","floor":44,"turns":7},{"damage":0,"enemies":"Mind Bloom Boss Battle","floor":45,"turns":5},{"damage":0,"enemies":"2 Orb Walkers","floor":47,"turns":2},{"damage":0,"enemies":"Sphere and 2 Shapes","floor":48,"turns":3},{"damage":10,"enemies":"Time Eater","floor":50,"turns":14}],"seed_played":"4102619902736845281","potions_obtained":[{"floor":5,"key":"SpeedPotion"},{"floor":8,"key":"Weak Potion"},{"floor":10,"key":"EssenceOfSteel"},{"floor":14,"key":"Explosive Potion"},{"floor":16,"key":"Regen Potion"},{"floor":23,"key":"Strength Potion"},{"floor":33,"key":"SpeedPotion"},{"floor":36,"key":"Fruit Juice"},{"floor":36,"key":"Strength Potion"},{"floor":41,"key":"Energy Potion"}],"is_trial":false,"path_per_floor":["M","?","$","?","M","E","M","E","T","M","?","E","?","E","R","B",null,"M","?","?","?","$","E","$","R","T","E","R","?","M","?","R","B",null,"M","?","?","T","$","R","E","M","T","M","?","?","?","M","R","B",null],"character_chosen":"THE_SILENT","items_purchased":["Pantograph","Adrenaline","Bane"],"campfire_rested":1,"item_purchase_floors":[22,22,24],"current_hp_per_floor":[70,70,70,56,56,56,56,50,50,50,38,31,48,45,45,30,70,64,64,64,51,51,59,59,75,75,65,65,65,65,65,65,71,82,82,87,87,87,87,87,62,62,62,62,87,87,87,87,87,77],"gold":285,"neow_bonus":"THREE_ENEMY_KILL","is_prod":false,"is_daily":false,"chose_seed":false,"campfire_upgraded":5,"win_rate":0.0,"timestamp":1547900325,"path_taken":["M","?","$","?","M","E","M","E","T","M","?","E","?","E","R","BOSS","M","?","?","?","$","E","$","R","T","E","R","?","M","?","R","BOSS","M","?","?","?","$","R","E","M","T","M","?","?","?","M","R","BOSS"],"build_version":"2019-01-17v2","purchased_purges":2,"victory":true,"max_hp_per_floor":[70,70,70,70,70,70,70,70,70,70,70,70,70,70,70,70,70,70,70,70,75,75,75,75,75,75,82,82,82,82,82,82,82,82,82,87,87,87,87,87,87,87,87,87,87,87,87,87,87,87],"card_choices":[{"not_picked":["Dagger Throw","Riddle With Holes"],"picked":"Backflip","floor":1},{"not_picked":["Slice","Catalyst"],"picked":"Flying Knee","floor":5},{"not_picked":["Underhanded Strike","Dodge and Roll"],"picked":"Heel Hook","floor":6},{"not_picked":["Dagger Spray","Expertise"],"picked":"Flying Knee","floor":7},{"not_picked":["After Image","Infinite Blades"],"picked":"Heel Hook","floor":8},{"not_picked":["Slice","Dagger Throw"],"picked":"Noxious Fumes","floor":10},{"not_picked":["Dagger Throw","Outmaneuver"],"picked":"Leg Sweep","floor":11},{"not_picked":["Masterful Stab","Outmaneuver"],"picked":"Blur","floor":12},{"not_picked":["Flechettes","Well Laid Plans"],"picked":"Acrobatics","floor":14},{"not_picked":["A Thousand Cuts+1","Venomology"],"picked":"Corpse Explosion","floor":16},{"not_picked":["Acrobatics","Catalyst"],"picked":"Sucker Punch","floor":18},{"not_picked":["Poisoned Stab","Riddle With Holes"],"picked":"Sucker Punch+1","floor":23},{"not_picked":["Phantasmal Killer","Catalyst+1"],"picked":"Crippling Poison","floor":27},{"not_picked":["Bane","Blade Dance+1"],"picked":"Calculated Gamble","floor":30},{"not_picked":["Unload","Phantasmal Killer"],"picked":"Adrenaline","floor":33},{"not_picked":["Dagger Throw+1","Prepared","Slice"],"picked":"SKIP","floor":35},{"not_picked":["Escape Plan","Dash+1"],"picked":"Heel Hook","floor":41},{"not_picked":["Choke+1","Quick Slash"],"picked":"Acrobatics+1","floor":42},{"not_picked":["Escape Plan","All Out Attack+1","Blade Dance+1"],"picked":"SKIP","floor":44},{"not_picked":["Burst","Acrobatics+1"],"picked":"Backflip+1","floor":48},{"not_picked":["Reflex","Blade Dance+1","Dagger Spray+1"],"picked":"SKIP","floor":48}],"player_experience":67080,"relics_obtained":[{"floor":6,"key":"Bronze Scales"},{"floor":8,"key":"MawBank"},{"floor":9,"key":"Anchor"},{"floor":11,"key":"Juzu Bracelet"},{"floor":12,"key":"Sundial"},{"floor":14,"key":"Frozen Egg 2"},{"floor":23,"key":"Meat on the Bone"},{"floor":26,"key":"Letter Opener"},{"floor":27,"key":"Strawberry"},{"floor":38,"key":"Whetstone"},{"floor":41,"key":"Pocketwatch"},{"floor":43,"key":"Kunai"},{"floor":45,"key":"Thread and Needle"},{"floor":47,"key":"Prayer Wheel"}],"event_choices":[{"damage_healed":0,"gold_gain":0,"player_choice":"Grow","damage_taken":0,"max_hp_gain":0,"max_hp_loss":0,"event_name":"Living Wall","floor":2,"gold_loss":0,"cards_upgraded":["Neutralize"]},{"damage_healed":0,"gold_gain":0,"player_choice":"Entered Light","damage_taken":14,"max_hp_gain":0,"max_hp_loss":0,"event_name":"Shining Light","floor":4,"gold_loss":0,"cards_upgraded":["Defend_G","Strike_G"]},{"damage_healed":0,"gold_gain":30,"player_choice":"Searched \u00273\u0027 times","damage_taken":0,"max_hp_gain":0,"max_hp_loss":0,"event_name":"Dead Adventurer","floor":11,"gold_loss":0},{"damage_healed":17,"gold_gain":0,"player_choice":"Healed","damage_taken":0,"max_hp_gain":0,"max_hp_loss":0,"event_name":"The Cleric","floor":13,"gold_loss":35},{"damage_healed":0,"gold_gain":0,"player_choice":"Obtained Relic","damage_taken":0,"relics_obtained":["Dodecahedron"],"max_hp_gain":0,"max_hp_loss":0,"event_name":"Addict","floor":19,"gold_loss":85},{"cards_removed":["Strike_G"],"damage_healed":0,"gold_gain":0,"player_choice":"Purged","damage_taken":0,"max_hp_gain":0,"max_hp_loss":0,"event_name":"Purifier","floor":20,"gold_loss":0},{"damage_healed":0,"gold_gain":0,"player_choice":"Shed Blood","damage_taken":18,"max_hp_gain":5,"max_hp_loss":0,"event_name":"Forgotten Altar","floor":21,"gold_loss":0},{"damage_healed":0,"gold_gain":0,"player_choice":"Paid Gold","damage_taken":0,"relics_obtained":["Lantern"],"max_hp_gain":0,"max_hp_loss":0,"event_name":"WeMeetAgain","floor":29,"gold_loss":51},{"cards_removed":["Strike_G"],"damage_healed":0,"gold_gain":0,"player_choice":"Offered Basic","damage_taken":0,"max_hp_gain":0,"max_hp_loss":0,"event_name":"Bonfire Elementals","floor":31,"gold_loss":0},{"damage_healed":0,"gold_gain":0,"player_choice":"Got Potions","damage_taken":0,"max_hp_gain":0,"max_hp_loss":0,"event_name":"Lab","floor":36,"gold_loss":0},{"cards_removed":["Strike_G"],"damage_healed":0,"gold_gain":0,"player_choice":"Took Card","damage_taken":0,"max_hp_gain":0,"max_hp_loss":0,"event_name":"NoteForYourself","floor":37,"gold_loss":0,"cards_obtained":["Iron Wave"]},{"damage_healed":0,"gold_gain":0,"player_choice":"Fight","damage_taken":0,"max_hp_gain":0,"max_hp_loss":0,"event_name":"MindBloom","floor":45,"gold_loss":0},{"cards_removed":["Defend_G"],"damage_healed":0,"gold_gain":0,"player_choice":"Removed Skill","damage_taken":0,"max_hp_gain":0,"max_hp_loss":0,"event_name":"Falling","floor":46,"gold_loss":0},{"damage_healed":0,"gold_gain":0,"player_choice":"Fight","damage_taken":0,"max_hp_gain":0,"max_hp_loss":0,"event_name":"Mysterious Sphere","floor":47,"gold_loss":0}],"is_beta":false,"boss_relics":[{"not_picked":["Astrolabe","Snecko Eye"],"picked":"Runic Pyramid"},{"not_picked":["Empty Cage","WristBlade"],"picked":"Philosopher\u0027s Stone"}],"items_purged_floors":[3,39],"is_endless":false,"potions_floor_spawned":[5,8,10,14,16,23,33,41,44,45,47],"ascension_level":0}