{"gold_per_floor":[111,111,121,52,63,63,78,78,78,90,101,136,146,204,204,204],"floor_reached":16,"playtime":2296,"items_purged":[],"score":165,"play_id":"61eb142b-f301-46e1-bc40-b48d83edaed4","local_time":"20190125172455","is_ascension_mode":true,"campfire_choices":[{"data":"Noxious Fumes","floor":6,"key":"SMITH"},{"data":"Catalyst","floor":8,"key":"SMITH"},{"floor":15,"key":"REST"}],"neow_cost":"NONE","seed_source_timestamp":1489273636633098,"circlet_count":0,"master_deck":["Defend_G","Defend_G","Defend_G","Defend_G","Defend_G","Strike_G","Strike_G","Strike_G","Strike_G","Strike_G","Survivor","Neutralize","Tools of the Trade","Cloak And Dagger","Accuracy","Noxious Fumes+1","Backflip","Catalyst+1","Cloak And Dagger","Catalyst","Crippling Poison","Corpse Explosion"],"relics":["Ring of the Snake","Matryoshka","Tiny Chest"],"potions_floor_usage":[7,7,7,7,7,10,14,14,16],"damage_taken":[{"damage":1,"enemies":"Small Slimes","floor":1,"turns":4},{"damage":1,"enemies":"Cultist","floor":3,"turns":4},{"damage":3,"enemies":"Jaw Worm","floor":5,"turns":5},{"damage":11,"enemies":"Lots of Slimes","floor":7,"turns":5},{"damage":17,"enemies":"Looter","floor":10,"turns":4},{"damage":4,"enemies":"Red Slaver","floor":11,"turns":5},{"damage":29,"enemies":"3 Sentries","floor":12,"turns":8},{"damage":0,"enemies":"Blue Slaver","floor":13,"turns":4},{"damage":4,"enemies":"Lagavulin","floor":14,"turns":5},{"damage":30,"enemies":"The Guardian","floor":16,"turns":2}],"seed_played":"-3200986460147354414","potions_obtained":[{"floor":2,"key":"EntropicBrew"},{"floor":2,"key":"Swift Potion"},{"floor":2,"key":"SneckoOil"},{"floor":3,"key":"EssenceOfSteel"},{"floor":12,"key":"Weak Potion"},{"floor":13,"key":"LiquidBronze"},{"floor":14,"key":"Explosive Potion"}],"is_trial":false,"path_per_floor":["M","?","M","$","M","R","M","R","T","M","M","E","M","E","R","B"],"character_chosen":"THE_SILENT","items_purchased":["Noxious Fumes"],"campfire_rested":1,"item_purchase_floors":[4],"current_hp_per_floor":[62,62,61,61,58,58,62,62,62,45,41,12,12,8,29,0],"gold":204,"neow_bonus":"ONE_RANDOM_RARE_CARD","is_prod":false,"is_daily":false,"chose_seed":false,"campfire_upgraded":2,"win_rate":0,"timestamp":1548465895,"path_taken":["M","?","?","$","M","R","M","R","T","M","M","E","?","E","R","BOSS"],"build_version":"2019-01-23","purchased_purges":0,"victory":false,"max_hp_per_floor":[70,70,70,70,70,70,70,70,70,70,70,70,70,70,70,70],"card_choices":[{"not_picked":["Prepared","Eviscerate"],"picked":"Cloak And Dagger","floor":1},{"not_picked":["Dagger Throw","Backflip"],"picked":"Accuracy","floor":3},{"not_picked":["Bane","Slice"],"picked":"Backflip","floor":5},{"not_picked":["Leg Sweep","Cloak And Dagger"],"picked":"Catalyst","floor":7},{"not_picked":["Sucker Punch","Quick Slash"],"picked":"Cloak And Dagger","floor":10},{"not_picked":["All Out Attack","PiercingWail"],"picked":"Catalyst","floor":11},{"not_picked":["Dodge and Roll","Prepared"],"picked":"Crippling Poison","floor":12},{"not_picked":["Infinite Blades","Concentrate"],"picked":"Corpse Explosion","floor":13},{"not_picked":["Poisoned Stab","Tools of the Trade","Accuracy"],"picked":"SKIP","floor":14}],"player_experience":395369,"relics_obtained":[{"floor":12,"key":"Matryoshka"},{"floor":14,"key":"Tiny Chest"}],"event_choices":[{"damage_healed":0,"gold_gain":0,"player_choice":"Got Potions","damage_taken":0,"max_hp_gain":0,"max_hp_loss":0,"event_name":"Lab","floor":2,"gold_loss":0}],"is_beta":false,"boss_relics":[],"items_purged_floors":[],"is_endless":false,"potions_floor_spawned":[3,5,12,13,14],"killed_by":"The Guardian","ascension_level":9}