{"gold_per_floor":[115,45,45,45,45,45,66,66,66,89,89,104,139,239,239,369,369,390,198,232,147,170,170,170],"floor_reached":24,"playtime":838,"items_purged":["Strike_G"],"score":298,"play_id":"24e435d9-ed37-40ca-9242-6669d8e156a9","local_time":"20190130200029","is_ascension_mode":true,"campfire_choices":[{"data":"Noxious Fumes","floor":6,"key":"SMITH"},{"data":"Footwork","floor":8,"key":"SMITH"},{"data":"Cloak And Dagger","floor":11,"key":"SMITH"},{"data":"Finisher","floor":15,"key":"SMITH"},{"data":"Catalyst","floor":23,"key":"SMITH"}],"neow_cost":"NONE","seed_source_timestamp":1932064822218700,"circlet_count":0,"master_deck":["AscendersBane","Defend_G","Defend_G+1","Defend_G+1","Defend_G","Strike_G","Strike_G","Survivor","Neutralize","Infinite Blades","Noxious Fumes+1","Footwork+1","Cloak And Dagger+1","Finisher+1","After Image","Night Terror","Dagger Spray+1","Riddle With Holes+1","Night Terror+1","Crippling Poison+1","Catalyst+1","Backstab","Dash","Noxious Fumes+1"],"relics":["Ring of the Snake","Bag of Marbles","Golden Idol","War Paint","Blue Candle","Astrolabe","Red Mask","Mummified Hand"],"potions_floor_usage":[13,20],"damage_taken":[{"damage":1,"enemies":"Small Slimes","floor":1,"turns":4},{"damage":7,"enemies":"2 Louse","floor":7,"turns":4},{"damage":0,"enemies":"Cultist","floor":10,"turns":4},{"damage":0,"enemies":"Blue Slaver","floor":12,"turns":4},{"damage":1,"enemies":"Lagavulin","floor":13,"turns":5},{"damage":12,"enemies":"Hexaghost","floor":16,"turns":9},{"damage":12,"enemies":"Chosen","floor":18,"turns":6},{"damage":15,"enemies":"Masked Bandits","floor":20,"turns":3},{"damage":4,"enemies":"Spheric Guardian","floor":22,"turns":7},{"damage":30,"enemies":"Slavers","floor":24,"turns":4}],"seed_played":"-2807033574803630219","potions_obtained":[{"floor":1,"key":"SkillPotion"},{"floor":10,"key":"FearPotion"},{"floor":13,"key":"FearPotion"}],"is_trial":false,"path_per_floor":["M","$","?","?","?","R","M","R","T","M","R","M","E","?","R","B",null,"M","$","?","?","M","R","E"],"character_chosen":"THE_SILENT","items_purchased":["Footwork","Catalyst","Backstab"],"campfire_rested":0,"item_purchase_floors":[2,19,19],"current_hp_per_floor":[62,62,55,38,38,38,31,31,31,31,31,31,30,30,30,18,57,45,45,30,30,26,26,0],"gold":170,"neow_bonus":"THREE_CARDS","is_prod":false,"is_daily":false,"chose_seed":false,"campfire_upgraded":5,"win_rate":0,"timestamp":1548907229,"path_taken":["M","$","?","?","?","R","M","R","T","M","R","M","E","?","R","BOSS","M","$","?","?","M","R","E"],"build_version":"2019-01-23","purchased_purges":1,"victory":false,"max_hp_per_floor":[70,70,70,70,70,70,70,70,70,70,70,70,70,70,70,70,70,70,70,70,70,70,70,70],"card_choices":[{"not_picked":["Backflip","Dagger Throw"],"picked":"Infinite Blades","floor":0},{"not_picked":["All Out Attack","Escape Plan"],"picked":"Noxious Fumes","floor":1},{"not_picked":["Sucker Punch","Outmaneuver"],"picked":"Cloak And Dagger","floor":7},{"not_picked":["Deflect","PiercingWail","Tactician"],"picked":"SKIP","floor":10},{"not_picked":["Bane","Dagger Spray"],"picked":"Finisher","floor":12},{"not_picked":["Caltrops","Sucker Punch"],"picked":"After Image","floor":13},{"not_picked":["Grand Finale","Glass Knife"],"picked":"Night Terror","floor":16},{"not_picked":["Sucker Punch+1","Poisoned Stab"],"picked":"Crippling Poison+1","floor":18},{"not_picked":["Dagger Spray","Acrobatics+1"],"picked":"Dash","floor":20},{"not_picked":["Blade Dance","Bouncing Flask"],"picked":"Noxious Fumes+1","floor":22}],"player_experience":441671,"relics_obtained":[{"floor":9,"key":"War Paint"},{"floor":13,"key":"Blue Candle"},{"floor":20,"key":"Red Mask"}],"event_choices":[{"damage_healed":0,"gold_gain":0,"player_choice":"Success","damage_taken":7,"relics_obtained":["Bag of Marbles"],"max_hp_gain":0,"max_hp_loss":0,"event_name":"Scrap Ooze","floor":3,"gold_loss":0},{"damage_healed":0,"gold_gain":0,"player_choice":"Take Damage","damage_taken":17,"relics_obtained":["Golden Idol"],"max_hp_gain":0,"max_hp_loss":0,"event_name":"Golden Idol","floor":4,"gold_loss":0},{"damage_healed":0,"gold_gain":0,"player_choice":"Ignored","damage_taken":0,"max_hp_gain":0,"max_hp_loss":0,"event_name":"Liars Game","floor":5,"gold_loss":0},{"damage_healed":0,"gold_gain":100,"player_choice":"Pray","damage_taken":0,"max_hp_gain":0,"max_hp_loss":0,"event_name":"Golden Shrine","floor":14,"gold_loss":0},{"damage_healed":0,"gold_gain":0,"player_choice":"Fought Bandits","damage_taken":0,"max_hp_gain":0,"max_hp_loss":0,"event_name":"Masked Bandits","floor":20,"gold_loss":0},{"damage_healed":0,"gold_gain":0,"player_choice":"Obtained Relic","damage_taken":0,"relics_obtained":["Mummified Hand"],"max_hp_gain":0,"max_hp_loss":0,"event_name":"Addict","floor":21,"gold_loss":85}],"is_beta":false,"boss_relics":[{"not_picked":["Ectoplasm","Calling Bell"],"picked":"Astrolabe"}],"items_purged_floors":[19],"is_endless":false,"potions_floor_spawned":[1,10,13],"killed_by":"Slavers","ascension_level":11}