{"gold_per_floor":[109,129,51,51,51,51,51,76,76,176,176,211,221,238,238,343,343,358,377,387,405,418,418,428,428,428,428,441,441,457,457,457,457],"floor_reached":33,"playtime":1507,"items_purged":[],"score":479,"play_id":"1e412c06-1125-4fca-969b-ac1986d98278","local_time":"20190129005246","is_ascension_mode":true,"campfire_choices":[{"data":"Bouncing Flask","floor":6,"key":"SMITH"},{"data":"Adrenaline","floor":11,"key":"SMITH"},{"data":"Noxious Fumes","floor":15,"key":"SMITH"},{"data":"Footwork","floor":23,"key":"SMITH"},{"data":"Burst","floor":25,"key":"SMITH"},{"data":"Burst","floor":27,"key":"SMITH"},{"floor":29,"key":"REST"},{"data":"Catalyst","floor":32,"key":"SMITH"}],"neow_cost":"NONE","seed_source_timestamp":1776132335877512,"circlet_count":0,"master_deck":["AscendersBane","Defend_G","Defend_G","Defend_G","Defend_G","Defend_G","Strike_G","Strike_G","Strike_G","Strike_G","Strike_G","Survivor","Neutralize","Backflip","Bouncing Flask+1","Adrenaline+1","Catalyst","Setup","Noxious Fumes+1","Burst+1","Cloak And Dagger","Footwork+1","Blade Dance+1","Deadly Poison+1","Burst+1","Backstab+1","Blade Dance","Dash+1","Catalyst+1","Pain","Calculated Gamble+1","Catalyst+1","Leg Sweep"],"relics":["Ring of the Snake","NeowsBlessing","FossilizedHelix","Prayer Wheel","Ornamental Fan","Shuriken","Cursed Key","Letter Opener"],"potions_floor_usage":[12,21,22,33,33],"damage_taken":[{"damage":0,"enemies":"Small Slimes","floor":1,"turns":1},{"damage":0,"enemies":"Jaw Worm","floor":2,"turns":1},{"damage":0,"enemies":"3 Sentries","floor":8,"turns":1},{"damage":5,"enemies":"Lagavulin","floor":12,"turns":6},{"damage":0,"enemies":"2 Louse","floor":13,"turns":2},{"damage":10,"enemies":"Lots of Slimes","floor":14,"turns":6},{"damage":16,"enemies":"Slime Boss","floor":16,"turns":10},{"damage":12,"enemies":"3 Byrds","floor":18,"turns":5},{"damage":14,"enemies":"2 Thieves","floor":19,"turns":4},{"damage":8,"enemies":"Shelled Parasite and Fungi","floor":20,"turns":5},{"damage":3,"enemies":"Snake Plant","floor":21,"turns":4},{"damage":0,"enemies":"3 Cultists","floor":22,"turns":5},{"damage":9,"enemies":"Sentry and Sphere","floor":24,"turns":6},{"damage":6,"enemies":"Centurion and Healer","floor":28,"turns":6},{"damage":1,"enemies":"Cultist and Chosen","floor":30,"turns":3},{"damage":84,"enemies":"Automaton","floor":33,"turns":6}],"seed_played":"-8355454528105587174","potions_obtained":[{"floor":8,"key":"Energy Potion"},{"floor":12,"key":"SpeedPotion"},{"floor":14,"key":"Block Potion"},{"floor":21,"key":"PowerPotion"},{"floor":24,"key":"Weak Potion"},{"floor":28,"key":"Dexterity Potion"}],"is_trial":false,"path_per_floor":["M","M","$","?","T","R","$","E","T","?","R","E","M","M","R","B",null,"M","M","M","M","M","R","M","R","T","R","M","R","M","?","R","B"],"character_chosen":"THE_SILENT","items_purchased":["Bouncing Flask"],"campfire_rested":1,"item_purchase_floors":[3],"current_hp_per_floor":[63,63,63,68,68,68,68,68,68,68,68,63,63,53,53,37,66,54,40,32,29,29,29,20,20,20,20,14,36,35,35,35,0],"gold":457,"neow_bonus":"THREE_ENEMY_KILL","is_prod":false,"is_daily":false,"chose_seed":false,"campfire_upgraded":7,"win_rate":0,"timestamp":1548751966,"path_taken":["M","M","$","?","?","R","$","E","T","?","R","E","M","M","R","BOSS","M","?","M","M","M","R","M","R","T","R","M","R","M","?","R","BOSS"],"build_version":"2019-01-23","purchased_purges":0,"victory":false,"max_hp_per_floor":[70,70,70,75,75,75,75,75,75,75,75,75,75,75,75,75,75,75,75,75,75,75,75,75,75,75,75,75,75,75,75,75,75],"card_choices":[{"not_picked":["Deflect","Underhanded Strike","Quick Slash"],"picked":"SKIP","floor":1},{"not_picked":["Bane","Finisher"],"picked":"Backflip","floor":2},{"not_picked":["Masterful Stab","Sucker Punch"],"picked":"Adrenaline","floor":8},{"not_picked":["Acrobatics","Phantasmal Killer"],"picked":"Catalyst","floor":12},{"not_picked":["Infinite Blades","Tactician"],"picked":"Setup","floor":13},{"not_picked":["Sucker Punch","PiercingWail","Flying Knee"],"picked":"SKIP","floor":13},{"not_picked":["Acrobatics","Heel Hook"],"picked":"Noxious Fumes","floor":14},{"not_picked":["Underhanded Strike","Setup","Bane"],"picked":"SKIP","floor":14},{"not_picked":["Wraith Form v2","Adrenaline"],"picked":"Burst","floor":16},{"not_picked":["Reflex+1","Prepared"],"picked":"Cloak And Dagger","floor":18},{"not_picked":["Dodge and Roll+1","Prepared","Flying Knee"],"picked":"SKIP","floor":18},{"not_picked":["Dodge and Roll+1","Reflex"],"picked":"Footwork","floor":19},{"not_picked":["Sucker Punch","Accuracy"],"picked":"Blade Dance+1","floor":19},{"not_picked":["Blade Dance","PiercingWail+1"],"picked":"Deadly Poison+1","floor":20},{"not_picked":["Deflect","Dagger Throw+1","Glass Knife"],"picked":"SKIP","floor":20},{"not_picked":["Dodge and Roll","Acrobatics"],"picked":"Burst","floor":21},{"not_picked":["Masterful Stab+1","Flying Knee","Slice+1"],"picked":"SKIP","floor":21},{"not_picked":["Blade Dance","Dodge and Roll"],"picked":"Backstab+1","floor":22},{"not_picked":["Flying Knee","Acrobatics+1"],"picked":"Blade Dance","floor":22},{"not_picked":["Cloak And Dagger","Dagger Throw"],"picked":"Dash+1","floor":24},{"not_picked":["Dagger Throw+1","Terror"],"picked":"Catalyst","floor":24},{"not_picked":["Skewer","Quick Slash"],"picked":"Calculated Gamble+1","floor":28},{"not_picked":["Dagger Throw+1","All Out Attack+1","Grand Finale"],"picked":"SKIP","floor":28},{"not_picked":["Flechettes+1","Calculated Gamble+1"],"picked":"Catalyst+1","floor":30},{"not_picked":["Dodge and Roll","Deadly Poison+1","Sucker Punch"],"picked":"SKIP","floor":30}],"player_experience":438562,"relics_obtained":[{"floor":5,"key":"FossilizedHelix"},{"floor":8,"key":"Prayer Wheel"},{"floor":9,"key":"Ornamental Fan"},{"floor":12,"key":"Shuriken"},{"floor":26,"key":"Letter Opener"}],"event_choices":[{"damage_healed":0,"gold_gain":0,"player_choice":"Donut","damage_taken":0,"max_hp_gain":5,"max_hp_loss":0,"event_name":"Big Fish","floor":4,"gold_loss":0},{"damage_healed":0,"gold_gain":100,"player_choice":"Pray","damage_taken":0,"max_hp_gain":0,"max_hp_loss":0,"event_name":"Golden Shrine","floor":10,"gold_loss":0},{"damage_healed":0,"gold_gain":0,"player_choice":"Read","damage_taken":0,"max_hp_gain":0,"max_hp_loss":0,"event_name":"The Library","floor":31,"gold_loss":0,"cards_obtained":["Leg Sweep"]}],"is_beta":false,"boss_relics":[{"not_picked":["Busted Crown","HoveringKite"],"picked":"Cursed Key"}],"items_purged_floors":[],"is_endless":false,"potions_floor_spawned":[8,12,14,18,21,24,28],"killed_by":"Automaton","ascension_level":11}