{"gold_per_floor":[414,429,23,38,38,76,76,9,59,78,97,116,82,82],"floor_reached":14,"playtime":513,"items_purged":["Strike_G"],"score":92,"play_id":"48b281be-54b7-4d3a-851b-ed1f1168011c","local_time":"20190524001459","daily_mods":["Heirloom","Vintage","DeadlyEvents"],"is_ascension_mode":false,"campfire_choices":[],"neow_cost":"","seed_source_timestamp":0,"circlet_count":0,"master_deck":["Defend_G","Defend_G","Defend_G","Defend_G","Defend_G","Strike_G","Strike_G+1","Strike_G","Survivor","Neutralize+1","Accuracy","Terror","After Image","All Out Attack"],"special_seed":18040,"relics":["Ring of the Snake","Old Coin","Singing Bowl","Bottled Flame","Mummified Hand","Gremlin Horn","Golden Idol","Potion Belt","Blood Vial","Whetstone","Sundial","Bottled Tornado"],"potions_floor_usage":[],"damage_taken":[{"damage":1,"enemies":"2 Louse","floor":1,"turns":3},{"damage":2,"enemies":"Small Slimes","floor":2,"turns":3},{"damage":1,"enemies":"Cultist","floor":4,"turns":4},{"damage":25,"enemies":"3 Sentries","floor":6,"turns":17},{"damage":6,"enemies":"Large Slime","floor":10,"turns":8},{"damage":4,"enemies":"Blue Slaver","floor":11,"turns":3},{"damage":0,"enemies":"2 Fungi Beasts","floor":12,"turns":5},{"damage":0,"enemies":"Gremlin Gang","floor":14,"turns":1}],"seed_played":"8609571646194855566","potions_obtained":[{"floor":2,"key":"GhostInAJar"},{"floor":6,"key":"Poison Potion"},{"floor":10,"key":"PowerPotion"}],"is_trial":false,"path_per_floor":["M","M","$","M","?","E","?","$","T","M","M","M","?","M"],"character_chosen":"THE_SILENT","items_purchased":["Accuracy","Mummified Hand","All Out Attack"],"campfire_rested":0,"item_purchase_floors":[3,3,8],"current_hp_per_floor":[69,67,67,66,49,24,24,24,24,20,18,20,20,22],"gold":82,"neow_bonus":"","is_prod":false,"is_daily":true,"chose_seed":false,"campfire_upgraded":0,"win_rate":0,"timestamp":1558682099,"path_taken":["M","M","$","M","?","E","?","$","T","M","M","M","?","M"],"build_version":"2019-01-23","purchased_purges":1,"victory":false,"max_hp_per_floor":[70,70,70,70,70,70,70,70,70,70,70,70,70,70],"card_choices":[{"not_picked":["Cloak And Dagger","Backflip"],"picked":"Terror","floor":6}],"player_experience":606263,"relics_obtained":[{"floor":1,"key":"Singing Bowl"},{"floor":2,"key":"Bottled Flame"},{"floor":4,"key":"Gremlin Horn"},{"floor":6,"key":"Potion Belt"},{"floor":9,"key":"Blood Vial"},{"floor":10,"key":"Whetstone"},{"floor":11,"key":"Sundial"},{"floor":12,"key":"Bottled Tornado"}],"event_choices":[{"damage_healed":0,"gold_gain":0,"player_choice":"Take Damage","damage_taken":17,"relics_obtained":["Golden Idol"],"max_hp_gain":0,"max_hp_loss":0,"event_name":"Golden Idol","floor":5,"gold_loss":0},{"damage_healed":0,"gold_gain":0,"cards_transformed":["Strike_G"],"player_choice":"Change","damage_taken":0,"max_hp_gain":0,"max_hp_loss":0,"event_name":"Living Wall","floor":7,"gold_loss":0,"cards_obtained":["After Image"]},{"damage_healed":0,"gold_gain":0,"player_choice":"Left Gold","damage_taken":0,"max_hp_gain":0,"max_hp_loss":0,"event_name":"World of Goop","floor":13,"gold_loss":34}],"is_beta":false,"boss_relics":[],"items_purged_floors":[3],"is_endless":false,"potions_floor_spawned":[2,6,10],"killed_by":"Gremlin Gang","ascension_level":0}