{"gold_per_floor":[117,117,117,130,153,153,168,168,219,237,16,59,59,59,59,187,187,176,20,20,20,20,35,35,35,84,84,84],"floor_reached":28,"playtime":709,"items_purged":["Strike_G"],"score":323,"play_id":"d761a9e3-9706-4e4d-a090-561e24a07a9b","local_time":"20190114220853","is_ascension_mode":true,"campfire_choices":[{"data":"Catalyst","floor":6,"key":"SMITH"},{"data":"Catalyst","floor":8,"key":"SMITH"},{"data":"Deadly Poison","floor":15,"key":"SMITH"},{"data":"Burst","floor":24,"key":"SMITH"},{"floor":27,"key":"REST"}],"neow_cost":"NONE","seed_source_timestamp":557497572580645,"circlet_count":0,"master_deck":["Defend_G","Defend_G+1","Defend_G","Defend_G+1","Defend_G","Strike_G","Strike_G","Strike_G+1","Strike_G","Survivor","Neutralize","Dash+1","Catalyst+1","Catalyst+1","Flying Knee","Malaise","Deadly Poison+1","Burst+1","Well Laid Plans","Catalyst","Noxious Fumes","Blur","Backflip","Malaise"],"relics":["Ring of the Snake","NeowsBlessing","Golden Idol","War Paint","Potion Belt","Orrery","Blood Vial","Whetstone"],"potions_floor_usage":[12,16,18,28,28,28],"damage_taken":[{"damage":0,"enemies":"2 Louse","floor":1,"turns":1},{"damage":0,"enemies":"Jaw Worm","floor":4,"turns":1},{"damage":0,"enemies":"Small Slimes","floor":5,"turns":1},{"damage":14,"enemies":"Exordium Wildlife","floor":7,"turns":7},{"damage":0,"enemies":"Blue Slaver","floor":10,"turns":5},{"damage":12,"enemies":"Gremlin Nob","floor":12,"turns":3},{"damage":3,"enemies":"The Guardian","floor":16,"turns":6},{"damage":26,"enemies":"2 Thieves","floor":18,"turns":4},{"damage":11,"enemies":"Shell Parasite","floor":23,"turns":6},{"damage":51,"enemies":"Slavers","floor":28,"turns":5}],"seed_played":"-2112517766342204617","potions_obtained":[{"floor":1,"key":"Swift Potion"},{"floor":7,"key":"Poison Potion"},{"floor":12,"key":"SpeedPotion"},{"floor":23,"key":"AttackPotion"},{"floor":25,"key":"Energy Potion"},{"floor":25,"key":"Block Potion"},{"floor":25,"key":"Strength Potion"}],"is_trial":false,"path_per_floor":["M","?","?","M","M","R","M","R","T","M","$","E","$","?","R","B",null,"M","$","?","?","$","M","R","?","T","R","E"],"character_chosen":"THE_SILENT","items_purchased":["Malaise","Blood Vial"],"campfire_rested":1,"item_purchase_floors":[11,19],"current_hp_per_floor":[63,46,69,69,69,69,55,55,55,55,55,43,43,43,43,40,63,37,37,37,37,37,28,28,28,28,49,0],"gold":84,"neow_bonus":"THREE_ENEMY_KILL","is_prod":false,"is_daily":false,"chose_seed":false,"campfire_upgraded":4,"win_rate":0,"timestamp":1547532533,"path_taken":["M","?","?","M","M","R","M","R","T","M","?","E","$","?","R","BOSS","M","$","?","?","$","M","R","?","T","R","E"],"build_version":"2019-01-10","purchased_purges":1,"victory":false,"max_hp_per_floor":[70,70,70,70,70,70,70,70,70,70,70,70,70,70,70,70,70,70,70,70,70,70,70,70,70,70,70,70],"card_choices":[{"not_picked":["Dagger Spray","Quick Slash"],"picked":"Dash","floor":1},{"not_picked":["Poisoned Stab","Bane"],"picked":"Catalyst","floor":4},{"not_picked":["Distraction","Bane"],"picked":"Catalyst","floor":5},{"not_picked":["Eviscerate","Underhanded Strike","PiercingWail"],"picked":"SKIP","floor":7},{"not_picked":["Prepared","Sucker Punch"],"picked":"Flying Knee","floor":10},{"not_picked":["Choke","Catalyst"],"picked":"Deadly Poison","floor":12},{"not_picked":["Unload","Night Terror"],"picked":"Burst","floor":16},{"not_picked":["Sucker Punch","Cloak And Dagger"],"picked":"Well Laid Plans","floor":17},{"not_picked":["Poisoned Stab","Expertise"],"picked":"Catalyst","floor":17},{"not_picked":["Accuracy","Bane"],"picked":"Noxious Fumes","floor":17},{"not_picked":["Riddle With Holes","Terror"],"picked":"Blur","floor":17},{"not_picked":["Prepared","Sucker Punch"],"picked":"Backflip","floor":18},{"not_picked":["Dagger Throw","Eviscerate"],"picked":"Malaise","floor":23}],"player_experience":331219,"relics_obtained":[{"floor":9,"key":"War Paint"},{"floor":12,"key":"Potion Belt"},{"floor":26,"key":"Whetstone"}],"event_choices":[{"damage_healed":0,"gold_gain":0,"player_choice":"Take Damage","damage_taken":17,"relics_obtained":["Golden Idol"],"max_hp_gain":0,"max_hp_loss":0,"event_name":"Golden Idol","floor":2,"gold_loss":0},{"damage_healed":23,"gold_gain":0,"player_choice":"Banana","damage_taken":0,"max_hp_gain":0,"max_hp_loss":0,"event_name":"Big Fish","floor":3,"gold_loss":0},{"damage_healed":0,"gold_gain":0,"player_choice":"Ignored","damage_taken":0,"max_hp_gain":0,"max_hp_loss":0,"event_name":"Liars Game","floor":14,"gold_loss":0},{"damage_healed":0,"gold_gain":0,"player_choice":"Ignored","damage_taken":0,"max_hp_gain":0,"max_hp_loss":0,"event_name":"Beggar","floor":20,"gold_loss":0},{"damage_healed":0,"gold_gain":0,"player_choice":"Got Potions","damage_taken":0,"max_hp_gain":0,"max_hp_loss":0,"event_name":"Lab","floor":25,"gold_loss":0}],"is_beta":false,"boss_relics":[{"not_picked":["Ring of the Serpent","Tiny House"],"picked":"Orrery"}],"items_purged_floors":[11],"is_endless":false,"potions_floor_spawned":[1,7,12,23],"killed_by":"Slavers","ascension_level":7}