{"gold_per_floor":[117,128,53,0,150,150,177,208,247,259,9,9,9,24,24,119,119,137,52,52,52,66,101,101,158,158,158],"floor_reached":27,"playtime":1304,"items_purged":["Doubt"],"score":482,"play_id":"5a56d493-20f4-467c-bf0c-0b5ac039d6d1","local_time":"20190604125228","is_ascension_mode":true,"campfire_choices":[{"data":"Doom and Gloom","floor":6,"key":"SMITH"},{"data":"Zap","floor":10,"key":"SMITH"},{"data":"Apotheosis","floor":12,"key":"SMITH"},{"floor":15,"key":"REST"},{"floor":24,"key":"REST"}],"neow_cost":"TEN_PERCENT_HP_LOSS","seed_source_timestamp":1704737681124662,"circlet_count":0,"master_deck":["AscendersBane","Defend_B","Defend_B","Defend_B","Zap+1","Dualcast","Sweeping Beam","Doom and Gloom+1","Ball Lightning","Hologram","Apotheosis+1","Injury","Machine Learning","Streamline","Echo Form"],"relics":["Cracked Core","MawBank","Juzu Bracelet","Bloody Idol","Busted Crown","Darkstone Periapt","Centennial Puzzle","Tiny Chest","Regal Pillow"],"potions_floor_usage":[22,23,25,25],"damage_taken":[{"damage":17,"enemies":"Small Slimes","floor":1,"turns":6},{"damage":4,"enemies":"Jaw Worm","floor":2,"turns":4},{"damage":11,"enemies":"Gremlin Nob","floor":7,"turns":3},{"damage":2,"enemies":"2 Louse","floor":8,"turns":2},{"damage":7,"enemies":"Large Slime","floor":14,"turns":3},{"damage":17,"enemies":"Slime Boss","floor":16,"turns":8},{"damage":10,"enemies":"Chosen","floor":18,"turns":4},{"damage":3,"enemies":"Spheric Guardian","floor":22,"turns":3},{"damage":36,"enemies":"Slavers","floor":23,"turns":7},{"damage":13,"enemies":"Gremlin Leader","floor":25,"turns":4},{"damage":42,"enemies":"Slavers","floor":27,"turns":3}],"seed_played":"-1929266487525639076","potions_obtained":[{"floor":1,"key":"FocusPotion"},{"floor":22,"key":"SkillPotion"},{"floor":23,"key":"Explosive Potion"}],"is_trial":false,"path_per_floor":["M","M","?","$","?","R","E","M","T","R","$","R","?","M","R","B",null,"M","?","?","?","M","E","R","E","T","E"],"character_chosen":"DEFECT","items_purchased":["Fire Potion","Apotheosis"],"campfire_rested":2,"item_purchase_floors":[4,11],"current_hp_per_floor":[47,43,43,43,43,43,32,30,30,30,30,30,30,23,42,25,54,44,44,44,44,46,15,34,31,31,0],"gold":158,"neow_bonus":"REMOVE_TWO","is_prod":false,"is_daily":false,"chose_seed":false,"campfire_upgraded":3,"win_rate":0,"timestamp":1559645548,"path_taken":["M","M","?","?","?","R","E","M","T","R","$","R","?","M","R","BOSS","M","?","?","?","M","E","R","E","T","E"],"build_version":"2019-01-23","purchased_purges":1,"victory":false,"max_hp_per_floor":[64,64,64,64,64,64,64,64,64,64,64,64,64,64,64,64,64,64,64,64,64,64,64,64,64,64,64],"card_choices":[{"not_picked":["Blizzard","Go for the Eyes"],"picked":"Sweeping Beam","floor":1},{"not_picked":["Streamline","Hologram"],"picked":"Doom and Gloom","floor":2},{"not_picked":["Skim","Fusion"],"picked":"Ball Lightning","floor":7},{"not_picked":["Rip and Tear","Fusion"],"picked":"Hologram","floor":8},{"not_picked":["Ball Lightning","Turbo","Sweeping Beam"],"picked":"SKIP","floor":14},{"not_picked":["Reboot","Amplify"],"picked":"Machine Learning","floor":16},{"not_picked":["Turbo"],"picked":"SKIP","floor":18},{"not_picked":["Leap"],"picked":"SKIP","floor":22},{"not_picked":["Redo"],"picked":"SKIP","floor":23},{"not_picked":["Beam Cell"],"picked":"SKIP","floor":25}],"player_experience":790832,"relics_obtained":[{"floor":7,"key":"MawBank"},{"floor":9,"key":"Juzu Bracelet"},{"floor":23,"key":"Centennial Puzzle"},{"floor":25,"key":"Tiny Chest"},{"floor":26,"key":"Regal Pillow"}],"event_choices":[{"cards_removed":["Strike_B"],"damage_healed":0,"gold_gain":0,"player_choice":"Card Removal","damage_taken":0,"max_hp_gain":0,"max_hp_loss":0,"event_name":"The Cleric","floor":3,"gold_loss":75},{"damage_healed":0,"gold_gain":150,"player_choice":"AGREE","damage_taken":0,"max_hp_gain":0,"max_hp_loss":0,"event_name":"Liars Game","floor":5,"gold_loss":0,"cards_obtained":["Doubt"]},{"damage_healed":0,"gold_gain":0,"player_choice":"Take Wound","damage_taken":0,"relics_obtained":["Golden Idol"],"max_hp_gain":0,"max_hp_loss":0,"event_name":"Golden Idol","floor":13,"gold_loss":0,"cards_obtained":["Injury"]},{"damage_healed":0,"gold_gain":0,"player_choice":"Obtained Relic","damage_taken":0,"relics_obtained":["Darkstone Periapt"],"max_hp_gain":0,"max_hp_loss":0,"event_name":"Addict","floor":19,"gold_loss":85},{"damage_healed":0,"gold_gain":0,"cards_transformed":["Strike_B","Defend_B"],"player_choice":"Became Test Subject","damage_taken":0,"max_hp_gain":0,"max_hp_loss":0,"event_name":"Drug Dealer","floor":20,"gold_loss":0,"cards_obtained":["Streamline","Echo Form"]},{"damage_healed":0,"gold_gain":0,"player_choice":"Gave Idol","damage_taken":0,"relics_obtained":["Bloody Idol"],"max_hp_gain":0,"max_hp_loss":0,"event_name":"Forgotten Altar","floor":21,"relics_lost":["Golden Idol"],"gold_loss":0}],"is_beta":false,"boss_relics":[{"not_picked":["Lizard Tail","FrozenCore"],"picked":"Busted Crown"}],"items_purged_floors":[11],"is_endless":false,"potions_floor_spawned":[1,7,8,18,22,23],"killed_by":"Slavers","ascension_level":19}