{"gold_per_floor":[114,129,144,144,144,174,174,204,204,219,219,234,234,249,249,349,349,364,364,379,30,30,60,60,90,90,120,120,135,150,180,180,280,280,295,395,410,110,125,155,155,185,210,240,240,270,270,285,285,285],"floor_reached":51,"playtime":4161,"items_purged":["All For One","Tools of the Trade"],"score":978,"play_id":"e723a6f8-35db-4aaa-970a-73e21e37b42a","local_time":"20190519232722","daily_mods":["Shiny","Green Cards","Elite Swarm"],"is_ascension_mode":false,"campfire_choices":[{"data":"Echo Form","floor":7,"key":"SMITH"},{"data":"Buffer","floor":11,"key":"SMITH"},{"data":"Malaise","floor":13,"key":"SMITH"},{"data":"Burst","floor":15,"key":"SMITH"},{"data":"Buffer","floor":24,"key":"SMITH"},{"floor":28,"key":"REST"},{"floor":32,"key":"REST"},{"data":"Adrenaline","floor":41,"key":"SMITH"},{"data":"Machine Learning","floor":45,"key":"SMITH"},{"data":"Wraith Form v2","floor":47,"key":"SMITH"},{"floor":49,"key":"REST"}],"neow_cost":"","seed_source_timestamp":0,"circlet_count":0,"master_deck":["Venomology","Corpse Explosion","Malaise+1","Phantasmal Killer","Die Die Die","Adrenaline+1","Envenom","Doppelganger","Burst+1","Wraith Form v2+1","Night Terror","Unload","After Image","Bullet Time","Storm of Steel","Glass Knife","A Thousand Cuts","Grand Finale","Multi-Cast","Hyperbeam","Thunder Strike","Biased Cognition","Machine Learning+1","Electrodynamics","Buffer+1","Rainbow","Seek+1","Meteor Strike","Echo Form+1","Reboot","Amplify","Creative AI","Fission","Core Surge","BootSequence","Finesse+1","Machine Learning","Cold Snap","Buffer","Capacitor","Buffer+1","Electrodynamics","Echo Form","Caltrops","Corpse Explosion","Machine Learning","Coolheaded"],"special_seed":18036,"relics":["Cracked Core","Mango","Lantern","Blue Candle","Philosopher\u0027s Stone","Dodecahedron","ClockworkSouvenir","Bag of Marbles","Anchor","Molten Egg 2","Cables","Prayer Wheel","Nuclear Battery","Toy Ornithopter","Orichalcum","Ornamental Fan","War Paint","Kunai","Pear"],"potions_floor_usage":[3,6,6,8,14,16,16,18,23,23,25,25,27,30,33,33,39,42,42,44,46,48,48,50,50],"damage_taken":[{"damage":6,"enemies":"Cultist","floor":1,"turns":4},{"damage":0,"enemies":"Small Slimes","floor":2,"turns":4},{"damage":13,"enemies":"Jaw Worm","floor":3,"turns":4},{"damage":0,"enemies":"Gremlin Nob","floor":6,"turns":2},{"damage":18,"enemies":"3 Sentries","floor":8,"turns":3},{"damage":9,"enemies":"Red Slaver","floor":10,"turns":3},{"damage":0,"enemies":"Blue Slaver","floor":12,"turns":1},{"damage":0,"enemies":"Exordium Thugs","floor":14,"turns":3},{"damage":0,"enemies":"Slime Boss","floor":16,"turns":3},{"damage":0,"enemies":"Spheric Guardian","floor":18,"turns":1},{"damage":12,"enemies":"Shell Parasite","floor":20,"turns":4},{"damage":28,"enemies":"Slavers","floor":23,"turns":4},{"damage":38,"enemies":"Gremlin Leader","floor":25,"turns":4},{"damage":0,"enemies":"Slavers","floor":27,"turns":2},{"damage":0,"enemies":"Snecko","floor":29,"turns":5},{"damage":0,"enemies":"Snake Plant","floor":30,"turns":4},{"damage":10,"enemies":"Gremlin Leader","floor":31,"turns":5},{"damage":47,"enemies":"Collector","floor":33,"turns":4},{"damage":40,"enemies":"3 Darklings","floor":35,"turns":3},{"damage":0,"enemies":"3 Shapes","floor":37,"turns":3},{"damage":0,"enemies":"Sphere and 2 Shapes","floor":39,"turns":2},{"damage":5,"enemies":"Reptomancer","floor":40,"turns":4},{"damage":0,"enemies":"Giant Head","floor":42,"turns":10},{"damage":14,"enemies":"Reptomancer","floor":44,"turns":6},{"damage":3,"enemies":"Nemesis","floor":46,"turns":7},{"damage":16,"enemies":"Writhing Mass","floor":48,"turns":4},{"damage":33,"enemies":"Time Eater","floor":50,"turns":14}],"seed_played":"1966369025298368100","potions_obtained":[{"floor":1,"key":"Ancient Potion"},{"floor":2,"key":"FearPotion"},{"floor":16,"key":"Fire Potion"},{"floor":20,"key":"SpeedPotion"},{"floor":23,"key":"Fruit Juice"},{"floor":25,"key":"PowerPotion"},{"floor":31,"key":"EssenceOfSteel"},{"floor":33,"key":"Ancient Potion"},{"floor":42,"key":"EssenceOfSteel"},{"floor":44,"key":"SkillPotion"},{"floor":48,"key":"Strength Potion"}],"is_trial":false,"path_per_floor":["M","M","M","?","?","E","R","E","T","M","R","M","R","M","R","B",null,"M","T","M","$","?","E","R","E","T","E","R","M","M","E","R","B",null,"M","?","M","$","M","E","R","E","T","E","R","E","R","M","R","B",null],"character_chosen":"DEFECT","items_purchased":["Capacitor","ClockworkSouvenir","Toy Ornithopter"],"campfire_rested":3,"item_purchase_floors":[21,21,38],"current_hp_per_floor":[69,69,56,56,56,70,70,52,52,43,43,43,43,43,43,43,89,89,89,77,77,89,66,66,28,28,28,56,56,56,46,74,27,94,54,54,54,54,59,54,54,64,64,55,55,67,67,61,92,69],"gold":285,"neow_bonus":"","is_prod":false,"is_daily":true,"chose_seed":false,"campfire_upgraded":8,"win_rate":0,"timestamp":1558333642,"path_taken":["M","M","?","?","?","E","R","E","T","M","R","M","R","M","R","BOSS","M","?","M","$","?","E","R","E","T","E","R","M","M","E","R","BOSS","M","?","M","$","M","E","R","E","T","E","R","E","R","M","R","BOSS"],"build_version":"2019-01-23","purchased_purges":2,"victory":true,"max_hp_per_floor":[75,75,75,75,75,89,89,89,89,89,89,89,89,89,89,89,89,89,89,89,89,89,94,94,94,94,94,94,94,94,94,94,94,94,94,94,94,94,94,94,94,94,94,94,94,104,104,104,104,104],"card_choices":[{"not_picked":["Riddle With Holes","Finisher"],"picked":"BootSequence","floor":1},{"not_picked":["Blade Dance","Endless Agony","Dagger Throw"],"picked":"SKIP","floor":2},{"not_picked":["BootSequence","Hello World","Skim"],"picked":"SKIP","floor":3},{"not_picked":["Phantasmal Killer","Seek"],"picked":"Machine Learning","floor":6},{"not_picked":["Meteor Strike","Tools of the Trade","Venomology"],"picked":"SKIP","floor":8},{"not_picked":["Leap","Dodge and Roll","Steam"],"picked":"SKIP","floor":10},{"not_picked":["Ball Lightning","Quick Slash","Deflect"],"picked":"SKIP","floor":12},{"not_picked":["Darkness","Dagger Spray"],"picked":"Cold Snap","floor":14},{"not_picked":["Phantasmal Killer","Night Terror"],"picked":"Buffer","floor":16},{"not_picked":["Bane","Beam Cell","Steam Power+1"],"picked":"SKIP","floor":18},{"not_picked":["All Out Attack+1","Melter+1","Streamline+1"],"picked":"SKIP","floor":20},{"not_picked":["Corpse Explosion","Adrenaline"],"picked":"Buffer","floor":23},{"not_picked":["Biased Cognition","Meteor Strike"],"picked":"Electrodynamics","floor":25},{"not_picked":["Reboot","Night Terror"],"picked":"Echo Form","floor":27},{"not_picked":["Finisher+1","Outmaneuver","Bane+1"],"picked":"SKIP","floor":29},{"not_picked":["Sucker Punch+1","Blizzard+1"],"picked":"Caltrops","floor":30},{"not_picked":["Thunder Strike+1","Envenom","Tools of the Trade"],"picked":"SKIP","floor":31},{"not_picked":["Glass Knife+1","Night Terror"],"picked":"Corpse Explosion","floor":33},{"not_picked":["Deflect+1","Expertise+1","Dagger Spray+1"],"picked":"SKIP","floor":35},{"not_picked":["Redo+1","Slice+1","Poisoned Stab+1"],"picked":"SKIP","floor":35},{"not_picked":["Underhanded Strike+1","Backflip","Crippling Poison+1"],"picked":"SKIP","floor":37},{"not_picked":["Multi-Cast","Deflect","Leap+1"],"picked":"SKIP","floor":37},{"not_picked":["Calculated Gamble+1","Underhanded Strike+1","Quick Slash+1"],"picked":"SKIP","floor":39},{"not_picked":["Deadly Poison+1","Flying Knee+1","Undo+1"],"picked":"SKIP","floor":39},{"not_picked":["Phantasmal Killer","Seek","Rainbow"],"picked":"SKIP","floor":40},{"not_picked":["Corpse Explosion","Die Die Die+1"],"picked":"Machine Learning","floor":42},{"not_picked":["Die Die Die+1","Doppelganger","Thunder Strike+1"],"picked":"SKIP","floor":44},{"not_picked":["Glass Knife+1","Amplify","All For One+1"],"picked":"SKIP","floor":46},{"not_picked":["Beam Cell+1","Deflect+1"],"picked":"Coolheaded","floor":48},{"not_picked":["Bouncing Flask+1","Stack","Ball Lightning+1"],"picked":"SKIP","floor":48}],"player_experience":587923,"relics_obtained":[{"floor":6,"key":"Mango"},{"floor":8,"key":"Lantern"},{"floor":9,"key":"Blue Candle"},{"floor":19,"key":"Dodecahedron"},{"floor":23,"key":"Bag of Marbles"},{"floor":25,"key":"Anchor"},{"floor":26,"key":"Molten Egg 2"},{"floor":27,"key":"Cables"},{"floor":31,"key":"Prayer Wheel"},{"floor":40,"key":"Orichalcum"},{"floor":42,"key":"Ornamental Fan"},{"floor":43,"key":"War Paint"},{"floor":44,"key":"Kunai"},{"floor":46,"key":"Pear"}],"event_choices":[{"damage_healed":0,"gold_gain":0,"player_choice":"Ignored","damage_taken":0,"max_hp_gain":0,"max_hp_loss":0,"event_name":"Liars Game","floor":4,"gold_loss":0},{"damage_healed":0,"gold_gain":0,"player_choice":"1 cards matched","damage_taken":0,"max_hp_gain":0,"max_hp_loss":0,"event_name":"Match and Keep!","floor":5,"gold_loss":0,"cards_obtained":["Finesse"]},{"damage_healed":12,"gold_gain":0,"player_choice":"Full Heal","damage_taken":0,"max_hp_gain":0,"max_hp_loss":0,"event_name":"Wheel of Change","floor":22,"gold_loss":0},{"damage_healed":0,"gold_gain":100,"player_choice":"Pray","damage_taken":0,"max_hp_gain":0,"max_hp_loss":0,"event_name":"Golden Shrine","floor":36,"gold_loss":0}],"is_beta":false,"boss_relics":[{"not_picked":["Cursed Key","White Beast Statue"],"picked":"Philosopher\u0027s Stone"},{"not_picked":["Tiny House","Fusion Hammer"],"picked":"Nuclear Battery"}],"items_purged_floors":[21,38],"is_endless":false,"potions_floor_spawned":[1,2,12,16,20,23,25,31,33,37,42,44,48],"ascension_level":0}