{"gold_per_floor":[114,114,141,103,115,157,169,181,193,220,262,27,27,42,42,142,142,157,172,22,37,52,82,82,97,122,137,152,152],"floor_reached":29,"playtime":1803,"items_purged":[],"score":257,"play_id":"e8327c39-ab2e-40e6-abe7-f00414566cfa","local_time":"20190527224412","daily_mods":["Specialized","ControlledChaos","Binary"],"is_ascension_mode":false,"campfire_choices":[{"floor":7,"key":"REST"},{"data":"Go for the Eyes","floor":13,"key":"SMITH"},{"data":"Conserve Battery","floor":15,"key":"SMITH"}],"neow_cost":"","seed_source_timestamp":0,"circlet_count":0,"master_deck":["Strike_B","Strike_B","Strike_B","Strike_B","Defend_B","Defend_B","Defend_B","Defend_B","Zap","Dualcast","Fission+1","Fission","Fission+1","Conserve Battery+1","Coolheaded","Go for the Eyes+1","Self Repair","Core Surge","Darkness","FTL","Cold Snap","Loop"],"special_seed":18044,"relics":["Cracked Core","Frozen Eye","MawBank","Torii","Question Card","Symbiotic Virus","Vajra","Omamori","Velvet Choker","Bronze Scales","Shuriken","DataDisk"],"potions_floor_usage":[14,16,16,28,29],"damage_taken":[{"damage":5,"enemies":"2 Louse","floor":1,"turns":2},{"damage":6,"enemies":"Cultist","floor":3,"turns":4},{"damage":23,"enemies":"3 Sentries","floor":6,"turns":8},{"damage":6,"enemies":"Jaw Worm","floor":10,"turns":2},{"damage":14,"enemies":"Gremlin Nob","floor":11,"turns":3},{"damage":2,"enemies":"Blue Slaver","floor":14,"turns":3},{"damage":8,"enemies":"The Guardian","floor":16,"turns":9},{"damage":0,"enemies":"Chosen","floor":18,"turns":5},{"damage":20,"enemies":"2 Thieves","floor":19,"turns":4},{"damage":7,"enemies":"Centurion and Healer","floor":21,"turns":6},{"damage":16,"enemies":"Snake Plant","floor":22,"turns":4},{"damage":30,"enemies":"Gremlin Leader","floor":23,"turns":7},{"damage":16,"enemies":"Colosseum Slavers","floor":24,"turns":4},{"damage":9,"enemies":"Cultist and Chosen","floor":25,"turns":5},{"damage":2,"enemies":"Centurion and Healer","floor":27,"turns":5},{"damage":14,"enemies":"Snecko","floor":28,"turns":6},{"damage":21,"enemies":"Slavers","floor":29,"turns":1}],"seed_played":"3335311382363075353","potions_obtained":[{"floor":10,"key":"Block Potion"},{"floor":14,"key":"Poison Potion"},{"floor":19,"key":"SneckoOil"},{"floor":22,"key":"Dexterity Potion"},{"floor":28,"key":"EssenceOfSteel"}],"is_trial":false,"path_per_floor":["M","?","M","?","?","E","R","T","T","M","E","$","R","M","R","B",null,"M","M","$","M","M","E","?","M","T","M","M","E"],"character_chosen":"DEFECT","items_purchased":["Omamori","Regen Potion","Go for the Eyes","Bronze Scales"],"campfire_rested":1,"item_purchase_floors":[12,12,12,20],"current_hp_per_floor":[70,70,64,64,49,26,48,48,48,42,28,28,28,35,35,27,75,75,62,62,62,53,30,21,19,19,24,10,0],"gold":152,"neow_bonus":"","is_prod":false,"is_daily":true,"chose_seed":false,"campfire_upgraded":2,"win_rate":0,"timestamp":1559022252,"path_taken":["M","?","?","?","?","E","R","?","T","M","E","$","R","M","R","BOSS","M","M","$","M","M","E","?","M","T","M","M","E"],"build_version":"2019-01-23","purchased_purges":0,"victory":false,"max_hp_per_floor":[75,75,75,75,75,75,75,75,75,75,75,75,75,75,75,75,75,75,75,75,75,75,75,75,75,75,75,75,75],"card_choices":[{"not_picked":["Streamline","Beam Cell"],"picked":"SKIP","floor":1},{"not_picked":["Sweeping Beam","Turbo"],"picked":"SKIP","floor":3},{"not_picked":["Redo","Gash"],"picked":"SKIP","floor":6},{"not_picked":["Biased Cognition","Reinforced Body"],"picked":"Conserve Battery","floor":10},{"not_picked":["Go for the Eyes","Leap"],"picked":"Coolheaded","floor":11},{"not_picked":["Rebound","Leap"],"picked":"Self Repair","floor":14},{"not_picked":["Reboot","Seek"],"picked":"Core Surge","floor":16},{"not_picked":["Stack","Streamline"],"picked":"Darkness","floor":18},{"not_picked":["Undo+1","Rip and Tear","Turbo"],"picked":"SKIP","floor":19},{"not_picked":["Rebound+1","Consume","Redo"],"picked":"SKIP","floor":21},{"not_picked":["Rebound","Turbo"],"picked":"FTL","floor":22},{"not_picked":["Go for the Eyes","Steam"],"picked":"Cold Snap","floor":23},{"not_picked":["Beam Cell","Hello World","Meteor Strike"],"picked":"SKIP","floor":25},{"not_picked":["Cold Snap","Hologram","Streamline"],"picked":"SKIP","floor":27},{"not_picked":["Redo","Cold Snap"],"picked":"Loop","floor":28}],"player_experience":607794,"relics_obtained":[{"floor":6,"key":"Torii"},{"floor":8,"key":"Question Card"},{"floor":9,"key":"Symbiotic Virus"},{"floor":11,"key":"Vajra"},{"floor":23,"key":"Shuriken"},{"floor":26,"key":"DataDisk"}],"event_choices":[{"cards_removed":["Fission"],"damage_healed":0,"gold_gain":0,"player_choice":"Gave Card","damage_taken":0,"relics_obtained":["MawBank"],"max_hp_gain":0,"max_hp_loss":0,"event_name":"WeMeetAgain","floor":2,"gold_loss":0},{"cards_removed":["Fission"],"damage_healed":0,"gold_gain":0,"player_choice":"Card Removal","damage_taken":0,"max_hp_gain":0,"max_hp_loss":0,"event_name":"The Cleric","floor":4,"gold_loss":50},{"damage_healed":0,"gold_gain":0,"player_choice":"Entered Light","damage_taken":15,"max_hp_gain":0,"max_hp_loss":0,"event_name":"Shining Light","floor":5,"gold_loss":0,"cards_upgraded":["Fission","Fission"]},{"damage_healed":0,"gold_gain":0,"player_choice":"Fight","damage_taken":0,"max_hp_gain":0,"max_hp_loss":0,"event_name":"Colosseum","floor":24,"gold_loss":0},{"damage_healed":0,"gold_gain":0,"player_choice":"Fled From Nobs","damage_taken":0,"max_hp_gain":0,"max_hp_loss":0,"event_name":"Colosseum","floor":24,"gold_loss":0}],"is_beta":false,"boss_relics":[{"not_picked":["Astrolabe","Empty Cage"],"picked":"Velvet Choker"}],"items_purged_floors":[],"is_endless":false,"potions_floor_spawned":[10,14,19,22,24,28],"killed_by":"Slavers","ascension_level":0}