{"gold_per_floor":[114,33,48,13,13,47,47,59,111,145,155,155,171,233,233,331,331,342,342,342,358,378,378,403,403,403,403,328,328,173,173,173,276,276,292,292,25,42,61,88,88,108,181,181,65,82,82,94,94,94],"floor_reached":50,"playtime":2522,"items_purged":["Strike_G"],"score":718,"play_id":"4dd6c629-5f51-4c34-a587-cc02ac6e1ac8","local_time":"20190105124703","is_ascension_mode":true,"campfire_choices":[{"data":"Noxious Fumes","floor":7,"key":"SMITH"},{"floor":12,"key":"REST"},{"data":"Catalyst","floor":15,"key":"SMITH"},{"floor":23,"key":"REST"},{"data":"Bane","floor":25,"key":"SMITH"},{"floor":27,"key":"REST"},{"data":"Night Terror","floor":29,"key":"SMITH"},{"data":"Footwork","floor":32,"key":"SMITH"},{"floor":41,"key":"REST"},{"floor":44,"key":"REST"},{"floor":47,"key":"REST"},{"floor":49,"key":"REST"}],"neow_cost":"NONE","seed_source_timestamp":1313634325345456,"circlet_count":0,"master_deck":["Defend_G","Defend_G","Defend_G","Survivor","Neutralize","Catalyst+1","Noxious Fumes+1","Noxious Fumes+1","Dash","Backstab","Escape Plan","Bane+1","Adrenaline","Poisoned Stab","Night Terror+1","Dagger Spray","PiercingWail+1","Escape Plan","Footwork+1","Blur","Noxious Fumes+1","Backflip","Noxious Fumes","Good Instincts+1"],"relics":["Empty Cage","Happy Flower","Omamori","Pen Nib","Tiny Chest","Philosopher\u0027s Stone","Juzu Bracelet","Orichalcum","Sundial","Sozu","DollysMirror","Dodecahedron","Toxic Egg 2"],"potions_floor_usage":[6,16,16,18,40,40],"damage_taken":[{"damage":0,"enemies":"2 Louse","floor":1,"turns":4},{"damage":0,"enemies":"Small Slimes","floor":3,"turns":3},{"damage":29,"enemies":"Gremlin Nob","floor":6,"turns":5},{"damage":0,"enemies":"Jaw Worm","floor":8,"turns":4},{"damage":2,"enemies":"Lagavulin","floor":10,"turns":7},{"damage":6,"enemies":"Lots of Slimes","floor":11,"turns":3},{"damage":7,"enemies":"2 Fungi Beasts","floor":13,"turns":4},{"damage":10,"enemies":"3 Sentries","floor":14,"turns":6},{"damage":2,"enemies":"Slime Boss","floor":16,"turns":7},{"damage":10,"enemies":"Shell Parasite","floor":18,"turns":5},{"damage":12,"enemies":"3 Byrds","floor":21,"turns":4},{"damage":20,"enemies":"Snecko","floor":22,"turns":5},{"damage":6,"enemies":"Gremlin Leader","floor":24,"turns":5},{"damage":33,"enemies":"Automaton","floor":33,"turns":9},{"damage":3,"enemies":"3 Darklings","floor":35,"turns":4},{"damage":7,"enemies":"Orb Walker","floor":38,"turns":4},{"damage":6,"enemies":"Sphere and 2 Shapes","floor":39,"turns":6},{"damage":11,"enemies":"Reptomancer","floor":40,"turns":5},{"damage":46,"enemies":"Writhing Mass","floor":42,"turns":5},{"damage":0,"enemies":"Maw","floor":46,"turns":6},{"damage":33,"enemies":"Transient","floor":48,"turns":5},{"damage":70,"enemies":"Time Eater","floor":50,"turns":7}],"seed_played":"-7115545661562237292","potions_obtained":[{"floor":3,"key":"SkillPotion"},{"floor":11,"key":"Fire Potion"},{"floor":14,"key":"EssenceOfSteel"},{"floor":16,"key":"SpeedPotion"},{"floor":18,"key":"SmokeBomb"},{"floor":22,"key":"Weak Potion"},{"floor":33,"key":"SkillPotion"}],"is_trial":false,"path_per_floor":["M","$","M","?","?","E","R","M","T","E","M","R","M","E","R","B",null,"M","?","?","M","M","R","E","R","T","R","?","R","$","?","R","B",null,"M","?","$","M","M","E","R","M","T","R","$","M","R","M","R","B"],"character_chosen":"THE_SILENT","items_purchased":["Noxious Fumes","Footwork","Blur","DollysMirror","Noxious Fumes","Good Instincts+1"],"campfire_rested":7,"item_purchase_floors":[2,30,37,37,45,45],"current_hp_per_floor":[63,63,63,70,56,27,27,27,27,25,19,40,33,23,23,21,58,48,48,48,36,16,37,31,31,31,52,52,52,52,52,52,19,57,54,54,54,47,41,30,51,5,5,26,26,26,47,14,35,0],"gold":94,"neow_bonus":"BOSS_RELIC","is_prod":false,"is_daily":false,"chose_seed":false,"campfire_upgraded":5,"win_rate":0,"timestamp":1546721223,"path_taken":["M","$","M","?","?","E","R","M","T","E","M","R","M","E","R","BOSS","M","?","?","M","M","R","E","R","T","R","?","R","$","?","R","BOSS","M","?","$","M","M","E","R","M","T","R","?","M","R","M","R","BOSS"],"build_version":"2019-01-03v4","purchased_purges":1,"victory":false,"max_hp_per_floor":[70,70,70,70,70,70,70,70,70,70,70,70,70,70,70,70,70,70,70,70,70,70,70,70,70,70,70,70,70,70,70,70,70,70,70,70,70,70,70,70,70,70,70,70,70,70,70,70,70,70],"card_choices":[{"not_picked":["Sucker Punch","Dodge and Roll"],"picked":"Catalyst","floor":1},{"not_picked":["Choke","Prepared"],"picked":"Noxious Fumes","floor":3},{"not_picked":["Bane","Eviscerate"],"picked":"Dash","floor":6},{"not_picked":["Terror","Masterful Stab"],"picked":"Backstab","floor":8},{"not_picked":["Masterful Stab","Flechettes","Distraction"],"picked":"SKIP","floor":10},{"not_picked":["Flying Knee","Flechettes"],"picked":"Escape Plan","floor":11},{"not_picked":["Outmaneuver","Flying Knee"],"picked":"Bane","floor":13},{"not_picked":["Dagger Throw","Reflex","Sucker Punch"],"picked":"SKIP","floor":14},{"not_picked":["Doppelganger","Tools of the Trade"],"picked":"Adrenaline","floor":16},{"not_picked":["Slice","Infinite Blades"],"picked":"Poisoned Stab","floor":18},{"not_picked":["Quick Slash","Underhanded Strike","Reflex"],"picked":"SKIP","floor":21},{"not_picked":["Slice","Expertise"],"picked":"PiercingWail+1","floor":22},{"not_picked":["Wraith Form v2","Skewer"],"picked":"Escape Plan","floor":24},{"not_picked":["Tactician+1","Prepared","Outmaneuver+1"],"picked":"SKIP","floor":35},{"not_picked":["Backstab","Eviscerate","Bane+1"],"picked":"SKIP","floor":38},{"not_picked":["Prepared","PiercingWail","Quick Slash+1"],"picked":"SKIP","floor":39},{"not_picked":["Dagger Spray+1","Eviscerate+1"],"picked":"Backflip","floor":40},{"not_picked":["Blade Dance+1","Sucker Punch","Finisher"],"picked":"SKIP","floor":42},{"not_picked":["Prepared+1","Deflect+1","Sucker Punch+1"],"picked":"SKIP","floor":46},{"not_picked":["Caltrops+1","Choke","Dodge and Roll+1"],"picked":"SKIP","floor":48}],"player_experience":270508,"relics_obtained":[{"floor":6,"key":"Happy Flower"},{"floor":9,"key":"Omamori"},{"floor":10,"key":"Pen Nib"},{"floor":14,"key":"Tiny Chest"},{"floor":24,"key":"Orichalcum"},{"floor":40,"key":"Dodecahedron"},{"floor":43,"key":"Toxic Egg 2"}],"event_choices":[{"damage_healed":17,"gold_gain":0,"player_choice":"Healed","damage_taken":0,"max_hp_gain":0,"max_hp_loss":0,"event_name":"The Cleric","floor":4,"gold_loss":35},{"damage_healed":0,"gold_gain":0,"player_choice":"Entered Light","damage_taken":14,"max_hp_gain":0,"max_hp_loss":0,"event_name":"Shining Light","floor":5,"gold_loss":0,"cards_upgraded":["Noxious Fumes","Defend_G"]},{"damage_healed":0,"gold_gain":0,"player_choice":"Gave Potion","damage_taken":0,"relics_obtained":["Juzu Bracelet"],"max_hp_gain":0,"max_hp_loss":0,"event_name":"WeMeetAgain","floor":19,"gold_loss":0},{"damage_healed":0,"gold_gain":0,"cards_transformed":["Strike_G","Strike_G"],"player_choice":"Became Test Subject","damage_taken":0,"max_hp_gain":0,"max_hp_loss":0,"event_name":"Drug Dealer","floor":20,"gold_loss":0,"cards_obtained":["Night Terror","Dagger Spray"]},{"cards_removed":["Strike_G"],"damage_healed":0,"gold_gain":0,"player_choice":"Gave Gold","damage_taken":0,"max_hp_gain":0,"max_hp_loss":0,"event_name":"Beggar","floor":28,"gold_loss":75},{"damage_healed":0,"gold_gain":0,"player_choice":"Opened","damage_taken":0,"relics_obtained":["Sundial"],"max_hp_gain":0,"max_hp_loss":0,"event_name":"The Mausoleum","floor":31,"gold_loss":0},{"cards_removed":["Defend_G"],"damage_healed":0,"gold_gain":0,"player_choice":"Offered Basic","damage_taken":0,"max_hp_gain":0,"max_hp_loss":0,"event_name":"Bonfire Elementals","floor":36,"gold_loss":0}],"is_beta":false,"boss_relics":[{"not_picked":["Pandora\u0027s Box","WristBlade"],"picked":"Philosopher\u0027s Stone"},{"not_picked":["Lizard Tail","Astrolabe"],"picked":"Sozu"}],"items_purged_floors":[30],"is_endless":false,"potions_floor_spawned":[3,11,14,16,18,22,33,39,46],"killed_by":"Time Eater","ascension_level":6}