{"gold_per_floor":[113,63,63,15,15,47,47,63,63,96,110,125,156,156,156,257,257,277,277,98,115,132,132,165,165],"floor_reached":25,"playtime":1087,"items_purged":["Strike_G"],"score":356,"play_id":"a6fcaf47-6c53-450b-b651-4cba80625801","local_time":"20190113153308","is_ascension_mode":true,"campfire_choices":[{"floor":7,"key":"RECALL"},{"floor":15,"key":"REST"},{"floor":23,"key":"REST"}],"neow_cost":"NONE","seed_source_timestamp":446970939703742,"circlet_count":0,"master_deck":["Defend_G+1","Defend_G","Defend_G","Defend_G","Defend_G+1","Strike_G+1","Strike_G+1","Survivor","Neutralize","Terror","Backflip","Blur","Bouncing Flask","Caltrops","Predator","Malaise","Catalyst","Accuracy+1","Backflip+1","Burst"],"relics":["Ring of the Snake","NeowsBlessing","Letter Opener","Ninja Scroll","Bird Faced Urn","The Courier","WingedGreaves","Sozu","War Paint","Regal Pillow"],"potions_floor_usage":[10,13],"damage_taken":[{"damage":0,"enemies":"2 Louse","floor":1,"turns":1},{"damage":0,"enemies":"Lagavulin","floor":6,"turns":1},{"damage":0,"enemies":"Jaw Worm","floor":8,"turns":1},{"damage":26,"enemies":"3 Sentries","floor":10,"turns":8},{"damage":0,"enemies":"Cultist","floor":11,"turns":2},{"damage":4,"enemies":"Red Slaver","floor":12,"turns":3},{"damage":22,"enemies":"Lagavulin","floor":13,"turns":5},{"damage":14,"enemies":"Hexaghost","floor":16,"turns":9},{"damage":20,"enemies":"2 Thieves","floor":18,"turns":5},{"damage":5,"enemies":"Shell Parasite","floor":21,"turns":4},{"damage":18,"enemies":"Centurion and Healer","floor":22,"turns":9},{"damage":21,"enemies":"Book of Stabbing","floor":24,"turns":6},{"damage":30,"enemies":"3 Cultists","floor":25,"turns":6}],"seed_played":"-9109059088664006340","potions_obtained":[{"floor":6,"key":"GamblersBrew"},{"floor":8,"key":"Weak Potion"},{"floor":12,"key":"SkillPotion"},{"floor":16,"key":"GamblersBrew"}],"is_trial":false,"path_per_floor":["M","?","?","$","?","E","R","M","T","E","M","M","E","?","R","B",null,"M","?","$","M","M","R","E","M"],"character_chosen":"THE_SILENT","items_purchased":["Backflip","War Paint"],"campfire_rested":2,"item_purchase_floors":[4,20],"current_hp_per_floor":[63,63,49,49,70,70,70,70,70,44,44,42,22,4,25,13,56,38,38,38,35,21,42,25,0],"gold":165,"neow_bonus":"THREE_ENEMY_KILL","is_prod":false,"is_daily":false,"chose_seed":false,"campfire_upgraded":0,"win_rate":0,"timestamp":1547422388,"path_taken":["M","?","?","?","?","E","R","?","T","E","M","M","E","?","R","BOSS","M","?","$","M","M","R","E","?"],"build_version":"2019-01-10","purchased_purges":1,"victory":false,"max_hp_per_floor":[70,70,70,70,70,70,70,70,70,70,70,70,70,70,70,70,70,70,70,70,70,70,70,70,70],"card_choices":[{"not_picked":["Sucker Punch","Prepared"],"picked":"Terror","floor":1},{"not_picked":["Backflip","Blade Dance"],"picked":"Blur","floor":6},{"not_picked":["Escape Plan","Deadly Poison"],"picked":"Bouncing Flask","floor":8},{"not_picked":["Bane","Finisher","PiercingWail"],"picked":"SKIP","floor":10},{"not_picked":["Deadly Poison","Underhanded Strike"],"picked":"Caltrops","floor":11},{"not_picked":["PiercingWail","Blade Dance"],"picked":"Predator","floor":12},{"not_picked":["Sucker Punch","Acrobatics","Wraith Form v2"],"picked":"SKIP","floor":13},{"not_picked":["Tools of the Trade","Doppelganger"],"picked":"Malaise","floor":16},{"not_picked":["Escape Plan","Poisoned Stab"],"picked":"Catalyst","floor":18},{"not_picked":["Prepared","Deflect"],"picked":"Accuracy+1","floor":21},{"not_picked":["Underhanded Strike+1","PiercingWail+1"],"picked":"Backflip+1","floor":22},{"not_picked":["Outmaneuver","Acrobatics"],"picked":"Burst","floor":24}],"player_experience":326184,"relics_obtained":[{"floor":6,"key":"Letter Opener"},{"floor":9,"key":"Ninja Scroll"},{"floor":10,"key":"Bird Faced Urn"},{"floor":13,"key":"The Courier"},{"floor":24,"key":"Regal Pillow"}],"event_choices":[{"cards_removed":["Strike_G"],"damage_healed":0,"gold_gain":0,"player_choice":"Card Removal","damage_taken":0,"max_hp_gain":0,"max_hp_loss":0,"event_name":"The Cleric","floor":2,"gold_loss":50},{"damage_healed":0,"gold_gain":0,"player_choice":"Entered Light","damage_taken":14,"max_hp_gain":0,"max_hp_loss":0,"event_name":"Shining Light","floor":3,"gold_loss":0,"cards_upgraded":["Strike_G","Strike_G"]},{"damage_healed":23,"gold_gain":0,"player_choice":"Banana","damage_taken":0,"max_hp_gain":0,"max_hp_loss":0,"event_name":"Big Fish","floor":5,"gold_loss":0},{"damage_healed":0,"gold_gain":0,"player_choice":"Success","damage_taken":18,"relics_obtained":["WingedGreaves"],"max_hp_gain":0,"max_hp_loss":0,"event_name":"Scrap Ooze","floor":14,"gold_loss":0},{"cards_removed":["Strike_G"],"damage_healed":0,"gold_gain":0,"player_choice":"Purged","damage_taken":0,"max_hp_gain":0,"max_hp_loss":0,"event_name":"Purifier","floor":19,"gold_loss":0}],"is_beta":false,"boss_relics":[{"not_picked":["Snecko Eye","Ectoplasm"],"picked":"Sozu"}],"items_purged_floors":[20],"is_endless":false,"potions_floor_spawned":[6,8,12,16,18,21,22],"killed_by":"3 Cultists","ascension_level":7}