{"gold_per_floor":[114,114,114,33,53,78,92,106,106,118,149,162,194,194,194,266,266,281,381,63,63,63,63,87,106,132,132,132,142,142,177,177,254,254,268,268,617,542,642,675,688,713,713,739,739,771,787,787,787,787,787,787,787,125,160,160],"floor_reached":56,"playtime":4113,"items_purged":["Well Laid Plans"],"score":2598,"play_id":"7faa501b-db1f-42a0-9324-7764bb467d20","local_time":"20190615160037","is_ascension_mode":true,"campfire_choices":[{"floor":15,"key":"REST"},{"floor":23,"key":"DIG"},{"data":"Cloak And Dagger","floor":27,"key":"SMITH"},{"floor":32,"key":"DIG"},{"floor":49,"key":"RECALL"},{"floor":53,"key":"DIG"}],"neow_cost":"CURSE","seed_source_timestamp":233295470835922,"circlet_count":0,"master_deck":["AscendersBane","Defend_G+1","Defend_G+1","Defend_G+1","Defend_G+1","Defend_G+1","Survivor","Neutralize","Doubt","Acrobatics","Regret","Prepared","Riddle With Holes+1","Backstab+1","Cloak And Dagger+1","Escape Plan","Footwork","Dagger Throw+1","Finisher+1","Terror","Bite+1","Bite+1","Bite+1","Bite+1","Bite+1","Tactician","Infinite Blades","Storm of Steel","Parasite","Doubt","Shame","Dagger Spray+1","Cloak And Dagger+1","Prepared","Escape Plan","Riddle With Holes+1","Finesse"],"special_seed":0,"relics":["Ring of the Snake","Du-Vu Doll","Happy Flower","Ginger","Bottled Flame","Molten Egg 2","Bag of Marbles","Unceasing Top","Sundial","Runic Pyramid","Torii","Gremlin Horn","Shovel","Whetstone","Ancient Tea Set","Bag of Preparation","The Specimen","Calling Bell","Strawberry","Blue Candle","Incense Burner","Old Coin","Tingsha","Bird Faced Urn","PreservedInsect","Pocketwatch","Centennial Puzzle","Dodecahedron","Pantograph","Ninja Scroll","OrangePellets","Paper Crane","Pen Nib"],"potions_floor_usage":[11,16,56,56],"damage_taken":[{"damage":0.0,"enemies":"Cultist","floor":1.0,"turns":4.0},{"damage":2.0,"enemies":"Small Slimes","floor":5.0,"turns":3.0},{"damage":23.0,"enemies":"Lagavulin","floor":6.0,"turns":8.0},{"damage":0.0,"enemies":"Jaw Worm","floor":7.0,"turns":1.0},{"damage":4.0,"enemies":"Lots of Slimes","floor":8.0,"turns":3.0},{"damage":0.0,"enemies":"Blue Slaver","floor":10.0,"turns":1.0},{"damage":3,"enemies":"Gremlin Nob","floor":11,"turns":2},{"damage":0,"enemies":"2 Fungi Beasts","floor":12,"turns":1},{"damage":0,"enemies":"3 Sentries","floor":13,"turns":6},{"damage":24,"enemies":"The Guardian","floor":16,"turns":11},{"damage":5,"enemies":"Spheric Guardian","floor":18,"turns":4},{"damage":6,"enemies":"Colosseum Slavers","floor":19,"turns":2},{"damage":7,"enemies":"Colosseum Nobs","floor":19,"turns":2},{"damage":17,"enemies":"3 Byrds","floor":25,"turns":4},{"damage":0,"enemies":"Centurion and Healer","floor":29,"turns":1},{"damage":17,"enemies":"Book of Stabbing","floor":31,"turns":4},{"damage":0,"enemies":"Collector","floor":33,"turns":5},{"damage":0,"enemies":"3 Darklings","floor":35,"turns":1},{"damage":0,"enemies":"2 Orb Walkers","floor":37,"turns":1},{"damage":6,"enemies":"Mind Bloom Boss Battle","floor":39,"turns":5},{"damage":26,"enemies":"Giant Head","floor":40,"turns":6},{"damage":14,"enemies":"3 Shapes","floor":41,"turns":2},{"damage":0,"enemies":"Reptomancer","floor":42,"turns":2},{"damage":0,"enemies":"Giant Head","floor":44,"turns":4},{"damage":0,"enemies":"Reptomancer","floor":46,"turns":1},{"damage":0,"enemies":"Jaw Worm Horde","floor":47,"turns":1},{"damage":11,"enemies":"Donu and Deca","floor":50,"turns":8},{"damage":28,"enemies":"Time Eater","floor":51,"turns":6},{"damage":0,"enemies":"Shield and Spear","floor":55,"turns":4},{"damage":86,"enemies":"The Heart","floor":56,"turns":5}],"seed_played":"5795922978891458004","potions_obtained":[{"floor":1.0,"key":"Explosive Potion"},{"floor":5.0,"key":"Block Potion"},{"floor":6.0,"key":"FearPotion"},{"floor":10.0,"key":"Dexterity Potion"},{"floor":13,"key":"Regen Potion"},{"floor":29,"key":"Swift Potion"}],"is_trial":false,"path_per_floor":["M","T","?","$","M","E","M","M","T","M","E","M","E","?","R","B",null,"M","?","$","?","?","R","T","M","T","R","?","M","?","E","R","B",null,"M","?","?","$","?","E","M","E","T","E","T","E","M","?","R","B","B",null,"R","$","E","B"],"character_chosen":"THE_SILENT","items_purchased":["Well Laid Plans","Shovel","OrangePellets","Paper Crane","GhostInAJar","Finesse"],"campfire_rested":1,"item_purchase_floors":[4,20,54,54,54,54],"current_hp_per_floor":[59,59,59,59,57,34,34,30,30,30,27,27,27,22,41,32,58,53,40,40,40,40,40,40,41,41,41,41,46,46,35,35,46,53,53,53,53,53,53,39,28,43,43,53,53,53,53,50,50,50,33,46,46,46,50,0],"gold":160,"neow_bonus":"ONE_RARE_RELIC","is_prod":false,"is_daily":false,"chose_seed":false,"campfire_upgraded":1,"win_rate":0,"timestamp":1560607237,"path_taken":["M","?","?","?","M","E","M","M","T","?","E","M","E","?","R","BOSS","M","?","$","?","?","R","?","?","T","R","?","M","?","E","R","BOSS","M","?","?","$","?","E","M","E","T","E","?","E","?","?","R","BOSS","BOSS","R","$","E","BOSS"],"build_version":"2019-01-23","purchased_purges":1,"victory":false,"max_hp_per_floor":[66,66,66,66,66,66,66,66,66,66,66,66,66,66,66,66,66,66,66,66,46,46,46,46,46,46,46,46,46,46,46,46,46,53,53,53,53,53,53,53,53,53,53,53,53,53,53,50,50,50,50,50,50,50,50,50],"card_choices":[{"not_picked":["Expertise","Deadly Poison"],"picked":"Acrobatics","floor":1.0},{"not_picked":["Outmaneuver","Finisher"],"picked":"Prepared","floor":5.0},{"not_picked":["Cloak And Dagger","Distraction"],"picked":"Riddle With Holes","floor":6.0},{"not_picked":["Slice","Distraction"],"picked":"Backstab","floor":7.0},{"not_picked":["Slice","Dagger Throw"],"picked":"Cloak And Dagger","floor":8.0},{"not_picked":["Flechettes+1","Catalyst"],"picked":"Escape Plan","floor":10.0},{"not_picked":["Underhanded Strike+1","Dash+1"],"picked":"Footwork","floor":11},{"not_picked":["Distraction","Backstab+1"],"picked":"Dagger Throw+1","floor":12},{"not_picked":["Blur","Bouncing Flask","Eviscerate+1"],"picked":"SKIP","floor":13},{"not_picked":["A Thousand Cuts","Glass Knife+1"],"picked":"Tools of the Trade","floor":16},{"not_picked":["Reflex","Dodge and Roll"],"picked":"Finisher+1","floor":18},{"not_picked":["Bane+1","Flying Knee+1"],"picked":"Terror","floor":19},{"not_picked":["Dash+1","Quick Slash+1"],"picked":"Tactician","floor":25},{"not_picked":["Dagger Throw+1","Flying Knee+1","Underhanded Strike+1"],"picked":"SKIP","floor":29},{"not_picked":["Catalyst","PiercingWail"],"picked":"Infinite Blades","floor":31},{"not_picked":["Glass Knife+1","Adrenaline"],"picked":"Storm of Steel","floor":33},{"not_picked":["Flechettes+1","Underhanded Strike+1"],"picked":"Dagger Spray+1","floor":35},{"not_picked":["Flechettes+1","Backstab+1"],"picked":"Cloak And Dagger+1","floor":39},{"not_picked":["Reflex","Heel Hook+1","Blur"],"picked":"SKIP","floor":40},{"not_picked":["Deadly Poison","Quick Slash+1","Acrobatics+1"],"picked":"SKIP","floor":41},{"not_picked":["Bouncing Flask","Grand Finale+1","Deflect"],"picked":"SKIP","floor":42},{"not_picked":["Caltrops","Deadly Poison+1"],"picked":"Prepared","floor":44},{"not_picked":["Burst","Backstab+1"],"picked":"Escape Plan","floor":46},{"not_picked":["Bouncing Flask","Acrobatics"],"picked":"Riddle With Holes+1","floor":47},{"not_picked":["Dagger Throw+1","Deadly Poison","Heel Hook+1"],"picked":"SKIP","floor":55}],"player_experience":889455,"relics_obtained":[{"floor":2.0,"key":"Happy Flower"},{"floor":6.0,"key":"Bottled Flame"},{"floor":9.0,"key":"Molten Egg 2"},{"floor":11,"key":"Bag of Marbles"},{"floor":13,"key":"Unceasing Top"},{"floor":19,"key":"Torii"},{"floor":19,"key":"Gremlin Horn"},{"floor":23,"key":"Whetstone"},{"floor":24,"key":"Ancient Tea Set"},{"floor":31,"key":"Bag of Preparation"},{"floor":32,"key":"The Specimen"},{"floor":34,"key":"Strawberry"},{"floor":34,"key":"Blue Candle"},{"floor":34,"key":"Incense Burner"},{"floor":37,"key":"Old Coin"},{"floor":39,"key":"Tingsha"},{"floor":40,"key":"Bird Faced Urn"},{"floor":42,"key":"PreservedInsect"},{"floor":43,"key":"Pocketwatch"},{"floor":44,"key":"Centennial Puzzle"},{"floor":45,"key":"Dodecahedron"},{"floor":46,"key":"Pantograph"},{"floor":53,"key":"Ninja Scroll"},{"floor":55,"key":"Pen Nib"}],"event_choices":[{"damage_healed":0.0,"max_hp_gain":0.0,"max_hp_loss":0.0,"gold_gain":0.0,"event_name":"Big Fish","player_choice":"Box","floor":3.0,"gold_loss":0.0,"damage_taken":0.0,"relics_obtained":["Ginger"],"cards_obtained":["Regret"]},{"damage_healed":0,"gold_gain":0,"player_choice":"Success","damage_taken":5,"relics_obtained":["Sundial"],"max_hp_gain":0,"max_hp_loss":0,"event_name":"Scrap Ooze","floor":14,"gold_loss":0},{"damage_healed":0,"gold_gain":0,"player_choice":"Fight","damage_taken":0,"max_hp_gain":0,"max_hp_loss":0,"event_name":"Colosseum","floor":19,"gold_loss":0},{"damage_healed":0,"gold_gain":0,"player_choice":"Fought Nobs","damage_taken":0,"max_hp_gain":0,"max_hp_loss":0,"event_name":"Colosseum","floor":19,"gold_loss":0},{"damage_healed":0,"gold_gain":0,"player_choice":"Became a vampire","damage_taken":0,"max_hp_gain":0,"max_hp_loss":20,"event_name":"Vampires","floor":21,"gold_loss":0,"cards_obtained":["Bite","Bite","Bite","Bite","Bite"]},{"damage_healed":0,"gold_gain":0,"player_choice":"Ignored","damage_taken":0,"max_hp_gain":0,"max_hp_loss":0,"event_name":"Beggar","floor":22,"gold_loss":0},{"damage_healed":0,"gold_gain":0,"player_choice":"Simplicity","damage_taken":0,"max_hp_gain":0,"max_hp_loss":0,"event_name":"Back to Basics","floor":28,"gold_loss":0,"cards_upgraded":["Defend_G","Defend_G","Defend_G","Defend_G","Defend_G"]},{"damage_healed":0,"gold_gain":0,"player_choice":"Ignored","damage_taken":0,"max_hp_gain":0,"max_hp_loss":0,"event_name":"Ghosts","floor":30,"gold_loss":0},{"cards_removed":["Tools of the Trade"],"damage_healed":0,"gold_gain":0,"player_choice":"Removed Power","damage_taken":0,"max_hp_gain":0,"max_hp_loss":0,"event_name":"Falling","floor":36,"gold_loss":0},{"damage_healed":0,"gold_gain":0,"player_choice":"Fight","damage_taken":0,"max_hp_gain":0,"max_hp_loss":0,"event_name":"Mysterious Sphere","floor":37,"gold_loss":0},{"damage_healed":0,"gold_gain":0,"player_choice":"Fight","damage_taken":0,"max_hp_gain":0,"max_hp_loss":0,"event_name":"MindBloom","floor":39,"gold_loss":0},{"damage_healed":0,"gold_gain":0,"player_choice":"Max HP","damage_taken":0,"max_hp_gain":0,"max_hp_loss":3,"event_name":"Winding Halls","floor":48,"gold_loss":0}],"is_beta":false,"boss_relics":[{"not_picked":["WristBlade","Lizard Tail"],"picked":"Runic Pyramid"},{"not_picked":["Empty Cage","Runic Dome"],"picked":"Calling Bell"}],"items_purged_floors":[38],"is_endless":false,"potions_floor_spawned":[1,5,6,10,13,19,29,33,35,39,40,46,47,55],"killed_by":"The Heart","ascension_level":20}