{"gold_per_floor":[113,113,123,135,60,60,135,146,146,160,178,240,257,276,276,378,378,391,42,53,53,66,91,91,91],"floor_reached":25,"playtime":2265,"items_purged":[],"score":217,"play_id":"c8832575-54f0-4b80-a3d3-e4dd5e01fc7e","local_time":"20181206190642","is_ascension_mode":false,"campfire_choices":[{"data":"Infinite Blades","floor":6,"key":"SMITH"},{"floor":15,"key":"REST"},{"floor":24,"key":"REST"}],"neow_cost":"TEN_PERCENT_HP_LOSS","seed_source_timestamp":1934467829739480,"circlet_count":0,"master_deck":["Defend_G","Defend_G+1","Defend_G","Defend_G+1","Defend_G+1","Strike_G","Strike_G","Strike_G","Strike_G","Strike_G","Survivor+1","Neutralize","Quick Slash","Blade Dance","Leg Sweep","Infinite Blades+1","Heel Hook","Prepared+1","Crippling Poison+1","Adrenaline+1","Corpse Explosion+1","After Image","Cloak And Dagger+1","Blur+1","Mayhem","Infinite Blades","Finisher"],"relics":["Ring of the Snake","Tough Bandages","Toxic Egg 2","War Paint","Snecko Eye","MutagenicStrength","Bottled Tornado"],"potions_floor_usage":[13,23],"damage_taken":[{"damage":1,"enemies":"Jaw Worm","floor":1,"turns":5},{"damage":0,"enemies":"Small Slimes","floor":3,"turns":3},{"damage":0,"enemies":"2 Louse","floor":4,"turns":2},{"damage":0,"enemies":"Blue Slaver","floor":8,"turns":4},{"damage":4,"enemies":"Exordium Thugs","floor":10,"turns":5},{"damage":4,"enemies":"Looter","floor":11,"turns":4},{"damage":13,"enemies":"Lagavulin Event","floor":12,"turns":7},{"damage":5,"enemies":"Lots of Slimes","floor":13,"turns":2},{"damage":0,"enemies":"2 Fungi Beasts","floor":14,"turns":3},{"damage":4,"enemies":"Hexaghost","floor":16,"turns":8},{"damage":14,"enemies":"Chosen","floor":18,"turns":5},{"damage":0,"enemies":"Shell Parasite","floor":20,"turns":3},{"damage":2,"enemies":"Sentry and Sphere","floor":22,"turns":6},{"damage":45,"enemies":"Slavers","floor":23,"turns":4},{"damage":20,"enemies":"Gremlin Leader","floor":25,"turns":4}],"seed_played":"-6672857598467049644","potions_obtained":[{"floor":1,"key":"LiquidBronze"},{"floor":4,"key":"GamblersBrew"},{"floor":11,"key":"Ancient Potion"},{"floor":13,"key":"SteroidPotion"},{"floor":14,"key":"Explosive Potion"}],"is_trial":false,"path_per_floor":["M","?","M","M","$","R","?","M","T","M","M","?","M","M","R","B",null,"M","$","M","?","M","E","R","E"],"character_chosen":"THE_SILENT","items_purchased":["Infinite Blades","Blur+1","Mayhem","Infinite Blades","Finisher"],"campfire_rested":2,"item_purchase_floors":[5,19,19,19,19],"current_hp_per_floor":[62,49,49,49,49,49,38,38,38,34,30,17,12,12,30,26,63,49,49,49,49,47,2,20,0],"gold":91,"neow_bonus":"ONE_RARE_RELIC","is_prod":false,"is_daily":false,"chose_seed":false,"campfire_upgraded":1,"win_rate":0,"timestamp":1544152002,"path_taken":["M","?","M","M","$","R","?","M","T","M","M","?","M","M","R","BOSS","M","$","M","?","M","E","R","E"],"build_version":"2018-12-06","purchased_purges":0,"victory":false,"max_hp_per_floor":[63,63,63,63,63,63,63,63,63,63,63,63,63,63,63,63,63,63,63,63,63,63,63,63,63],"card_choices":[{"not_picked":["Dash","Underhanded Strike"],"picked":"Quick Slash","floor":1},{"not_picked":["Poisoned Stab","Deflect"],"picked":"Blade Dance","floor":3},{"not_picked":["Dagger Spray","Venomology"],"picked":"Leg Sweep","floor":4},{"not_picked":["Choke","Dodge and Roll"],"picked":"Heel Hook","floor":8},{"not_picked":["Dagger Spray","Quick Slash"],"picked":"Prepared+1","floor":10},{"not_picked":["Deadly Poison+1","Bane"],"picked":"Crippling Poison+1","floor":11},{"not_picked":["Deflect+1","Flechettes"],"picked":"Adrenaline+1","floor":12},{"not_picked":["Dodge and Roll+1","Dagger Spray","PiercingWail+1"],"picked":"SKIP","floor":13},{"not_picked":["Skewer","All Out Attack"],"picked":"Corpse Explosion+1","floor":14},{"not_picked":["Grand Finale","Adrenaline+1"],"picked":"After Image","floor":16},{"not_picked":["Bane","Terror+1"],"picked":"Cloak And Dagger+1","floor":18},{"not_picked":["Quick Slash","Setup+1","PiercingWail+1"],"picked":"SKIP","floor":20},{"not_picked":["Bane+1","Caltrops","Heel Hook"],"picked":"SKIP","floor":22},{"not_picked":["Eviscerate","Flechettes","Quick Slash+1"],"picked":"SKIP","floor":23}],"player_experience":112686,"relics_obtained":[{"floor":9,"key":"Toxic Egg 2"},{"floor":12,"key":"War Paint"},{"floor":23,"key":"Bottled Tornado"}],"event_choices":[{"damage_healed":0,"gold_gain":0,"player_choice":"Entered Light","damage_taken":13,"max_hp_gain":0,"max_hp_loss":0,"event_name":"Shining Light","floor":2,"gold_loss":0,"cards_upgraded":["Defend_G","Survivor"]},{"damage_healed":0,"gold_gain":75,"player_choice":"Gather Gold","damage_taken":11,"max_hp_gain":0,"max_hp_loss":0,"event_name":"World of Goop","floor":7,"gold_loss":0},{"damage_healed":0,"gold_gain":30,"player_choice":"Searched \u00273\u0027 times","damage_taken":0,"max_hp_gain":0,"max_hp_loss":0,"event_name":"Dead Adventurer","floor":12,"gold_loss":0},{"damage_healed":0,"gold_gain":0,"player_choice":"Inject Mutagens","damage_taken":0,"relics_obtained":["MutagenicStrength"],"max_hp_gain":0,"max_hp_loss":0,"event_name":"Drug Dealer","floor":21,"gold_loss":0}],"is_beta":false,"boss_relics":[{"not_picked":["Orrery","HoveringKite"],"picked":"Snecko Eye"}],"items_purged_floors":[],"is_endless":false,"potions_floor_spawned":[1,4,11,13,14,16,20],"killed_by":"Gremlin Leader","ascension_level":0}