{"gold_per_floor":[110,110,122,134,144,96,48,68,120,132,142,154,168,198,198,298,298,312,312,341,368,380,392,418,430,497,509],"floor_reached":27,"playtime":3472,"items_purged":[],"score":221,"play_id":"d7376fcb-33c0-4a7c-a6fa-182f1f3c4084","local_time":"20190614210128","is_ascension_mode":false,"campfire_choices":[{"floor":15.0,"key":"REST"},{"floor":23,"key":"REST"},{"floor":25,"key":"REST"}],"neow_cost":"NONE","seed_source_timestamp":0,"circlet_count":0,"master_deck":["Strike_B","Strike_B","Strike_B","Strike_B","Defend_B","Defend_B","Defend_B","Defend_B","Zap","Dualcast","Leap","Conserve Battery","Redo","Chaos","Ball Lightning","Chill","Go for the Eyes","Go for the Eyes","Glacier","Auto Shields","Barrage","Creative AI+1","Doom and Gloom","Writhe","Glacier+1","Streamline+1","Redo"],"special_seed":0,"relics":["Cracked Core","NeowsBlessing","Frozen Egg 2","Lizard Tail","MawBank","Nloth\u0027s Gift","Bag of Marbles"],"potions_floor_usage":[20],"damage_taken":[{"damage":0.0,"enemies":"Jaw Worm","floor":1.0,"turns":1.0},{"damage":0.0,"enemies":"Cultist","floor":3.0,"turns":1.0},{"damage":0.0,"enemies":"2 Louse","floor":4.0,"turns":1.0},{"damage":0.0,"enemies":"Large Slime","floor":5.0,"turns":6.0},{"damage":5.0,"enemies":"Looter","floor":8.0,"turns":3.0},{"damage":21.0,"enemies":"Lots of Slimes","floor":10.0,"turns":4.0},{"damage":2.0,"enemies":"Blue Slaver","floor":11.0,"turns":4.0},{"damage":11.0,"enemies":"Large Slime","floor":12.0,"turns":6.0},{"damage":4.0,"enemies":"Red Slaver","floor":13.0,"turns":4.0},{"damage":16.0,"enemies":"3 Sentries","floor":14.0,"turns":10.0},{"damage":24.0,"enemies":"Slime Boss","floor":16.0,"turns":20.0},{"damage":26,"enemies":"Spheric Guardian","floor":18,"turns":8},{"damage":12,"enemies":"Chosen","floor":20,"turns":5},{"damage":25,"enemies":"Snake Plant","floor":21,"turns":11},{"damage":26,"enemies":"Sentry and Sphere","floor":24,"turns":10},{"damage":94,"enemies":"Centurion and Healer","floor":27,"turns":31}],"seed_played":"3088353333790122912","potions_obtained":[{"floor":2.0,"key":"FairyPotion"},{"floor":2.0,"key":"Weak Potion"},{"floor":2.0,"key":"FocusPotion"},{"floor":3.0,"key":"Swift Potion"},{"floor":8.0,"key":"SpeedPotion"},{"floor":12.0,"key":"Block Potion"},{"floor":13.0,"key":"EssenceOfSteel"},{"floor":18,"key":"Explosive Potion"}],"is_trial":false,"path_per_floor":["M","?","M","M","M","?","$","M","T","M","M","M","M","E","R","B",null,"M","?","M","M","?","R","M","R","T","M"],"character_chosen":"DEFECT","items_purchased":["Ball Lightning"],"campfire_rested":3,"item_purchase_floors":[7],"current_hp_per_floor":[75,75,75,75,75,75,75,70,70,49,47,36,32,16,38,14,75,49,49,37,12,12,34,8,30,30,0],"gold":509,"neow_bonus":"THREE_ENEMY_KILL","is_prod":false,"is_daily":false,"chose_seed":false,"campfire_upgraded":0,"win_rate":0.0,"timestamp":1560542488,"path_taken":["M","?","M","M","?","?","$","M","T","M","M","M","M","E","R","BOSS","M","?","M","M","?","R","?","R","T","M"],"build_version":"2019-01-23","purchased_purges":0,"victory":false,"max_hp_per_floor":[75,75,75,75,75,75,75,75,75,75,75,75,75,75,75,75,75,75,75,75,75,75,75,75,75,75,75],"card_choices":[{"not_picked":["Coolheaded","Sweeping Beam"],"picked":"Leap","floor":1.0},{"not_picked":["Consume","Aggregate"],"picked":"Conserve Battery","floor":3.0},{"not_picked":["Lockon","Leap"],"picked":"Redo","floor":4.0},{"not_picked":["Skim","Gash"],"picked":"Chaos","floor":5.0},{"not_picked":["White Noise","Hello World"],"picked":"Chill","floor":8.0},{"not_picked":["Ball Lightning","Streamline"],"picked":"Go for the Eyes","floor":10.0},{"not_picked":["Blizzard","Barrage"],"picked":"Go for the Eyes","floor":11.0},{"not_picked":["Steam","Beam Cell"],"picked":"Glacier","floor":12.0},{"not_picked":["Compile Driver","Ball Lightning"],"picked":"Auto Shields","floor":13.0},{"not_picked":["Auto Shields","Steam"],"picked":"Barrage","floor":14.0},{"not_picked":["Biased Cognition+1","Multi-Cast"],"picked":"Creative AI+1","floor":16.0},{"not_picked":["Conserve Battery","Leap"],"picked":"Doom and Gloom","floor":18},{"not_picked":["Gash","Conserve Battery+1"],"picked":"Glacier+1","floor":20},{"not_picked":["Beam Cell+1","Go for the Eyes"],"picked":"Streamline+1","floor":21},{"not_picked":["Coolheaded+1","Gash"],"picked":"Redo","floor":24}],"player_experience":3840,"relics_obtained":[{"floor":9.0,"key":"Potion Belt"},{"floor":14.0,"key":"Frozen Egg 2"},{"floor":26,"key":"Bag of Marbles"}],"event_choices":[{"damage_healed":0.0,"max_hp_gain":0.0,"max_hp_loss":0.0,"gold_gain":0.0,"event_name":"Lab","player_choice":"Got Potions","floor":2.0,"gold_loss":0.0,"damage_taken":0.0},{"damage_healed":0.0,"max_hp_gain":0.0,"max_hp_loss":0.0,"gold_gain":0.0,"event_name":"World of Goop","player_choice":"Left Gold","floor":6.0,"gold_loss":48.0,"damage_taken":0.0},{"damage_healed":0,"gold_gain":0,"player_choice":"Opened","damage_taken":0,"relics_obtained":["MawBank"],"max_hp_gain":0,"max_hp_loss":0,"event_name":"The Mausoleum","floor":19,"gold_loss":0,"cards_obtained":["Writhe"]},{"damage_healed":0,"gold_gain":0,"player_choice":"Traded Relic","damage_taken":0,"relics_obtained":["Nloth\u0027s Gift"],"max_hp_gain":0,"max_hp_loss":0,"event_name":"N\u0027loth","floor":22,"relics_lost":["Potion Belt"],"gold_loss":0}],"is_beta":false,"boss_relics":[{"not_picked":["Runic Dome","Cursed Key"],"picked":"Lizard Tail"}],"items_purged_floors":[],"is_endless":false,"potions_floor_spawned":[3,8,12,13,18],"killed_by":"Centurion and Healer","ascension_level":0}