{"gold_per_floor":[112,132,146,157,12,12,32,32,32,32,59,59,78,95,95,194,194,207,207,176,54,65,65,83,83,109,135,135,155,155,155,155,260,260,270,281,292,303,403,403,403],"floor_reached":41,"playtime":4262,"items_purged":["Strike_G"],"score":480,"play_id":"7ae3f0a5-ec31-4f51-8649-774262e4b167","local_time":"20181222160618","is_ascension_mode":true,"campfire_choices":[{"data":"Endless Agony","floor":6,"key":"SMITH"},{"data":"Predator","floor":8,"key":"SMITH"},{"data":"Malaise","floor":10,"key":"SMITH"},{"floor":15,"key":"REST"},{"data":"Acrobatics","floor":23,"key":"SMITH"},{"floor":25,"key":"REST"},{"floor":28,"key":"REST"},{"floor":30,"key":"REST"},{"data":"Outmaneuver","floor":32,"key":"SMITH"},{"floor":40,"key":"REST"}],"neow_cost":"NONE","seed_source_timestamp":114245212237049,"circlet_count":0,"master_deck":["Defend_G+1","Defend_G+1","Defend_G+1","Defend_G+1","Defend_G+1","Strike_G+1","Strike_G+1","Strike_G+1","Survivor","Neutralize","Predator+1","Endless Agony+1","Malaise+1","Catalyst","Leg Sweep","After Image","Cloak And Dagger+1","Endless Agony+1","Cloak And Dagger+1","Outmaneuver+1","Acrobatics+1","Calculated Gamble+1","Escape Plan+1","Malaise","Outmaneuver","Acrobatics+1","Cloak And Dagger","Footwork"],"relics":["Ring of the Snake","NeowsBlessing","Oddly Smooth Stone","Ornamental Fan","WristBlade","Ancient Tea Set","WingedGreaves","Cursed Key","Girya"],"potions_floor_usage":[13,16,16,20,22,27,33,37,41],"damage_taken":[{"damage":0,"enemies":"Small Slimes","floor":1,"turns":1},{"damage":0,"enemies":"2 Louse","floor":2,"turns":1},{"damage":0,"enemies":"Cultist","floor":3,"turns":1},{"damage":14,"enemies":"Gremlin Gang","floor":4,"turns":5},{"damage":9,"enemies":"2 Fungi Beasts","floor":7,"turns":3},{"damage":17,"enemies":"3 Sentries","floor":11,"turns":11},{"damage":3,"enemies":"3 Louse","floor":13,"turns":4},{"damage":1,"enemies":"Looter","floor":14,"turns":2},{"damage":14,"enemies":"Hexaghost","floor":16,"turns":13},{"damage":3,"enemies":"Shell Parasite","floor":18,"turns":9},{"damage":11,"enemies":"2 Thieves","floor":20,"turns":5},{"damage":7,"enemies":"Chosen and Byrds","floor":22,"turns":6},{"damage":25,"enemies":"Sentry and Sphere","floor":24,"turns":8},{"damage":28,"enemies":"Gremlin Leader","floor":27,"turns":7},{"damage":0,"enemies":"Snecko","floor":29,"turns":4},{"damage":44,"enemies":"Collector","floor":33,"turns":14},{"damage":4,"enemies":"Orb Walker","floor":35,"turns":6},{"damage":8,"enemies":"3 Shapes","floor":36,"turns":6},{"damage":17,"enemies":"3 Darklings","floor":37,"turns":6},{"damage":27,"enemies":"4 Shapes","floor":38,"turns":9},{"damage":12,"enemies":"Mind Bloom Boss Battle","floor":39,"turns":7},{"damage":43,"enemies":"Giant Head","floor":41,"turns":9}],"seed_played":"1962770849381639914","potions_obtained":[{"floor":1,"key":"EssenceOfSteel"},{"floor":3,"key":"FearPotion"},{"floor":7,"key":"LiquidBronze"},{"floor":11,"key":"Energy Potion"},{"floor":14,"key":"GamblersBrew"},{"floor":18,"key":"EssenceOfSteel"},{"floor":22,"key":"FearPotion"},{"floor":27,"key":"GhostInAJar"},{"floor":33,"key":"Ancient Potion"},{"floor":36,"key":"Regen Potion"},{"floor":39,"key":"Fire Potion"}],"is_trial":false,"path_per_floor":["M","M","M","M","$","R","M","R","T","R","E","?","M","M","R","B",null,"M","?","M","$","M","R","M","R","T","E","R","M","R","?","R","B",null,"M","M","M","M","?","R","E"],"character_chosen":"THE_SILENT","items_purchased":["Oddly Smooth Stone","Outmaneuver"],"campfire_rested":5,"item_purchase_floors":[5,21],"current_hp_per_floor":[70,70,70,56,56,56,47,47,47,47,30,23,20,19,40,26,70,67,67,56,56,49,49,24,45,45,17,38,38,59,59,59,15,70,66,58,53,26,14,35,0],"gold":403,"neow_bonus":"THREE_ENEMY_KILL","is_prod":false,"is_daily":false,"chose_seed":false,"campfire_upgraded":5,"win_rate":0,"timestamp":1545523578,"path_taken":["M","M","M","M","$","R","M","R","T","R","E","?","M","M","R","BOSS","M","?","M","$","?","R","M","R","T","E","R","?","R","?","R","BOSS","M","M","M","M","?","R","E"],"build_version":"2018-12-20","purchased_purges":1,"victory":false,"max_hp_per_floor":[70,70,70,70,70,70,70,70,70,70,70,70,70,70,70,70,70,70,70,70,70,70,70,70,70,70,70,70,70,70,70,70,70,70,70,70,70,70,70,70,70],"card_choices":[{"not_picked":["Quick Slash","Prepared"],"picked":"Predator","floor":1},{"not_picked":["Tactician","Slice","Dagger Spray"],"picked":"SKIP","floor":2},{"not_picked":["Crippling Poison","Deadly Poison"],"picked":"Endless Agony","floor":3},{"not_picked":["Concentrate","Heel Hook"],"picked":"Malaise","floor":4},{"not_picked":["Bane","Dodge and Roll"],"picked":"Catalyst","floor":7},{"not_picked":["Concentrate","Glass Knife","Slice"],"picked":"SKIP","floor":11},{"not_picked":["Poisoned Stab","Underhanded Strike","Choke"],"picked":"SKIP","floor":13},{"not_picked":["Accuracy","Eviscerate"],"picked":"Leg Sweep","floor":14},{"not_picked":["Wraith Form v2","Envenom"],"picked":"After Image","floor":16},{"not_picked":["Deflect","Dagger Throw"],"picked":"Cloak And Dagger+1","floor":18},{"not_picked":["Flying Knee","Finisher"],"picked":"Cloak And Dagger+1","floor":20},{"not_picked":["Setup","Deflect"],"picked":"Acrobatics","floor":22},{"not_picked":["Concentrate","Sucker Punch+1"],"picked":"Calculated Gamble+1","floor":24},{"not_picked":["Quick Slash","Dash","Grand Finale"],"picked":"SKIP","floor":27},{"not_picked":["Blade Dance+1","Dagger Spray+1"],"picked":"Escape Plan+1","floor":29},{"not_picked":["Tools of the Trade","Corpse Explosion"],"picked":"Malaise","floor":33},{"not_picked":["Quick Slash+1","Prepared","Well Laid Plans+1"],"picked":"SKIP","floor":35},{"not_picked":["Slice","Riddle With Holes+1"],"picked":"Outmaneuver","floor":36},{"not_picked":["Expertise","Slice"],"picked":"Acrobatics+1","floor":37},{"not_picked":["Underhanded Strike","Poisoned Stab"],"picked":"Cloak And Dagger","floor":38},{"not_picked":["Poisoned Stab","Quick Slash"],"picked":"Footwork","floor":39}],"player_experience":152190,"relics_obtained":[{"floor":11,"key":"Ornamental Fan"},{"floor":26,"key":"Ancient Tea Set"},{"floor":27,"key":"WingedGreaves"},{"floor":39,"key":"Girya"}],"event_choices":[{"cards_removed":["Strike_G"],"damage_healed":0,"gold_gain":0,"player_choice":"Card Removal","damage_taken":7,"max_hp_gain":0,"max_hp_loss":0,"event_name":"Golden Wing","floor":12,"gold_loss":0},{"damage_healed":0,"gold_gain":0,"player_choice":"Copied","damage_taken":0,"max_hp_gain":0,"max_hp_loss":0,"event_name":"Duplicator","floor":19,"gold_loss":0,"cards_obtained":["Endless Agony"]},{"damage_healed":0,"gold_gain":0,"player_choice":"Simplicity","damage_taken":0,"max_hp_gain":0,"max_hp_loss":0,"event_name":"Back to Basics","floor":31,"gold_loss":0,"cards_upgraded":["Defend_G","Defend_G","Defend_G","Defend_G","Defend_G","Strike_G","Strike_G","Strike_G"]},{"damage_healed":0,"gold_gain":0,"player_choice":"Fight","damage_taken":0,"max_hp_gain":0,"max_hp_loss":0,"event_name":"MindBloom","floor":39,"gold_loss":0}],"is_beta":false,"boss_relics":[{"not_picked":["Tiny House","Lizard Tail"],"picked":"WristBlade"},{"not_picked":["Velvet Choker","Eternal Feather"],"picked":"Cursed Key"}],"items_purged_floors":[21],"is_endless":false,"potions_floor_spawned":[1,3,7,11,14,18,22,27,33,36,39],"killed_by":"Giant Head","ascension_level":3}