{"gold_per_floor":[117,130,130,145,145,145,155,187,237,248,20,20,32,32,32,129,129,141,141,141,66,66,66,83,109,186,204,204,214,233,252,252,252],"floor_reached":33,"playtime":4206,"items_purged":[],"score":472,"play_id":"6999db3e-4687-43be-9648-2adb1f01becb","local_time":"20190119135502","is_ascension_mode":true,"campfire_choices":[{"data":"Quick Slash","floor":6,"key":"SMITH"},{"data":"Accuracy","floor":12,"key":"SMITH"},{"data":"Cloak And Dagger","floor":15,"key":"SMITH"},{"data":"RitualDagger","floor":23,"key":"SMITH"},{"data":"Accuracy","floor":28,"key":"SMITH"},{"data":"Accuracy","floor":32,"key":"SMITH"}],"neow_cost":"NONE","seed_source_timestamp":956368876079042,"circlet_count":0,"master_deck":["Defend_G","Defend_G","Defend_G","Defend_G","Defend_G","Strike_G","Strike_G+1","Strike_G","Strike_G+1","Survivor","Neutralize","Cloak And Dagger+1","Quick Slash+1","Terror","Well Laid Plans","Cloak And Dagger+1","Accuracy+1","Malaise","Blade Dance+1","RitualDagger+1","Writhe","Accuracy+1","Calculated Gamble","Accuracy+1","Accuracy+1","Envenom","Finisher"],"relics":["Ring of the Snake","NeowsBlessing","CultistMask","Pear","Whetstone","Membership Card","Lantern","WristBlade","Question Card","Meat on the Bone","Letter Opener"],"potions_floor_usage":[13,16,24,25,29,30,33],"damage_taken":[{"damage":0,"enemies":"2 Louse","floor":1,"turns":1},{"damage":0,"enemies":"Cultist","floor":2,"turns":1},{"damage":0,"enemies":"Small Slimes","floor":4,"turns":1},{"damage":0,"enemies":"Blue Slaver","floor":7,"turns":4},{"damage":16,"enemies":"Lagavulin","floor":8,"turns":5},{"damage":12,"enemies":"3 Louse","floor":10,"turns":5},{"damage":10,"enemies":"Large Slime","floor":13,"turns":6},{"damage":0,"enemies":"Slime Boss","floor":16,"turns":4},{"damage":0,"enemies":"Chosen","floor":18,"turns":3},{"damage":10,"enemies":"2 Thieves","floor":24,"turns":3},{"damage":39,"enemies":"Book of Stabbing","floor":25,"turns":5},{"damage":6,"enemies":"Snake Plant","floor":27,"turns":5},{"damage":4,"enemies":"Centurion and Healer","floor":29,"turns":3},{"damage":4,"enemies":"Chosen and Byrds","floor":30,"turns":3},{"damage":3,"enemies":"Cultist and Chosen","floor":31,"turns":3},{"damage":80,"enemies":"Automaton","floor":33,"turns":6}],"seed_played":"4393157332337388495","potions_obtained":[{"floor":1,"key":"Regen Potion"},{"floor":7,"key":"Dexterity Potion"},{"floor":13,"key":"Strength Potion"},{"floor":18,"key":"Regen Potion"},{"floor":27,"key":"Explosive Potion"},{"floor":29,"key":"LiquidBronze"},{"floor":31,"key":"Strength Potion"}],"is_trial":false,"path_per_floor":["M","M","?","M","?","R","M","E","T","M","$","R","M","?","R","B",null,"M","?","?","?","?","R","M","E","T","M","R","M","M","M","R","B"],"character_chosen":"THE_SILENT","items_purchased":["Accuracy","Membership Card"],"campfire_rested":0,"item_purchase_floors":[11,11],"current_hp_per_floor":[63,63,63,63,63,63,63,57,57,45,45,45,49,37,37,37,69,69,63,63,63,63,63,62,23,23,29,29,37,45,42,42,0],"gold":252,"neow_bonus":"THREE_ENEMY_KILL","is_prod":false,"is_daily":false,"chose_seed":false,"campfire_upgraded":6,"win_rate":0,"timestamp":1547934902,"path_taken":["M","M","?","?","?","R","M","E","T","M","$","R","?","?","R","BOSS","M","?","?","?","?","R","M","E","T","M","R","M","?","M","R","BOSS"],"build_version":"2019-01-17v2","purchased_purges":0,"victory":false,"max_hp_per_floor":[70,70,70,70,70,70,70,80,80,80,80,80,80,80,80,80,80,80,80,80,80,80,80,80,80,80,80,80,80,80,80,80,80],"card_choices":[{"not_picked":["Finisher","Slice"],"picked":"Cloak And Dagger","floor":1},{"not_picked":["Slice","PiercingWail"],"picked":"Quick Slash","floor":2},{"not_picked":["Quick Slash","Choke","Bane"],"picked":"SKIP","floor":4},{"not_picked":["Deflect","Slice"],"picked":"Terror","floor":7},{"not_picked":["Dodge and Roll","Expertise"],"picked":"Well Laid Plans","floor":8},{"not_picked":["PiercingWail","Dagger Spray"],"picked":"Cloak And Dagger","floor":10},{"not_picked":["Skewer","Sucker Punch","Finisher"],"picked":"SKIP","floor":13},{"not_picked":["Tools of the Trade","Venomology"],"picked":"Malaise","floor":16},{"not_picked":["Poisoned Stab","Backflip+1"],"picked":"Blade Dance+1","floor":18},{"not_picked":["Concentrate","Endless Agony+1","PiercingWail"],"picked":"Accuracy","floor":24},{"not_picked":["Skewer","Dagger Spray","Flying Knee+1"],"picked":"Calculated Gamble","floor":25},{"not_picked":["Blade Dance","Dodge and Roll","Prepared+1"],"picked":"Accuracy","floor":27},{"not_picked":["Quick Slash+1","Dagger Spray","Flechettes+1"],"picked":"Accuracy+1","floor":29},{"not_picked":["Tactician","Acrobatics","Bouncing Flask+1"],"picked":"Envenom","floor":30},{"not_picked":["Flying Knee","Bane","Noxious Fumes"],"picked":"Finisher","floor":31}],"player_experience":367069,"relics_obtained":[{"floor":8,"key":"Pear"},{"floor":9,"key":"Whetstone"},{"floor":25,"key":"Meat on the Bone"},{"floor":26,"key":"Letter Opener"}],"event_choices":[{"damage_healed":0,"gold_gain":0,"player_choice":"Forge","damage_taken":0,"max_hp_gain":0,"max_hp_loss":0,"event_name":"Accursed Blacksmith","floor":3,"gold_loss":0,"cards_upgraded":["Cloak And Dagger"]},{"damage_healed":0,"gold_gain":0,"player_choice":"Trade","damage_taken":0,"relics_obtained":["CultistMask"],"max_hp_gain":0,"max_hp_loss":0,"event_name":"FaceTrader","floor":5,"gold_loss":0},{"damage_healed":0,"gold_gain":0,"player_choice":"Success","damage_taken":12,"relics_obtained":["Lantern"],"max_hp_gain":0,"max_hp_loss":0,"event_name":"Scrap Ooze","floor":14,"gold_loss":0},{"damage_healed":0,"gold_gain":0,"player_choice":"Joined the Cult","damage_taken":6,"max_hp_gain":0,"max_hp_loss":0,"event_name":"Nest","floor":19,"gold_loss":0,"cards_obtained":["RitualDagger"]},{"damage_healed":0,"gold_gain":0,"player_choice":"Opened","damage_taken":0,"relics_obtained":["Question Card"],"max_hp_gain":0,"max_hp_loss":0,"event_name":"The Mausoleum","floor":20,"gold_loss":0,"cards_obtained":["Writhe"]},{"cards_removed":["Strike_G"],"damage_healed":0,"gold_gain":0,"player_choice":"Gave Gold","damage_taken":0,"max_hp_gain":0,"max_hp_loss":0,"event_name":"Beggar","floor":21,"gold_loss":75}],"is_beta":false,"boss_relics":[{"not_picked":["Eternal Feather","Tiny House"],"picked":"WristBlade"}],"items_purged_floors":[],"is_endless":false,"potions_floor_spawned":[1,7,13,18,27,29,31],"killed_by":"Automaton","ascension_level":8}