{"gold_per_floor":[115,290,240,255,269,301,301,336,336,362,373,134,134,166,166,268,268,287,305,318,335,32,32,66,66,91,120,133,166,166,166,166,262,262,279,379,379,396,38,38,65,90,90,90,105,139,139,173,173,173],"floor_reached":51,"playtime":5148,"items_purged":["Strike_R","Strike_R"],"score":1141,"play_id":"787a0535-f186-4fa7-8054-bcb5f036b474","local_time":"20190119001530","is_ascension_mode":true,"campfire_choices":[{"data":"Bash","floor":7.0,"key":"SMITH"},{"data":"Rampage","floor":15.0,"key":"SMITH"},{"data":"Battle Trance","floor":23.0,"key":"SMITH"},{"floor":25,"key":"REST"},{"floor":32,"key":"REST"},{"data":"Pommel Strike","floor":40,"key":"SMITH"},{"data":"Rupture","floor":47,"key":"SMITH"},{"data":"Inflame","floor":49,"key":"SMITH"}],"neow_cost":"NONE","seed_source_timestamp":0,"circlet_count":0,"master_deck":["Strike_R+1","Strike_R+1","Defend_R","Defend_R","Defend_R","Bash+1","Battle Trance+1","Dropkick","Shrug It Off","Dropkick","Brutality","Rampage+1","Flame Barrier","Inflame+1","Ghostly Armor","Dropkick","Dropkick+1","Headbutt","Clothesline","Metallicize","Uppercut+1","Reaper","Rupture+1","Pommel Strike+1","Flame Barrier","Dropkick+1"],"special_seed":0,"relics":["Burning Blood","Happy Flower","Meat on the Bone","Whetstone","Bottled Lightning","Centennial Puzzle","Mummified Hand","Philosopher\u0027s Stone","Kunai","Omamori","Potion Belt","Singing Bowl","Red Mask","MutagenicStrength","Sozu","WingedGreaves","Sundial","Bottled Flame","Molten Egg 2","Dodecahedron","Magic Flower","Blue Candle"],"potions_floor_usage":[24,24,24,27,36,41,42],"damage_taken":[{"damage":4.0,"enemies":"2 Louse","floor":1.0,"turns":3.0},{"damage":3.0,"enemies":"Jaw Worm","floor":4.0,"turns":4.0},{"damage":10.0,"enemies":"Small Slimes","floor":5.0,"turns":4.0},{"damage":12.0,"enemies":"3 Sentries","floor":6.0,"turns":8.0},{"damage":22.0,"enemies":"Lagavulin","floor":8.0,"turns":5.0},{"damage":32.0,"enemies":"3 Sentries","floor":10.0,"turns":11.0},{"damage":2.0,"enemies":"Blue Slaver","floor":11.0,"turns":3.0},{"damage":13.0,"enemies":"Gremlin Nob","floor":14.0,"turns":3.0},{"damage":8.0,"enemies":"The Guardian","floor":16.0,"turns":9.0},{"damage":2.0,"enemies":"Chosen","floor":18.0,"turns":3.0},{"damage":7.0,"enemies":"2 Thieves","floor":19.0,"turns":3.0},{"damage":2.0,"enemies":"Centurion and Healer","floor":20.0,"turns":4.0},{"damage":13.0,"enemies":"Shelled Parasite and Fungi","floor":21.0,"turns":4.0},{"damage":64,"enemies":"Slavers","floor":24,"turns":6},{"damage":26,"enemies":"Gremlin Leader","floor":27,"turns":6},{"damage":3,"enemies":"3 Cultists","floor":28,"turns":5},{"damage":15,"enemies":"Masked Bandits","floor":29,"turns":5},{"damage":28,"enemies":"Collector","floor":33,"turns":4},{"damage":5,"enemies":"3 Darklings","floor":35,"turns":6},{"damage":1,"enemies":"Mind Bloom Boss Battle","floor":36,"turns":4},{"damage":6,"enemies":"Orb Walker","floor":38,"turns":3},{"damage":40,"enemies":"Reptomancer","floor":41,"turns":6},{"damage":19,"enemies":"Nemesis","floor":42,"turns":5},{"damage":2,"enemies":"Maw","floor":45,"turns":5},{"damage":2,"enemies":"Reptomancer","floor":46,"turns":4},{"damage":18,"enemies":"Nemesis","floor":48,"turns":3},{"damage":38,"enemies":"Time Eater","floor":50,"turns":8}],"seed_played":"-5165836575372124967","potions_obtained":[{"floor":4.0,"key":"Fire Potion"},{"floor":5.0,"key":"PowerPotion"},{"floor":8.0,"key":"Ancient Potion"},{"floor":14.0,"key":"LiquidBronze"},{"floor":21.0,"key":"SkillPotion"},{"floor":24,"key":"LiquidBronze"},{"floor":28,"key":"Swift Potion"},{"floor":29,"key":"PowerPotion"},{"floor":33,"key":"BloodPotion"}],"is_trial":false,"path_per_floor":["M","?","?","M","M","E","R","E","T","E","M","$","?","E","R","B",null,"M","M","M","M","$","R","E","R","T","E","M","?","?","?","R","B",null,"M","?","?","M","$","R","E","E","T","?","M","E","R","E","R","B",null],"character_chosen":"IRONCLAD","items_purchased":["Anger","Inflame","Ghostly Armor","Kunai","Clothesline","Sundial"],"campfire_rested":2,"item_purchase_floors":[12,12,12,22,22,39],"current_hp_per_floor":[74,74,74,77,73,67,67,51,51,37,53,53,53,58,58,56,74,78,77,80,73,73,73,27,51,51,45,48,53,53,53,78,56,77,86,86,86,86,86,86,66,62,62,62,72,90,90,92,92,87],"gold":173,"neow_bonus":"RANDOM_COMMON_RELIC","is_prod":false,"is_daily":false,"chose_seed":false,"campfire_upgraded":6,"win_rate":0,"timestamp":1547846130,"path_taken":["M","?","?","M","M","E","R","E","T","E","M","$","?","E","R","BOSS","M","M","M","M","$","R","E","R","T","E","M","?","?","?","R","BOSS","M","?","?","M","$","R","E","E","T","?","M","E","R","E","R","BOSS"],"build_version":"2019-01-17v2","purchased_purges":2,"victory":true,"max_hp_per_floor":[80,80,80,80,80,80,80,80,80,80,80,80,80,80,80,80,80,80,80,80,80,80,80,80,80,80,82,82,84,84,84,84,84,84,86,86,86,86,86,86,88,88,88,88,88,90,90,92,92,92],"card_choices":[{"not_picked":["True Grit","Combust"],"picked":"Battle Trance","floor":1.0},{"not_picked":["Warcry","Cleave"],"picked":"Dropkick","floor":4.0},{"not_picked":["Clothesline","Sword Boomerang"],"picked":"Shrug It Off","floor":5.0},{"not_picked":["Sword Boomerang","Iron Wave"],"picked":"Dropkick","floor":6.0},{"not_picked":["Seeing Red","Berserk"],"picked":"Brutality","floor":8.0},{"not_picked":["Evolve","Heavy Blade"],"picked":"Rampage","floor":10.0},{"not_picked":["Heavy Blade","Sentinel"],"picked":"Flame Barrier","floor":11.0},{"not_picked":["Second Wind","Iron Wave","Infernal Blade"],"picked":"SKIP","floor":14.0},{"not_picked":["Flex","Seeing Red"],"picked":"Dropkick","floor":18.0},{"not_picked":["Heavy Blade","Warcry","Armaments"],"picked":"SKIP","floor":19.0},{"not_picked":["Iron Wave","Entrench"],"picked":"Dropkick+1","floor":20.0},{"not_picked":["Body Slam+1","Clash+1"],"picked":"Headbutt","floor":21.0},{"not_picked":["Pommel Strike+1","Power Through"],"picked":"Metallicize","floor":24},{"not_picked":["Thunderclap","Flex","Double Tap"],"picked":"Singing Bowl","floor":27},{"not_picked":["Thunderclap","Flex"],"picked":"Uppercut+1","floor":28},{"not_picked":["Perfected Strike","Anger+1","Flame Barrier+1"],"picked":"Singing Bowl","floor":29},{"not_picked":["Immolate","Demon Form"],"picked":"Reaper","floor":33},{"not_picked":["Carnage","Sword Boomerang","True Grit+1"],"picked":"Singing Bowl","floor":35},{"not_picked":["Metallicize+1","Sever Soul"],"picked":"Rupture","floor":36},{"not_picked":["Body Slam","Cleave"],"picked":"Pommel Strike","floor":38},{"not_picked":["Intimidate+1","Clothesline+1","Power Through"],"picked":"Singing Bowl","floor":41},{"not_picked":["Demon Form","Sentinel"],"picked":"Flame Barrier","floor":42},{"not_picked":["Entrench+1","Clothesline+1"],"picked":"Dropkick+1","floor":45},{"not_picked":["Warcry","Entrench+1","Reckless Charge+1"],"picked":"Singing Bowl","floor":46},{"not_picked":["Fiend Fire+1","Flex+1","Clothesline+1"],"picked":"Singing Bowl","floor":48}],"player_experience":55500,"relics_obtained":[{"floor":6.0,"key":"Meat on the Bone"},{"floor":8.0,"key":"Whetstone"},{"floor":9.0,"key":"Bottled Lightning"},{"floor":10.0,"key":"Centennial Puzzle"},{"floor":14.0,"key":"Mummified Hand"},{"floor":24,"key":"Omamori"},{"floor":26,"key":"Potion Belt"},{"floor":27,"key":"Singing Bowl"},{"floor":29,"key":"Red Mask"},{"floor":36,"key":"WingedGreaves"},{"floor":41,"key":"Bottled Flame"},{"floor":42,"key":"Molten Egg 2"},{"floor":43,"key":"Dodecahedron"},{"floor":46,"key":"Magic Flower"},{"floor":48,"key":"Blue Candle"}],"event_choices":[{"damage_healed":0.0,"max_hp_gain":0.0,"max_hp_loss":0.0,"gold_gain":175.0,"event_name":"Liars Game","player_choice":"AGREE","floor":2.0,"gold_loss":0.0,"damage_taken":0.0,"cards_obtained":["Doubt"]},{"cards_removed":["Doubt"],"damage_healed":0.0,"max_hp_gain":0.0,"max_hp_loss":0.0,"gold_gain":0.0,"event_name":"The Cleric","player_choice":"Card Removal","floor":3.0,"gold_loss":50.0,"damage_taken":0.0},{"cards_removed":["Defend_R"],"damage_healed":0.0,"max_hp_gain":0.0,"max_hp_loss":0.0,"gold_gain":0.0,"event_name":"Living Wall","player_choice":"Forget","floor":13.0,"gold_loss":0.0,"damage_taken":0.0},{"damage_healed":0,"gold_gain":0,"player_choice":"Fought Bandits","damage_taken":0,"max_hp_gain":0,"max_hp_loss":0,"event_name":"Masked Bandits","floor":29,"gold_loss":0},{"damage_healed":0,"gold_gain":0,"player_choice":"Inject Mutagens","damage_taken":0,"relics_obtained":["MutagenicStrength"],"max_hp_gain":0,"max_hp_loss":0,"event_name":"Drug Dealer","floor":30,"gold_loss":0},{"cards_removed":["Strike_R"],"damage_healed":0,"gold_gain":0,"player_choice":"Elegance","damage_taken":0,"max_hp_gain":0,"max_hp_loss":0,"event_name":"Back to Basics","floor":31,"gold_loss":0},{"damage_healed":0,"gold_gain":0,"player_choice":"Fight","damage_taken":0,"max_hp_gain":0,"max_hp_loss":0,"event_name":"MindBloom","floor":36,"gold_loss":0},{"cards_removed":["Anger"],"damage_healed":0,"gold_gain":0,"player_choice":"Removed Attack","damage_taken":0,"max_hp_gain":0,"max_hp_loss":0,"event_name":"Falling","floor":37,"gold_loss":0},{"damage_healed":0,"gold_gain":0,"player_choice":"Leave","damage_taken":0,"max_hp_gain":0,"max_hp_loss":0,"event_name":"FaceTrader","floor":44,"gold_loss":0}],"is_beta":false,"boss_relics":[{"not_picked":["Black Blood","Ectoplasm"],"picked":"Philosopher\u0027s Stone"},{"not_picked":["Busted Crown","Fusion Hammer"],"picked":"Sozu"}],"items_purged_floors":[12,39],"is_endless":false,"potions_floor_spawned":[4,5,8,14,21,24,28,29,33,36,42,45,46,48],"ascension_level":8}