{"gold_per_floor":[117,127,127,227,244,259,269,269,295,295,295,306,306,306,306,435,435,456,456,69,69,69,69,23,23,23,23,23],"floor_reached":28,"playtime":634,"items_purged":["Strike_G"],"score":296,"play_id":"25e4b4fd-1513-4f0a-bf66-1f23abffa8ac","local_time":"20190126050842","is_ascension_mode":true,"campfire_choices":[{"floor":8,"key":"REST"},{"data":"Terror","floor":13,"key":"SMITH"},{"floor":15,"key":"REST"},{"data":"Noxious Fumes","floor":23,"key":"SMITH"},{"data":"Noxious Fumes","floor":25,"key":"SMITH"}],"neow_cost":"NONE","seed_source_timestamp":1533161354228626,"circlet_count":0,"master_deck":["Defend_G+1","Defend_G","Defend_G","Defend_G","Defend_G","Strike_G","Survivor+1","Neutralize","Terror+1","Corpse Explosion","Noxious Fumes+1","Footwork","Noxious Fumes+1","Panache","Predator","Doppelganger","Flechettes","Backflip"],"relics":["Ring of the Snake","NeowsBlessing","Vajra","Bloody Idol","Black Star","Bottled Tornado"],"potions_floor_usage":[7,12,16,16,28],"damage_taken":[{"damage":0,"enemies":"2 Louse","floor":1,"turns":1},{"damage":0,"enemies":"Cultist","floor":2,"turns":1},{"damage":0,"enemies":"Small Slimes","floor":5,"turns":1},{"damage":8,"enemies":"2 Fungi Beasts","floor":6,"turns":4},{"damage":15,"enemies":"Large Slime","floor":7,"turns":10},{"damage":14,"enemies":"3 Louse","floor":12,"turns":2},{"damage":25,"enemies":"The Guardian","floor":16,"turns":15},{"damage":21,"enemies":"3 Byrds","floor":18,"turns":4},{"damage":39,"enemies":"Gremlin Leader","floor":28,"turns":3}],"seed_played":"3416560536281955255","potions_obtained":[{"floor":1,"key":"Weak Potion"},{"floor":5,"key":"Dexterity Potion"},{"floor":7,"key":"Explosive Potion"},{"floor":12,"key":"Regen Potion"},{"floor":18,"key":"SkillPotion"}],"is_trial":false,"path_per_floor":["M","M","?","?","M","M","M","R","T","?","?","M","R","?","R","B",null,"M","?","$","?","?","R","$","R","T","?","E"],"character_chosen":"THE_SILENT","items_purchased":["Noxious Fumes","Panache","Predator","Backflip"],"campfire_rested":2,"item_purchase_floors":[20,20,20,24],"current_hp_per_floor":[63,63,49,49,49,41,26,47,47,47,40,26,26,9,30,20,58,37,37,37,37,37,37,37,37,37,37,0],"gold":23,"neow_bonus":"THREE_ENEMY_KILL","is_prod":false,"is_daily":false,"chose_seed":false,"campfire_upgraded":3,"win_rate":0,"timestamp":1548508122,"path_taken":["M","M","?","?","?","M","M","R","T","?","?","M","R","?","R","BOSS","M","?","$","?","?","R","$","R","T","?","E"],"build_version":"2019-01-23","purchased_purges":1,"victory":false,"max_hp_per_floor":[70,70,70,70,70,70,70,70,70,70,70,70,70,70,70,70,70,70,70,70,70,70,70,70,70,70,70,70],"card_choices":[{"not_picked":["Skewer","Finisher"],"picked":"Terror","floor":1},{"not_picked":["Skewer","Deflect","All Out Attack"],"picked":"SKIP","floor":2},{"not_picked":["Dodge and Roll","Blade Dance","Dagger Spray"],"picked":"SKIP","floor":5},{"not_picked":["Flying Knee","Distraction","Glass Knife"],"picked":"SKIP","floor":6},{"not_picked":["Cloak And Dagger","Terror","Poisoned Stab"],"picked":"SKIP","floor":7},{"not_picked":["Outmaneuver","Underhanded Strike","Dagger Throw"],"picked":"SKIP","floor":12},{"not_picked":["After Image","Doppelganger"],"picked":"Corpse Explosion","floor":16},{"not_picked":["Dagger Spray","Dodge and Roll"],"picked":"Noxious Fumes","floor":18}],"player_experience":399506,"relics_obtained":[{"floor":9,"key":"Vajra"},{"floor":26,"key":"Bottled Tornado"}],"event_choices":[{"damage_healed":0,"gold_gain":0,"player_choice":"Entered Light","damage_taken":14,"max_hp_gain":0,"max_hp_loss":0,"event_name":"Shining Light","floor":3,"gold_loss":0,"cards_upgraded":["Defend_G","Survivor"]},{"damage_healed":0,"gold_gain":100,"player_choice":"Pray","damage_taken":0,"max_hp_gain":0,"max_hp_loss":0,"event_name":"Golden Shrine","floor":4,"gold_loss":0},{"damage_healed":0,"gold_gain":0,"player_choice":"Searched \u00271\u0027 times","damage_taken":0,"max_hp_gain":0,"max_hp_loss":0,"event_name":"Dead Adventurer","floor":10,"gold_loss":0},{"cards_removed":["Strike_G"],"damage_healed":0,"gold_gain":0,"player_choice":"Card Removal","damage_taken":7,"max_hp_gain":0,"max_hp_loss":0,"event_name":"Golden Wing","floor":11,"gold_loss":0},{"damage_healed":0,"gold_gain":0,"player_choice":"Take Damage","damage_taken":17,"relics_obtained":["Golden Idol"],"max_hp_gain":0,"max_hp_loss":0,"event_name":"Golden Idol","floor":14,"gold_loss":0},{"damage_healed":0,"gold_gain":0,"player_choice":"Read","damage_taken":0,"max_hp_gain":0,"max_hp_loss":0,"event_name":"The Library","floor":19,"gold_loss":0,"cards_obtained":["Footwork"]},{"damage_healed":0,"gold_gain":0,"cards_transformed":["Strike_G","Strike_G"],"player_choice":"Became Test Subject","damage_taken":0,"max_hp_gain":0,"max_hp_loss":0,"event_name":"Drug Dealer","floor":21,"gold_loss":0,"cards_obtained":["Doppelganger","Flechettes"]},{"damage_healed":0,"gold_gain":0,"player_choice":"Gave Idol","damage_taken":0,"relics_obtained":["Bloody Idol"],"max_hp_gain":0,"max_hp_loss":0,"event_name":"Forgotten Altar","floor":27,"relics_lost":["Golden Idol"],"gold_loss":0}],"is_beta":false,"boss_relics":[{"not_picked":["White Beast Statue","Tiny House"],"picked":"Black Star"}],"items_purged_floors":[20],"is_endless":false,"potions_floor_spawned":[1,5,7,12,18],"killed_by":"Gremlin Leader","ascension_level":9}