{"gold_per_floor":[111,36,55,74,84,84,116,116,163,196,156,134,134],"floor_reached":13,"playtime":912,"items_purged":["Strike_R"],"score":181,"play_id":"d7b0f4e7-d501-4eb6-a18d-cc63ef3c72bb","local_time":"20190528225926","is_ascension_mode":true,"campfire_choices":[{"data":"Bash","floor":6,"key":"SMITH"},{"floor":8,"key":"REST"}],"neow_cost":"NONE","seed_source_timestamp":1136740805544282,"circlet_count":0,"master_deck":["AscendersBane","Strike_R","Strike_R","Strike_R","Strike_R","Defend_R","Defend_R","Defend_R","Defend_R","Bash+1","Whirlwind","Thunderclap","Ghostly Armor","Demon Form","Cleave","Spot Weakness"],"relics":["Burning Blood","Sundial","Vajra","Omamori"],"potions_floor_usage":[3,7,13],"damage_taken":[{"damage":8,"enemies":"Cultist","floor":1,"turns":5},{"damage":0,"enemies":"Jaw Worm","floor":3,"turns":4},{"damage":1,"enemies":"2 Louse","floor":4,"turns":2},{"damage":20,"enemies":"Red Slaver","floor":5,"turns":4},{"damage":45,"enemies":"3 Sentries","floor":7,"turns":10},{"damage":32,"enemies":"Gremlin Nob","floor":10,"turns":4},{"damage":2,"enemies":"Looter","floor":11,"turns":4},{"damage":11,"enemies":"Exordium Thugs","floor":12,"turns":4},{"damage":21,"enemies":"3 Sentries","floor":13,"turns":4}],"seed_played":"1222607238918052770","potions_obtained":[{"floor":1,"key":"Fire Potion"},{"floor":5,"key":"AttackPotion"},{"floor":12,"key":"EssenceOfSteel"}],"is_trial":false,"path_per_floor":["M","$","M","M","M","R","E","R","T","E","M","M","E"],"character_chosen":"IRONCLAD","items_purchased":[],"campfire_rested":1,"item_purchase_floors":[],"current_hp_per_floor":[66,66,72,75,61,61,22,44,44,18,22,17,0],"gold":134,"neow_bonus":"THREE_CARDS","is_prod":false,"is_daily":false,"chose_seed":false,"campfire_upgraded":1,"win_rate":0,"timestamp":1559077166,"path_taken":["M","?","M","M","M","R","E","R","T","E","M","M","E"],"build_version":"2019-01-23","purchased_purges":1,"victory":false,"max_hp_per_floor":[75,75,75,75,75,75,75,75,75,75,75,75,75],"card_choices":[{"not_picked":["Reckless Charge","Perfected Strike"],"picked":"Whirlwind","floor":0},{"not_picked":["Whirlwind","Warcry"],"picked":"Thunderclap","floor":1},{"not_picked":["Flex","True Grit","Havoc"],"picked":"SKIP","floor":3},{"not_picked":["Perfected Strike","Sword Boomerang"],"picked":"Ghostly Armor","floor":4},{"not_picked":["Power Through","Entrench"],"picked":"Demon Form","floor":5},{"not_picked":["Bloodletting","Sentinel","Body Slam"],"picked":"SKIP","floor":7},{"not_picked":["Clash","Rampage","Bloodletting"],"picked":"SKIP","floor":10},{"not_picked":["Heavy Blade","Blood for Blood"],"picked":"Cleave","floor":11},{"not_picked":["Perfected Strike","Flex"],"picked":"Spot Weakness","floor":12}],"player_experience":682170,"relics_obtained":[{"floor":7,"key":"Sundial"},{"floor":9,"key":"Vajra"},{"floor":10,"key":"Omamori"}],"event_choices":[],"is_beta":false,"boss_relics":[],"items_purged_floors":[2],"is_endless":false,"potions_floor_spawned":[1,5,12],"killed_by":"3 Sentries","ascension_level":18}