{"gold_per_floor":[117,7,20,33,33,33,65,65,65,65,93,93,107,121,121,252,252,266,266,266],"floor_reached":20,"playtime":1719,"items_purged":["Strike_G"],"score":237,"play_id":"57a3dac9-1ade-4516-aa70-21134f2dbdbc","local_time":"20190101093532","is_ascension_mode":true,"campfire_choices":[{"data":"Noxious Fumes","floor":6,"key":"SMITH"},{"data":"Cloak And Dagger","floor":8,"key":"SMITH"},{"floor":10,"key":"REST"},{"floor":15,"key":"REST"}],"neow_cost":"PERCENT_DAMAGE","seed_source_timestamp":957340800879055,"circlet_count":0,"master_deck":["Defend_G","Defend_G","Defend_G","Defend_G","Defend_G","Strike_G","Strike_G","Strike_G","Strike_G","Survivor","Neutralize","After Image","Backflip","Noxious Fumes+1","Escape Plan","Bouncing Flask","Cloak And Dagger+1","Dodge and Roll","Crippling Poison","Terror","Adrenaline","Accuracy","RitualDagger"],"relics":["Ring of the Snake","Bottled Lightning","Happy Flower","Golden Idol","WristBlade"],"potions_floor_usage":[11,13,16,20],"damage_taken":[{"damage":1,"enemies":"Jaw Worm","floor":1,"turns":5},{"damage":7,"enemies":"Small Slimes","floor":3,"turns":5},{"damage":0,"enemies":"2 Louse","floor":4,"turns":3},{"damage":10,"enemies":"3 Sentries","floor":7,"turns":8},{"damage":7,"enemies":"Lagavulin","floor":11,"turns":6},{"damage":0,"enemies":"Exordium Wildlife","floor":13,"turns":4},{"damage":3,"enemies":"Exordium Thugs","floor":14,"turns":4},{"damage":17,"enemies":"Slime Boss","floor":16,"turns":11},{"damage":7,"enemies":"3 Byrds","floor":18,"turns":6},{"damage":48,"enemies":"Masked Bandits","floor":20,"turns":4}],"seed_played":"-8683312571154269023","potions_obtained":[{"floor":7,"key":"LiquidBronze"},{"floor":11,"key":"Energy Potion"},{"floor":13,"key":"Energy Potion"},{"floor":14,"key":"FearPotion"}],"is_trial":false,"path_per_floor":["M","$","M","M","$","R","E","R","T","R","E","?","M","M","R","B",null,"M","?","?"],"character_chosen":"THE_SILENT","items_purchased":["Noxious Fumes"],"campfire_rested":2,"item_purchase_floors":[2],"current_hp_per_floor":[44,44,37,37,37,37,27,27,27,48,41,24,24,21,42,25,59,52,46,0],"gold":266,"neow_bonus":"THREE_RARE_CARDS","is_prod":false,"is_daily":false,"chose_seed":false,"campfire_upgraded":2,"win_rate":0,"timestamp":1546364132,"path_taken":["M","$","M","M","$","R","E","R","T","R","E","?","M","M","R","BOSS","M","?","?"],"build_version":"2018-12-20","purchased_purges":1,"victory":false,"max_hp_per_floor":[70,70,70,70,70,70,70,70,70,70,70,70,70,70,70,70,70,70,70,70],"card_choices":[{"not_picked":["Doppelganger","Malaise"],"picked":"After Image","floor":0},{"not_picked":["Bane","PiercingWail"],"picked":"Backflip","floor":1},{"not_picked":["Calculated Gamble","Concentrate"],"picked":"Escape Plan","floor":3},{"not_picked":["Infinite Blades","Skewer"],"picked":"Bouncing Flask","floor":4},{"not_picked":["Eviscerate","Quick Slash"],"picked":"Cloak And Dagger","floor":7},{"not_picked":["Tactician","Bane"],"picked":"Dodge and Roll","floor":11},{"not_picked":["Tools of the Trade","Masterful Stab"],"picked":"Crippling Poison","floor":13},{"not_picked":["Underhanded Strike","Slice"],"picked":"Terror","floor":14},{"not_picked":["Tools of the Trade","Night Terror"],"picked":"Adrenaline","floor":16},{"not_picked":["Dagger Spray+1","Dodge and Roll"],"picked":"Accuracy","floor":18}],"player_experience":248518,"relics_obtained":[{"floor":7,"key":"Bottled Lightning"},{"floor":11,"key":"Happy Flower"}],"event_choices":[{"damage_healed":0,"gold_gain":0,"player_choice":"Take Damage","damage_taken":17,"relics_obtained":["Golden Idol"],"max_hp_gain":0,"max_hp_loss":0,"event_name":"Golden Idol","floor":12,"gold_loss":0},{"damage_healed":0,"gold_gain":0,"player_choice":"Joined the Cult","damage_taken":6,"max_hp_gain":0,"max_hp_loss":0,"event_name":"Nest","floor":19,"gold_loss":0,"cards_obtained":["RitualDagger"]},{"damage_healed":0,"gold_gain":0,"player_choice":"Fought Bandits","damage_taken":0,"max_hp_gain":0,"max_hp_loss":0,"event_name":"Masked Bandits","floor":20,"gold_loss":0}],"is_beta":false,"boss_relics":[{"not_picked":["Calling Bell","Runic Dome"],"picked":"WristBlade"}],"items_purged_floors":[2],"is_endless":false,"potions_floor_spawned":[7,11,13,14],"killed_by":"Masked Bandits","ascension_level":6}