{"gold_per_floor":[368,368,543,560,354,629,629,198,222,253,253,50,69,83,83,161,161,175,90,102,114,138,181,193,205,217,262,274,61,61,72,72,145,145,162,162,262,279,296,296,308,308],"floor_reached":42,"playtime":2825,"items_purged":["Doubt","Regret","Strike_B"],"score":779,"play_id":"3c976e8d-9916-4f11-8773-177095d66316","local_time":"20190518211606","is_ascension_mode":true,"campfire_choices":[{"floor":7.0,"key":"REST"},{"data":"Defragment","floor":11.0,"key":"SMITH"},{"floor":15.0,"key":"REST"},{"floor":25.0,"key":"REST"},{"floor":28.0,"key":"REST"},{"data":"Coolheaded","floor":30.0,"key":"SMITH"},{"floor":32.0,"key":"REST"},{"data":"Buffer","floor":40,"key":"SMITH"}],"neow_cost":"PERCENT_DAMAGE","seed_source_timestamp":0,"circlet_count":0,"master_deck":["AscendersBane","Strike_B+1","Defend_B","Defend_B","Defend_B","Defend_B","Zap","Dualcast+1","Gash+1","Sweeping Beam","Doom and Gloom","Defragment+1","Hologram","Rainbow+1","Coolheaded+1","Cold Snap","BootSequence","Electrodynamics","Genetic Algorithm","Biased Cognition","All For One","Gash","Capacitor","Writhe","Loop","Amplify","Hologram","Go for the Eyes","Buffer+1","Glacier"],"special_seed":0,"relics":["Cracked Core","Question Card","Bag of Preparation","Potion Belt","War Paint","Cursed Key","MawBank","Nunchaku","Oddly Smooth Stone","Anchor","Inserter"],"potions_floor_usage":[38],"damage_taken":[{"damage":7.0,"enemies":"Small Slimes","floor":1.0,"turns":3.0},{"damage":7.0,"enemies":"Jaw Worm","floor":4.0,"turns":4.0},{"damage":0.0,"enemies":"Gremlin Nob","floor":10.0,"turns":3.0},{"damage":10.0,"enemies":"2 Louse","floor":13.0,"turns":3.0},{"damage":6.0,"enemies":"Lots of Slimes","floor":14.0,"turns":2.0},{"damage":16.0,"enemies":"Hexaghost","floor":16.0,"turns":9.0},{"damage":0.0,"enemies":"3 Byrds","floor":18.0,"turns":2.0},{"damage":8.0,"enemies":"Spheric Guardian","floor":22.0,"turns":4.0},{"damage":18.0,"enemies":"Book of Stabbing","floor":23.0,"turns":6.0},{"damage":33.0,"enemies":"Slavers","floor":27.0,"turns":4.0},{"damage":3.0,"enemies":"Centurion and Healer","floor":31.0,"turns":5.0},{"damage":15.0,"enemies":"Automaton","floor":33.0,"turns":8.0},{"damage":0,"enemies":"Orb Walker","floor":35,"turns":3},{"damage":9,"enemies":"3 Shapes","floor":38,"turns":4},{"damage":11,"enemies":"Sphere and 2 Shapes","floor":39,"turns":3},{"damage":0,"enemies":"4 Shapes","floor":41,"turns":4},{"damage":0,"enemies":"Reptomancer","floor":42,"turns":2}],"seed_played":"7173272074183263866","potions_obtained":[{"floor":13.0,"key":"SpeedPotion"},{"floor":23.0,"key":"Energy Potion"},{"floor":27.0,"key":"PowerPotion"},{"floor":38,"key":"Poison Potion"},{"floor":39,"key":"PowerPotion"},{"floor":41,"key":"GamblersBrew"}],"is_trial":false,"path_per_floor":["M","?","?","M","$","?","R","$","T","E","R","$","M","M","R","B",null,"M","?","?","?","M","E","?","R","T","E","R","$","R","M","R","B",null,"M","?","?","M","M","R","M","E"],"character_chosen":"DEFECT","items_purchased":["Doom and Gloom","PowerPotion","Defragment","Hologram","Question Card","Coolheaded","War Paint","PowerPotion","SkillPotion"],"campfire_rested":5,"item_purchase_floors":[5,5,8,8,8,12,12,29,29],"current_hp_per_floor":[43,28,28,21,21,21,43,43,43,43,43,43,33,27,49,33,65,65,65,65,65,57,39,25,49,49,16,40,40,40,37,61,46,72,72,72,72,63,52,52,52,52],"gold":308,"neow_bonus":"TWO_FIFTY_GOLD","is_prod":false,"is_daily":false,"chose_seed":false,"campfire_upgraded":3,"win_rate":0,"timestamp":1558206966,"path_taken":["M","?","?","M","$","?","R","$","T","E","R","$","?","M","R","BOSS","M","?","?","?","M","E","?","R","T","E","R","$","R","?","R","BOSS","M","?","?","?","M","R","M","E"],"build_version":"2019-01-23","purchased_purges":3,"victory":false,"max_hp_per_floor":[75,75,75,75,75,75,75,75,75,75,75,75,75,75,75,75,75,75,75,75,75,75,75,80,80,80,80,80,80,80,80,80,80,80,80,76,76,76,76,76,76,76],"card_choices":[{"not_picked":["Rebound","FTL"],"picked":"Gash","floor":1.0},{"not_picked":["Steam Power","Ball Lightning"],"picked":"Sweeping Beam","floor":4.0},{"not_picked":["Tempest","Beam Cell","Creative AI"],"picked":"Rainbow","floor":10.0},{"not_picked":["Chaos","Sweeping Beam","Skim"],"picked":"Cold Snap","floor":13.0},{"not_picked":["Tempest","Reinforced Body","Stack"],"picked":"BootSequence","floor":14.0},{"not_picked":["Multi-Cast","All For One","Amplify"],"picked":"Electrodynamics","floor":16.0},{"not_picked":["Consume","Fusion","Rip and Tear+1","Leap"],"picked":"SKIP","floor":18.0},{"not_picked":["Turbo","Steam","Sweeping Beam"],"picked":"Gash","floor":22.0},{"not_picked":["BootSequence","Chaos","Compile Driver"],"picked":"Capacitor","floor":23.0},{"not_picked":["Sunder","Turbo","Aggregate","Barrage+1"],"picked":"SKIP","floor":27.0},{"not_picked":["Cold Snap","Beam Cell","Leap"],"picked":"Loop","floor":31.0},{"not_picked":["Thunder Strike","Fission","All For One"],"picked":"Amplify","floor":33.0},{"not_picked":["Cold Snap+1","Genetic Algorithm+1","Streamline"],"picked":"Hologram","floor":35},{"not_picked":["Gash","Steam+1","Streamline"],"picked":"Go for the Eyes","floor":38},{"not_picked":["Steam Power","Leap","Gash"],"picked":"Buffer","floor":39},{"not_picked":["Compile Driver","Fusion","Hologram"],"picked":"Glacier","floor":41}],"player_experience":659291,"relics_obtained":[{"floor":9.0,"key":"Bag of Preparation"},{"floor":10.0,"key":"Potion Belt"},{"floor":23.0,"key":"Nunchaku"},{"floor":26.0,"key":"Oddly Smooth Stone"},{"floor":27.0,"key":"Anchor"}],"event_choices":[{"damage_healed":0.0,"max_hp_gain":0.0,"max_hp_loss":0.0,"gold_gain":0.0,"event_name":"Shining Light","player_choice":"Entered Light","floor":2.0,"gold_loss":0.0,"damage_taken":15.0,"cards_upgraded":["Strike_B","Gash"]},{"damage_healed":0.0,"max_hp_gain":0.0,"max_hp_loss":0.0,"gold_gain":175.0,"event_name":"Liars Game","player_choice":"AGREE","floor":3.0,"gold_loss":0.0,"damage_taken":0.0,"cards_obtained":["Doubt"]},{"damage_healed":0.0,"max_hp_gain":0.0,"max_hp_loss":0.0,"gold_gain":275.0,"event_name":"Golden Shrine","player_choice":"Desecrate","floor":6.0,"gold_loss":0.0,"damage_taken":0.0,"cards_obtained":["Regret"]},{"damage_healed":0.0,"max_hp_gain":0.0,"max_hp_loss":0.0,"gold_gain":0.0,"event_name":"Addict","player_choice":"Obtained Relic","floor":19.0,"gold_loss":85.0,"damage_taken":0.0,"relics_obtained":["MawBank"]},{"damage_healed":0.0,"max_hp_gain":0.0,"max_hp_loss":0.0,"gold_gain":0.0,"event_name":"The Library","player_choice":"Read","floor":20.0,"gold_loss":0.0,"damage_taken":0.0,"cards_obtained":["Genetic Algorithm"]},{"damage_healed":0.0,"max_hp_gain":0.0,"max_hp_loss":0.0,"gold_gain":0.0,"cards_transformed":["Strike_B","Strike_B"],"event_name":"Drug Dealer","player_choice":"Became Test Subject","floor":21.0,"gold_loss":0.0,"damage_taken":0.0,"cards_obtained":["Biased Cognition","All For One"]},{"damage_healed":0.0,"max_hp_gain":5.0,"max_hp_loss":0.0,"gold_gain":0.0,"event_name":"Forgotten Altar","player_choice":"Shed Blood","floor":24.0,"gold_loss":0.0,"damage_taken":19.0},{"damage_healed":0,"gold_gain":0,"player_choice":"Max HP","damage_taken":0,"max_hp_gain":0,"max_hp_loss":4,"event_name":"Winding Halls","floor":36,"gold_loss":0},{"damage_healed":0,"gold_gain":100,"player_choice":"Pray","damage_taken":0,"max_hp_gain":0,"max_hp_loss":0,"event_name":"Golden Shrine","floor":37,"gold_loss":0}],"is_beta":false,"boss_relics":[{"not_picked":["Tiny House","Nuclear Battery"],"picked":"Cursed Key"},{"not_picked":["Empty Cage","Black Star"],"picked":"Inserter"}],"items_purged_floors":[5,8,29],"is_endless":false,"potions_floor_spawned":[13,23,27,38,39,41],"killed_by":"Reptomancer","ascension_level":13}