{"gold_per_floor":[118,118,193,368,388,388,422,422,422,447,447,465,465,477,477,580,580,593,593,593,609,382,382],"floor_reached":23,"playtime":1443,"items_purged":["Doubt"],"score":340,"play_id":"1210afc6-9f10-41b4-bb5a-23cc5e7caf2e","local_time":"20190430151015","is_ascension_mode":true,"campfire_choices":[{"data":"Sunder","floor":6.0,"key":"SMITH"},{"floor":8.0,"key":"REST"},{"floor":11.0,"key":"REST"},{"data":"Zap","floor":13.0,"key":"SMITH"},{"floor":15.0,"key":"REST"}],"neow_cost":"NONE","seed_source_timestamp":95128751282961,"circlet_count":0,"master_deck":["AscendersBane","Defend_B","Defend_B","Defend_B","Defend_B","Zap+1","Dualcast","Gash","Sunder+1","Lockon","Coolheaded","Hologram","Leap","Echo Form","Cold Snap+1","Bite","Bite","Bite","Bite","Bite","Coolheaded"],"special_seed":0,"relics":["Cracked Core","Gremlin Horn","Omamori","Mango","Pear","Philosopher\u0027s Stone","Necronomicon","Centennial Puzzle"],"potions_floor_usage":[],"damage_taken":[{"damage":1.0,"enemies":"Cultist","floor":1.0,"turns":4.0},{"damage":18.0,"enemies":"Jaw Worm","floor":5.0,"turns":4.0},{"damage":32.0,"enemies":"Gremlin Nob","floor":7.0,"turns":5.0},{"damage":30.0,"enemies":"Lagavulin","floor":10.0,"turns":5.0},{"damage":4.0,"enemies":"Small Slimes","floor":12.0,"turns":3.0},{"damage":24.0,"enemies":"Exordium Wildlife","floor":14.0,"turns":6.0},{"damage":37.0,"enemies":"The Guardian","floor":16.0,"turns":13.0},{"damage":9.0,"enemies":"Chosen","floor":18.0,"turns":3.0},{"damage":35,"enemies":"3 Byrds","floor":21,"turns":5},{"damage":41,"enemies":"Slavers","floor":23,"turns":3}],"seed_played":"4088230891055763232","potions_obtained":[{"floor":7.0,"key":"Ancient Potion"},{"floor":12.0,"key":"FocusPotion"},{"floor":14.0,"key":"Fruit Juice"},{"floor":16.0,"key":"Poison Potion"}],"is_trial":false,"path_per_floor":["M","?","?","?","M","R","E","R","T","E","R","M","R","M","R","B",null,"M","?","?","M","$","E"],"character_chosen":"DEFECT","items_purchased":["Centennial Puzzle"],"campfire_rested":3,"item_purchase_floors":[22],"current_hp_per_floor":[74,62,51,51,33,33,1,25,39,19,50,46,46,22,53,21,89,80,77,61,36,36,0],"gold":382,"neow_bonus":"TEN_PERCENT_HP_BONUS","is_prod":false,"is_daily":false,"chose_seed":false,"campfire_upgraded":2,"win_rate":0,"timestamp":1556629815,"path_taken":["M","?","?","?","?","R","E","R","T","E","R","M","R","M","R","BOSS","M","?","?","M","$","E"],"build_version":"2019-01-23","purchased_purges":1,"victory":false,"max_hp_per_floor":[82,82,82,82,82,82,82,82,96,106,106,106,106,106,106,111,111,111,77,77,77,77,77],"card_choices":[{"not_picked":["Steam","Stack"],"picked":"Gash","floor":1.0},{"not_picked":["Fusion","Skim"],"picked":"Sunder","floor":5.0},{"not_picked":["Streamline","Static Discharge"],"picked":"Lockon","floor":7.0},{"not_picked":["Cold Snap","White Noise"],"picked":"Coolheaded","floor":10.0},{"not_picked":["Redo","Beam Cell"],"picked":"Hologram","floor":12.0},{"not_picked":["Conserve Battery","Sweeping Beam"],"picked":"Leap","floor":14.0},{"not_picked":["All For One","Buffer"],"picked":"Echo Form","floor":16.0},{"not_picked":["Rebound","Go for the Eyes+1"],"picked":"Cold Snap+1","floor":18.0},{"not_picked":["White Noise","Go for the Eyes"],"picked":"Coolheaded","floor":21}],"player_experience":584150,"relics_obtained":[{"floor":7.0,"key":"Omamori"},{"floor":9.0,"key":"Mango"},{"floor":10.0,"key":"Pear"},{"floor":20.0,"key":"Necronomicon"}],"event_choices":[{"damage_healed":0.0,"max_hp_gain":0.0,"max_hp_loss":0.0,"gold_gain":0.0,"event_name":"Scrap Ooze","player_choice":"Success","floor":2.0,"gold_loss":0.0,"damage_taken":12.0,"relics_obtained":["Gremlin Horn"]},{"damage_healed":0.0,"max_hp_gain":0.0,"max_hp_loss":0.0,"gold_gain":75.0,"event_name":"World of Goop","player_choice":"Gather Gold","floor":3.0,"gold_loss":0.0,"damage_taken":11.0},{"damage_healed":0.0,"max_hp_gain":0.0,"max_hp_loss":0.0,"gold_gain":175.0,"event_name":"Liars Game","player_choice":"AGREE","floor":4.0,"gold_loss":0.0,"damage_taken":0.0,"cards_obtained":["Doubt"]},{"damage_healed":0.0,"max_hp_gain":0.0,"max_hp_loss":34.0,"gold_gain":0.0,"event_name":"Vampires","player_choice":"Became a vampire","floor":19.0,"gold_loss":0.0,"damage_taken":0.0,"cards_obtained":["Bite","Bite","Bite","Bite","Bite"]},{"damage_healed":0.0,"max_hp_gain":0.0,"max_hp_loss":0.0,"gold_gain":0.0,"event_name":"Cursed Tome","player_choice":"Obtained Book","floor":20.0,"gold_loss":0.0,"damage_taken":16.0}],"is_beta":false,"boss_relics":[{"not_picked":["Eternal Feather","Busted Crown"],"picked":"Philosopher\u0027s Stone"}],"items_purged_floors":[22],"is_endless":false,"potions_floor_spawned":[7,12,14,16],"killed_by":"Slavers","ascension_level":12}