{"gold_per_floor":[109,128,145,155,165,194,27,39,66,66,66,91,91,108,108,187,187,203,175,175,186,204,235,245,245,245,260,260,275,30,46,46,122,122,137,137,153,25,25],"floor_reached":39,"playtime":8886,"items_purged":["Strike_R"],"score":796,"play_id":"1cb496a9-0143-46ae-b7fc-676d90d5de34","local_time":"20190511134913","is_ascension_mode":true,"campfire_choices":[{"data":"Bash","floor":10.0,"key":"SMITH"},{"data":"Whirlwind","floor":13.0,"key":"SMITH"},{"floor":15.0,"key":"REST"},{"floor":25,"key":"REST"},{"data":"Uppercut","floor":28,"key":"SMITH"},{"floor":32,"key":"REST"}],"neow_cost":"NONE","seed_source_timestamp":0,"circlet_count":0,"master_deck":["AscendersBane","Strike_R","Defend_R","Defend_R","Defend_R","Defend_R","Bash+1","Carnage+1","Shrug It Off","Whirlwind+1","Shockwave","Battle Trance","Uppercut+1","Brutality","Seeing Red","Battle Trance","Evolve+1","Demon Form","Corruption","Inflame","Wild Strike","Reaper","Iron Wave+1","Twin Strike+1","Dual Wield+1","Finesse","Dark Shackles"],"special_seed":0,"relics":["Burning Blood","FossilizedHelix","PreservedInsect","Potion Belt","Paper Frog","Mark of Pain","Centennial Puzzle","Blood Vial","Bag of Preparation","Astrolabe"],"potions_floor_usage":[16,22,23,24,37,39],"damage_taken":[{"damage":2.0,"enemies":"Cultist","floor":1.0,"turns":4.0},{"damage":10.0,"enemies":"2 Louse","floor":2.0,"turns":2.0},{"damage":7.0,"enemies":"Jaw Worm","floor":3.0,"turns":3.0},{"damage":9.0,"enemies":"Looter","floor":4.0,"turns":3.0},{"damage":16.0,"enemies":"3 Louse","floor":5.0,"turns":5.0},{"damage":24.0,"enemies":"Gremlin Nob","floor":6.0,"turns":4.0},{"damage":5.0,"enemies":"Exordium Wildlife","floor":8.0,"turns":3.0},{"damage":22.0,"enemies":"3 Sentries","floor":12.0,"turns":5.0},{"damage":0.0,"enemies":"Red Slaver","floor":14.0,"turns":2.0},{"damage":37,"enemies":"Slime Boss","floor":16,"turns":10},{"damage":8,"enemies":"Spheric Guardian","floor":18,"turns":4},{"damage":7,"enemies":"2 Thieves","floor":19,"turns":4},{"damage":0,"enemies":"Centurion and Healer","floor":21,"turns":3},{"damage":37,"enemies":"Sentry and Sphere","floor":22,"turns":8},{"damage":11,"enemies":"Slavers","floor":23,"turns":4},{"damage":19,"enemies":"Cultist and Chosen","floor":24,"turns":5},{"damage":16,"enemies":"Chosen and Byrds","floor":27,"turns":6},{"damage":0,"enemies":"Centurion and Healer","floor":29,"turns":5},{"damage":12,"enemies":"Snake Plant","floor":31,"turns":2},{"damage":16,"enemies":"Collector","floor":33,"turns":6},{"damage":12,"enemies":"Orb Walker","floor":35,"turns":3},{"damage":94,"enemies":"3 Shapes","floor":37,"turns":10},{"damage":65,"enemies":"Writhing Mass","floor":39,"turns":5}],"seed_played":"-5952295840684050597","potions_obtained":[{"floor":1.0,"key":"LiquidBronze"},{"floor":5.0,"key":"Weak Potion"},{"floor":6.0,"key":"FearPotion"},{"floor":8.0,"key":"Block Potion"},{"floor":18,"key":"Block Potion"},{"floor":21,"key":"Fire Potion"},{"floor":24,"key":"EssenceOfSteel"},{"floor":27,"key":"Weak Potion"},{"floor":35,"key":"Strength Potion"}],"is_trial":false,"path_per_floor":["M","M","M","M","M","E","$","M","T","R","?","E","R","M","R","B",null,"M","M","?","M","M","E","M","R","T","M","R","M","$","M","R","B",null,"M","?","M","$","M"],"character_chosen":"IRONCLAD","items_purchased":["PreservedInsect","Bag of Preparation","Inflame","SkillPotion"],"campfire_rested":3,"item_purchase_floors":[7,30,30,38],"current_hp_per_floor":[79,75,74,71,61,43,43,44,44,44,44,28,28,34,58,27,68,66,65,65,71,40,35,22,46,46,38,38,46,46,42,66,58,76,72,62,61,61,0],"gold":25,"neow_bonus":"TEN_PERCENT_HP_BONUS","is_prod":false,"is_daily":false,"chose_seed":false,"campfire_upgraded":3,"win_rate":0,"timestamp":1557575353,"path_taken":["M","M","?","M","M","E","?","M","T","R","?","E","R","M","R","BOSS","M","M","?","M","M","E","M","R","T","?","R","?","?","M","R","BOSS","M","?","M","$","M"],"build_version":"2019-01-23","purchased_purges":1,"victory":false,"max_hp_per_floor":[82,82,82,82,82,82,82,82,82,82,82,82,82,82,82,82,82,82,82,82,82,82,82,82,82,82,82,82,82,82,82,82,82,82,82,82,82,82,82],"card_choices":[{"not_picked":["Warcry","Whirlwind"],"picked":"Carnage","floor":1.0},{"not_picked":["Flex","Sentinel"],"picked":"Shrug It Off","floor":2.0},{"not_picked":["Warcry","Intimidate"],"picked":"Whirlwind","floor":3.0},{"not_picked":["Armaments","True Grit"],"picked":"Shockwave","floor":4.0},{"not_picked":["Infernal Blade","Havoc","Pommel Strike"],"picked":"SKIP","floor":5.0},{"not_picked":["Second Wind","Heavy Blade"],"picked":"Battle Trance","floor":6.0},{"not_picked":["Warcry","Twin Strike","Headbutt"],"picked":"SKIP","floor":8.0},{"not_picked":["Infernal Blade","Flame Barrier"],"picked":"Uppercut","floor":12.0},{"not_picked":["Armaments","Headbutt","Hemokinesis"],"picked":"SKIP","floor":14.0},{"not_picked":["Bludgeon","Limit Break"],"picked":"Brutality","floor":16},{"not_picked":["Clash","Carnage"],"picked":"Seeing Red","floor":18},{"not_picked":["Intimidate","Havoc","Iron Wave"],"picked":"SKIP","floor":19},{"not_picked":["Battle Trance","Thunderclap"],"picked":"Evolve+1","floor":21},{"not_picked":["Perfected Strike","Seeing Red","Pommel Strike"],"picked":"SKIP","floor":22},{"not_picked":["True Grit","Shrug It Off"],"picked":"Demon Form","floor":23},{"not_picked":["Combust","Thunderclap"],"picked":"Corruption","floor":24},{"not_picked":["Flex","Pommel Strike","True Grit+1"],"picked":"SKIP","floor":27},{"not_picked":["Rage","Warcry","Bloodletting+1"],"picked":"SKIP","floor":29},{"not_picked":["Armaments","Barricade"],"picked":"Wild Strike","floor":31},{"not_picked":["Brutality","Limit Break"],"picked":"Reaper","floor":33},{"not_picked":["Combust+1","Clash","Cleave"],"picked":"SKIP","floor":35},{"not_picked":["Flash of Steel","Purity"],"picked":"Finesse","floor":36},{"not_picked":["Panacea","Discovery"],"picked":"Dark Shackles","floor":36},{"not_picked":["Body Slam+1","Iron Wave","Cleave"],"picked":"SKIP","floor":37}],"player_experience":606301,"relics_obtained":[{"floor":6.0,"key":"FossilizedHelix"},{"floor":9.0,"key":"Potion Belt"},{"floor":12.0,"key":"Paper Frog"},{"floor":23,"key":"Centennial Puzzle"},{"floor":26,"key":"Blood Vial"}],"event_choices":[{"damage_healed":0.0,"max_hp_gain":0.0,"max_hp_loss":0.0,"gold_gain":0.0,"event_name":"Accursed Blacksmith","player_choice":"Forge","floor":11.0,"gold_loss":0.0,"damage_taken":0.0,"cards_upgraded":["Carnage"]},{"damage_healed":0,"gold_gain":0,"player_choice":"Copied","damage_taken":0,"max_hp_gain":0,"max_hp_loss":0,"event_name":"Duplicator","floor":20,"gold_loss":0,"cards_obtained":["Battle Trance"]},{"damage_healed":0,"gold_gain":0,"player_choice":"Memory 3","damage_taken":10,"max_hp_gain":0,"max_hp_loss":0,"event_name":"SensoryStone","floor":36,"gold_loss":0}],"is_beta":false,"boss_relics":[{"not_picked":["Runic Dome","Orrery"],"picked":"Mark of Pain"},{"not_picked":["Fusion Hammer","Tiny House"],"picked":"Astrolabe"}],"items_purged_floors":[38],"is_endless":false,"potions_floor_spawned":[1,5,6,8,18,21,24,27,35],"killed_by":"Writhing Mass","ascension_level":18}