{"gold_per_floor":[110,110,110,120,120,151,151,178,230,230,244,244,276,292,292,389,389,407,322,355,355,368,368,385,385],"floor_reached":25,"playtime":2498,"items_purged":[],"score":296,"play_id":"c562cb15-08a1-4306-bf8c-735d23af2c93","local_time":"20181218212607","is_ascension_mode":true,"campfire_choices":[{"data":"Night Terror","floor":7,"key":"SMITH"},{"floor":10,"key":"REST"},{"data":"After Image","floor":15,"key":"SMITH"},{"data":"Endless Agony","floor":23,"key":"SMITH"}],"neow_cost":"NONE","seed_source_timestamp":480450235429463,"circlet_count":0,"master_deck":["Defend_G","Defend_G+1","Defend_G","Defend_G","Defend_G+1","Strike_G","Strike_G","Strike_G","Strike_G","Strike_G","Survivor","Neutralize","Night Terror+1","Flying Knee","Infinite Blades","Blade Dance","Purity","Caltrops","After Image+1","Envenom","Outmaneuver","Endless Agony+1","Accuracy","Blur"],"relics":["Ring of the Snake","Kunai","Boot","Pear","Anchor","Sozu","Orichalcum","Red Mask","MutagenicStrength"],"potions_floor_usage":[6,13,16,16],"damage_taken":[{"damage":0,"enemies":"Small Slimes","floor":1,"turns":6},{"damage":2,"enemies":"Jaw Worm","floor":4,"turns":4},{"damage":16,"enemies":"Lagavulin","floor":6,"turns":8},{"damage":13,"enemies":"Gremlin Nob","floor":8,"turns":5},{"damage":0,"enemies":"Cultist","floor":11,"turns":3},{"damage":24,"enemies":"3 Sentries","floor":13,"turns":8},{"damage":0,"enemies":"Large Slime","floor":14,"turns":5},{"damage":1,"enemies":"The Guardian","floor":16,"turns":13},{"damage":0,"enemies":"Chosen","floor":18,"turns":5},{"damage":44,"enemies":"Masked Bandits","floor":20,"turns":6},{"damage":0,"enemies":"Shell Parasite","floor":22,"turns":9},{"damage":4,"enemies":"Centurion and Healer","floor":24,"turns":7},{"damage":37,"enemies":"Slavers","floor":25,"turns":5}],"seed_played":"8131600412545697253","potions_obtained":[{"floor":4,"key":"Ancient Potion"},{"floor":8,"key":"PowerPotion"},{"floor":11,"key":"GhostInAJar"},{"floor":13,"key":"Energy Potion"},{"floor":14,"key":"Dexterity Potion"}],"is_trial":false,"path_per_floor":["M","?","?","M","T","E","R","E","T","R","M","?","E","M","R","B",null,"M","?","?","?","M","R","M","E"],"character_chosen":"THE_SILENT","items_purchased":[],"campfire_rested":1,"item_purchase_floors":[],"current_hp_per_floor":[70,56,56,54,54,38,38,35,35,59,59,59,35,35,35,34,80,80,80,36,36,36,36,32,0],"gold":385,"neow_bonus":"ONE_RANDOM_RARE_CARD","is_prod":false,"is_daily":false,"chose_seed":false,"campfire_upgraded":3,"win_rate":0,"timestamp":1545197167,"path_taken":["M","?","?","M","?","E","R","E","T","R","M","?","E","?","R","BOSS","M","?","?","?","M","R","M","E"],"build_version":"2018-12-13","purchased_purges":0,"victory":false,"max_hp_per_floor":[70,70,70,70,70,70,70,80,80,80,80,80,80,80,80,80,80,80,80,80,80,80,80,80,80],"card_choices":[{"not_picked":["PiercingWail","Dagger Throw"],"picked":"Flying Knee","floor":1},{"not_picked":["Blade Dance","Acrobatics"],"picked":"Infinite Blades","floor":4},{"not_picked":["Tools of the Trade","Crippling Poison","Choke"],"picked":"SKIP","floor":6},{"not_picked":["Reflex","Slice","Eviscerate"],"picked":"SKIP","floor":8},{"not_picked":["Expertise","Backflip"],"picked":"Blade Dance","floor":11},{"not_picked":["Bouncing Flask","Concentrate"],"picked":"Caltrops","floor":13},{"not_picked":["Poisoned Stab","Concentrate"],"picked":"After Image","floor":14},{"not_picked":["Phantasmal Killer","Doppelganger"],"picked":"Envenom","floor":16},{"not_picked":["Prepared","Deadly Poison"],"picked":"Outmaneuver","floor":18},{"not_picked":["Riddle With Holes","Deflect+1"],"picked":"Endless Agony","floor":20},{"not_picked":["Bouncing Flask","All Out Attack+1"],"picked":"Accuracy","floor":22},{"not_picked":["Bouncing Flask","Bane"],"picked":"Blur","floor":24}],"player_experience":124924,"relics_obtained":[{"floor":5,"key":"Kunai"},{"floor":6,"key":"Boot"},{"floor":8,"key":"Pear"},{"floor":13,"key":"Anchor"},{"floor":20,"key":"Red Mask"}],"event_choices":[{"damage_healed":0,"gold_gain":0,"player_choice":"Entered Light","damage_taken":14,"max_hp_gain":0,"max_hp_loss":0,"event_name":"Shining Light","floor":2,"gold_loss":0,"cards_upgraded":["Defend_G","Defend_G"]},{"damage_healed":0,"gold_gain":0,"player_choice":"Ignored","damage_taken":0,"max_hp_gain":0,"max_hp_loss":0,"event_name":"Liars Game","floor":3,"gold_loss":0},{"damage_healed":0,"gold_gain":0,"player_choice":"1 cards matched","damage_taken":0,"max_hp_gain":0,"max_hp_loss":0,"event_name":"Match and Keep!","floor":12,"gold_loss":0,"cards_obtained":["Purity"]},{"damage_healed":0,"gold_gain":0,"player_choice":"Obtained Relic","damage_taken":0,"relics_obtained":["Orichalcum"],"max_hp_gain":0,"max_hp_loss":0,"event_name":"Addict","floor":19,"gold_loss":85},{"damage_healed":0,"gold_gain":0,"player_choice":"Fought Bandits","damage_taken":0,"max_hp_gain":0,"max_hp_loss":0,"event_name":"Masked Bandits","floor":20,"gold_loss":0},{"damage_healed":0,"gold_gain":0,"player_choice":"Inject Mutagens","damage_taken":0,"relics_obtained":["MutagenicStrength"],"max_hp_gain":0,"max_hp_loss":0,"event_name":"Drug Dealer","floor":21,"gold_loss":0}],"is_beta":false,"boss_relics":[{"not_picked":["Runic Dome","Tiny House"],"picked":"Sozu"}],"items_purged_floors":[],"is_endless":false,"potions_floor_spawned":[4,8,11,13,14,18],"killed_by":"Slavers","ascension_level":2}