{"gold_per_floor":[114,129,204,219,69,99,99,114,114,129,144,174,189,189,189,289,289,304,189,204,129,129,129,159,186,223,235,262,304,16,46,46,146,146,161,176,176,191,291,291,143,173,198,228,228,258,273,288,288,288],"floor_reached":51,"playtime":4810,"items_purged":["Strike_G","Strike_G","Strike_G"],"score":982,"play_id":"c5a7a5b0-82e2-4f54-bc21-4559945e25de","local_time":"20190615032226","daily_mods":["Specialized","ControlledChaos","Elite Swarm"],"is_ascension_mode":false,"campfire_choices":[{"data":"Adrenaline","floor":7,"key":"SMITH"},{"data":"Footwork","floor":15,"key":"SMITH"},{"data":"Malaise","floor":23,"key":"SMITH"},{"data":"Malaise","floor":27,"key":"SMITH"},{"floor":32,"key":"REST"},{"data":"Catalyst","floor":40,"key":"SMITH"},{"data":"1","floor":49,"key":"LIFT"}],"neow_cost":"","seed_source_timestamp":0,"circlet_count":0,"master_deck":["Defend_G","Defend_G","Defend_G","Defend_G","Defend_G","Strike_G","Survivor","Neutralize","Venomology","Venomology","Venomology","Venomology","Dash","Adrenaline+1","Footwork+1","Deadly Poison","Malaise+1","After Image","Terror","Malaise+1","Predator","Corpse Explosion","Wraith Form v2","After Image","Escape Plan+1","Catalyst+1","PiercingWail"],"special_seed":18062,"relics":["Ring of the Snake","Frozen Eye","Anchor","Unceasing Top","FossilizedHelix","HoveringKite","Nloth\u0027s Gift","MawBank","Orichalcum","Singing Bowl","Chemical X","Happy Flower","Busted Crown","Tingsha","Peace Pipe","Pen Nib","Girya","Mercury Hourglass"],"potions_floor_usage":[1,2,4,4,6,6,6,6,6,6,8,10,10,10,11,11,11,11,12,12,12,12,13,13,13,16,16,18,18,18,18,20,24,24,24,24,25,28,28,28,29,29,29,29,31,31,31,31,33,33,35,36,36,36,36,38,38,39,39,42,44,44,46,47,48,48,48,50,50,50,50,50,50],"damage_taken":[{"damage":4,"enemies":"Cultist","floor":1,"turns":5},{"damage":0,"enemies":"2 Louse","floor":2,"turns":3},{"damage":0,"enemies":"Small Slimes","floor":4,"turns":2},{"damage":20,"enemies":"Lagavulin","floor":6,"turns":6},{"damage":2,"enemies":"2 Fungi Beasts","floor":8,"turns":4},{"damage":5,"enemies":"Exordium Thugs","floor":10,"turns":5},{"damage":0,"enemies":"Looter","floor":11,"turns":3},{"damage":1,"enemies":"3 Sentries","floor":12,"turns":6},{"damage":0,"enemies":"3 Louse","floor":13,"turns":3},{"damage":6,"enemies":"Slime Boss","floor":16,"turns":10},{"damage":0,"enemies":"Chosen","floor":18,"turns":6},{"damage":6,"enemies":"3 Byrds","floor":20,"turns":4},{"damage":0,"enemies":"Gremlin Leader","floor":24,"turns":6},{"damage":0,"enemies":"Snake Plant","floor":25,"turns":5},{"damage":26,"enemies":"3 Cultists","floor":28,"turns":6},{"damage":0,"enemies":"Book of Stabbing","floor":29,"turns":5},{"damage":63,"enemies":"Slavers","floor":31,"turns":8},{"damage":3,"enemies":"Automaton","floor":33,"turns":12},{"damage":0,"enemies":"Orb Walker","floor":35,"turns":5},{"damage":0,"enemies":"3 Darklings","floor":36,"turns":4},{"damage":0,"enemies":"Maw","floor":38,"turns":8},{"damage":9,"enemies":"Mind Bloom Boss Battle","floor":39,"turns":7},{"damage":2,"enemies":"Reptomancer","floor":42,"turns":8},{"damage":0,"enemies":"Giant Head","floor":44,"turns":7},{"damage":0,"enemies":"Nemesis","floor":46,"turns":7},{"damage":0,"enemies":"Transient","floor":47,"turns":5},{"damage":0,"enemies":"Spire Growth","floor":48,"turns":5},{"damage":16,"enemies":"Donu and Deca","floor":50,"turns":7}],"seed_played":"9183149745965414246","potions_obtained":[{"floor":2,"key":"FearPotion"},{"floor":4,"key":"AttackPotion"},{"floor":8,"key":"Regen Potion"},{"floor":13,"key":"Swift Potion"},{"floor":16,"key":"Weak Potion"},{"floor":25,"key":"Weak Potion"},{"floor":28,"key":"Fire Potion"},{"floor":29,"key":"SteroidPotion"},{"floor":39,"key":"SteroidPotion"},{"floor":42,"key":"Block Potion"}],"is_trial":false,"path_per_floor":["M","M","?","M","$","E","R","M","T","M","M","E","M","?","R","B",null,"M","$","M","?","?","R","E","M","T","R","M","E","$","E","R","B",null,"M","M","$","M","?","R","$","E","T","E","?","E","M","M","R","B",null],"character_chosen":"THE_SILENT","items_purchased":["Juzu Bracelet","Terror","Chemical X","PiercingWail"],"campfire_rested":1,"item_purchase_floors":[5,19,30,41],"current_hp_per_floor":[66,66,55,55,55,35,35,33,33,42,42,41,41,80,80,74,80,80,80,74,74,74,74,74,74,74,74,57,57,57,8,32,29,80,82,82,82,82,75,75,75,75,75,77,77,79,81,90,90,74],"gold":288,"neow_bonus":"","is_prod":false,"is_daily":true,"chose_seed":false,"campfire_upgraded":5,"win_rate":0,"timestamp":1560594146,"path_taken":["M","?","?","M","$","E","R","M","T","M","M","E","M","?","R","BOSS","M","$","M","?","?","R","E","M","T","R","M","E","$","E","R","BOSS","M","M","$","M","?","R","$","E","T","E","?","E","M","M","R","BOSS"],"build_version":"2019-01-23","purchased_purges":3,"victory":true,"max_hp_per_floor":[70,70,70,70,70,70,70,70,70,70,70,70,70,80,80,80,80,80,80,80,80,80,80,80,80,80,80,80,80,80,80,80,80,80,82,82,82,82,84,84,84,86,86,88,84,86,88,90,90,90],"card_choices":[{"not_picked":["Prepared","Choke"],"picked":"Dash","floor":1},{"not_picked":["Distraction","Prepared","PiercingWail"],"picked":"SKIP","floor":2},{"not_picked":["Distraction","Outmaneuver","Finisher"],"picked":"SKIP","floor":4},{"not_picked":["Grand Finale","Wraith Form v2"],"picked":"Adrenaline","floor":6},{"not_picked":["Quick Slash","Deflect"],"picked":"Footwork","floor":8},{"not_picked":["Flying Knee","Acrobatics","Slice"],"picked":"SKIP","floor":10},{"not_picked":["Heel Hook","Deflect"],"picked":"Deadly Poison","floor":11},{"not_picked":["After Image","Venomology"],"picked":"Malaise","floor":12},{"not_picked":["Flying Knee","Deadly Poison","Acrobatics"],"picked":"SKIP","floor":13},{"not_picked":["Venomology","A Thousand Cuts"],"picked":"After Image","floor":16},{"not_picked":["Finisher","Underhanded Strike","Choke"],"picked":"SKIP","floor":18},{"not_picked":["Quick Slash+1","Poisoned Stab","Dodge and Roll"],"picked":"SKIP","floor":20},{"not_picked":["Unload","Storm of Steel"],"picked":"Malaise","floor":24},{"not_picked":["Acrobatics+1","Sucker Punch+1"],"picked":"Predator","floor":25},{"not_picked":["Quick Slash","Prepared+1","Underhanded Strike+1"],"picked":"SKIP","floor":28},{"not_picked":["Adrenaline","A Thousand Cuts"],"picked":"Corpse Explosion","floor":29},{"not_picked":["Malaise","Bullet Time"],"picked":"Wraith Form v2","floor":31},{"not_picked":["Die Die Die","Tools of the Trade"],"picked":"After Image","floor":33},{"not_picked":["Dodge and Roll+1"],"picked":"Singing Bowl","floor":35},{"not_picked":[],"picked":"Escape Plan+1","floor":36},{"not_picked":[],"picked":"Catalyst","floor":38},{"not_picked":["Expertise"],"picked":"Singing Bowl","floor":39},{"not_picked":["Phantasmal Killer"],"picked":"Singing Bowl","floor":42},{"not_picked":["Storm of Steel"],"picked":"Singing Bowl","floor":44},{"not_picked":["Venomology"],"picked":"Singing Bowl","floor":46},{"not_picked":["Skewer+1"],"picked":"Singing Bowl","floor":47},{"not_picked":["Quick Slash"],"picked":"Singing Bowl","floor":48}],"player_experience":631442,"relics_obtained":[{"floor":6,"key":"Anchor"},{"floor":9,"key":"Unceasing Top"},{"floor":12,"key":"FossilizedHelix"},{"floor":24,"key":"MawBank"},{"floor":26,"key":"Orichalcum"},{"floor":29,"key":"Singing Bowl"},{"floor":31,"key":"Happy Flower"},{"floor":39,"key":"Tingsha"},{"floor":42,"key":"Peace Pipe"},{"floor":43,"key":"Pen Nib"},{"floor":44,"key":"Girya"},{"floor":46,"key":"Mercury Hourglass"}],"event_choices":[{"damage_healed":0,"gold_gain":75,"player_choice":"Gather Gold","damage_taken":11,"max_hp_gain":0,"max_hp_loss":0,"event_name":"World of Goop","floor":3,"gold_loss":0},{"cards_removed":["Venomology"],"damage_healed":29,"gold_gain":0,"player_choice":"Offered Rare","damage_taken":0,"max_hp_gain":10,"max_hp_loss":0,"event_name":"Bonfire Elementals","floor":14,"gold_loss":0},{"cards_removed":["Strike_G"],"damage_healed":0,"gold_gain":0,"player_choice":"Gave Gold","damage_taken":0,"max_hp_gain":0,"max_hp_loss":0,"event_name":"Beggar","floor":21,"gold_loss":75},{"damage_healed":0,"gold_gain":0,"player_choice":"Traded Relic","damage_taken":0,"relics_obtained":["Nloth\u0027s Gift"],"max_hp_gain":0,"max_hp_loss":0,"event_name":"N\u0027loth","floor":22,"relics_lost":["Juzu Bracelet"],"gold_loss":0},{"damage_healed":0,"gold_gain":0,"player_choice":"Fight","damage_taken":0,"max_hp_gain":0,"max_hp_loss":0,"event_name":"MindBloom","floor":39,"gold_loss":0},{"damage_healed":0,"gold_gain":0,"player_choice":"Max HP","damage_taken":0,"max_hp_gain":0,"max_hp_loss":4,"event_name":"Winding Halls","floor":45,"gold_loss":0}],"is_beta":false,"boss_relics":[{"not_picked":["Snecko Eye","Runic Dome"],"picked":"HoveringKite"},{"not_picked":["Orrery","WristBlade"],"picked":"Busted Crown"}],"items_purged_floors":[19,30,41],"is_endless":false,"potions_floor_spawned":[2,4,8,13,16,25,28,29,39,42,47,48],"ascension_level":0}