{"gold_per_floor":[116,130,130,144,163,163,176,138,185,195,209,225,235,195,195,298,298,298,298,1,1,1,1,1,1,1,1],"floor_reached":27,"playtime":1885,"items_purged":[],"score":213,"play_id":"00808bfb-5fd5-4840-91f5-a3c050dd1936","local_time":"20190616164030","is_ascension_mode":false,"campfire_choices":[{"floor":6,"key":"REST"},{"data":"Twin Strike","floor":15,"key":"SMITH"},{"floor":23,"key":"REST"}],"neow_cost":"NONE","seed_source_timestamp":14755273619400,"circlet_count":0,"master_deck":["Strike_R","Strike_R","Strike_R","Strike_R","Defend_R","Defend_R","Defend_R","Defend_R","Bash","Second Wind","Inflame","Cleave","Ghostly Armor","Flex","Spot Weakness","Twin Strike+1","Armaments","Intimidate","Double Tap","Clothesline","Headbutt","Apotheosis","Fire Breathing","Infernal Blade","Dual Wield","Impervious","Heavy Blade"],"relics":["Burning Blood","Boot","Happy Flower","Ectoplasm","Mummified Hand"],"potions_floor_usage":[2,11,11,16,16,16,18,22],"damage_taken":[{"damage":0,"enemies":"Small Slimes","floor":1,"turns":3},{"damage":19,"enemies":"Cultist","floor":2,"turns":6},{"damage":0,"enemies":"2 Louse","floor":4,"turns":3},{"damage":43,"enemies":"Exordium Thugs","floor":5,"turns":10},{"damage":11,"enemies":"Exordium Wildlife","floor":7,"turns":5},{"damage":0,"enemies":"Large Slime","floor":10,"turns":5},{"damage":1,"enemies":"Gremlin Gang","floor":11,"turns":4},{"damage":8,"enemies":"3 Louse","floor":12,"turns":4},{"damage":10,"enemies":"Looter","floor":13,"turns":3},{"damage":59,"enemies":"Hexaghost","floor":16,"turns":12},{"damage":12,"enemies":"Chosen","floor":18,"turns":6},{"damage":19,"enemies":"Spheric Guardian","floor":19,"turns":4},{"damage":27,"enemies":"Snecko","floor":22,"turns":6},{"damage":14,"enemies":"Snake Plant","floor":24,"turns":6},{"damage":38,"enemies":"Shelled Parasite and Fungi","floor":25,"turns":5},{"damage":29,"enemies":"Centurion and Healer","floor":27,"turns":5}],"seed_played":"9062613159656463367","potions_obtained":[{"floor":1,"key":"GamblersBrew"},{"floor":5,"key":"PowerPotion"},{"floor":10,"key":"SkillPotion"},{"floor":14,"key":"LiquidBronze"},{"floor":14,"key":"BloodPotion"},{"floor":14,"key":"Regen Potion"},{"floor":16,"key":"EssenceOfSteel"},{"floor":19,"key":"SpeedPotion"}],"is_trial":false,"path_per_floor":["M","M","?","M","M","R","M","?","T","M","M","M","M","?","R","B",null,"M","M","$","?","M","R","M","M","T","M"],"character_chosen":"IRONCLAD","items_purchased":["Apotheosis","Fire Breathing","Infernal Blade"],"campfire_rested":2,"item_purchase_floors":[20,20,20],"current_hp_per_floor":[80,67,67,73,36,60,55,55,55,61,66,64,60,60,60,30,80,74,61,61,66,45,69,61,29,29,0],"gold":1,"neow_bonus":"RANDOM_COMMON_RELIC","is_prod":false,"is_daily":false,"chose_seed":false,"campfire_upgraded":1,"win_rate":0.0,"timestamp":1560699630,"path_taken":["M","M","?","M","M","R","M","?","T","M","M","M","M","?","R","BOSS","M","M","$","?","M","R","M","?","T","M"],"build_version":"2019-01-23","purchased_purges":0,"victory":false,"max_hp_per_floor":[80,80,80,80,80,80,80,80,80,80,80,80,80,80,80,80,80,80,80,80,80,80,80,80,80,80,80],"card_choices":[{"not_picked":["Sword Boomerang","Shrug It Off"],"picked":"Second Wind","floor":1},{"not_picked":["Feel No Pain","Warcry"],"picked":"Inflame","floor":2},{"not_picked":["Clash","Power Through"],"picked":"True Grit","floor":4},{"not_picked":["Sever Soul","Shrug It Off"],"picked":"Ghostly Armor","floor":5},{"not_picked":["Heavy Blade","Clothesline"],"picked":"Flex","floor":7},{"not_picked":["Anger","Flex"],"picked":"Spot Weakness","floor":10},{"not_picked":["Battle Trance","Berserk"],"picked":"Twin Strike","floor":11},{"not_picked":["Twin Strike","Warcry"],"picked":"Armaments","floor":12},{"not_picked":["Flex","Corruption"],"picked":"Intimidate","floor":13},{"not_picked":["Berserk","Reaper"],"picked":"Double Tap","floor":16},{"not_picked":["Metallicize","Perfected Strike"],"picked":"Clothesline","floor":18},{"not_picked":["Whirlwind","Clash+1"],"picked":"Headbutt","floor":19},{"not_picked":["Warcry","Power Through"],"picked":"Dual Wield","floor":22},{"not_picked":["Body Slam","Hemokinesis"],"picked":"Impervious","floor":24},{"not_picked":["Twin Strike","Clash+1"],"picked":"Heavy Blade","floor":25}],"player_experience":66777,"relics_obtained":[{"floor":9,"key":"Happy Flower"},{"floor":26,"key":"Mummified Hand"}],"event_choices":[{"damage_healed":0,"gold_gain":0,"cards_transformed":["Strike_R"],"player_choice":"Change","damage_taken":0,"max_hp_gain":0,"max_hp_loss":0,"event_name":"Living Wall","floor":3,"gold_loss":0,"cards_obtained":["Cleave"]},{"damage_healed":0,"gold_gain":0,"player_choice":"Left Gold","damage_taken":0,"max_hp_gain":0,"max_hp_loss":0,"event_name":"World of Goop","floor":8,"gold_loss":38},{"damage_healed":0,"gold_gain":0,"player_choice":"Bought 3 Potions","damage_taken":0,"max_hp_gain":0,"max_hp_loss":0,"event_name":"The Woman in Blue","floor":14,"gold_loss":0},{"cards_removed":["True Grit"],"damage_healed":5,"gold_gain":0,"player_choice":"Offered Common","damage_taken":0,"max_hp_gain":0,"max_hp_loss":0,"event_name":"Bonfire Elementals","floor":21,"gold_loss":0},{"cards_removed":["True Grit"],"damage_healed":5,"gold_gain":0,"player_choice":"Offered Special","damage_taken":0,"max_hp_gain":0,"max_hp_loss":0,"event_name":"Bonfire Elementals","floor":21,"gold_loss":0}],"is_beta":false,"boss_relics":[{"not_picked":["Snecko Eye","Fusion Hammer"],"picked":"Ectoplasm"}],"items_purged_floors":[],"is_endless":false,"potions_floor_spawned":[1,5,10,16,19],"killed_by":"Centurion and Healer","ascension_level":0}