{"gold_per_floor":[216,216,232,251,15,48,48,83,135,135,148,163,179,179,179,256,256,267,267,267,267,267,299,319,111,111,111,111,138,138,149,149,222,222,235,249,259,28,0,27,27,46,46,46,65,65,65,80,80,80,80,80,80,110,110],"floor_reached":55,"playtime":4889,"items_purged":["Strike_R"],"score":1286,"play_id":"ce25a8f5-42e8-4fd4-805e-53ce3691cbc1","local_time":"20190309031840","is_ascension_mode":true,"campfire_choices":[{"data":"Bash","floor":7,"key":"SMITH"},{"data":"Battle Trance","floor":10,"key":"SMITH"},{"data":"Anger","floor":15,"key":"SMITH"},{"floor":27,"key":"RECALL"},{"floor":30,"key":"REST"},{"data":"Clothesline","floor":32,"key":"SMITH"},{"data":"Barricade","floor":44,"key":"SMITH"},{"data":"Exhume","floor":47,"key":"SMITH"},{"floor":49,"key":"REST"},{"data":"Discovery","floor":52,"key":"SMITH"}],"neow_cost":"NONE","seed_source_timestamp":1770358874715396,"circlet_count":0,"master_deck":["AscendersBane","Strike_R+1","Strike_R+1","Strike_R+1","Defend_R+1","Defend_R+1","Defend_R+1","Defend_R+1","Bash+1","Anger+1","Disarm+1","Battle Trance+1","Metallicize","Exhume+1","Rampage","Cleave+1","Clothesline+1","Shrug It Off+1","Headbutt","Shrug It Off","Barricade+1","Armaments+1","Discovery+1","Shrug It Off","Armaments+1"],"relics":["Burning Blood","Centennial Puzzle","Bottled Lightning","Regal Pillow","Juzu Bracelet","Sozu","MutagenicStrength","Letter Opener","War Paint","Nilry\u0027s Codex","Dead Branch","Cursed Key","Medical Kit","Red Mask","Omamori","Blood Vial","Sundial"],"potions_floor_usage":[6,16,16,16,18,23],"damage_taken":[{"damage":2,"enemies":"2 Louse","floor":1,"turns":2},{"damage":1,"enemies":"Cultist","floor":3,"turns":3},{"damage":11,"enemies":"Jaw Worm","floor":4,"turns":4},{"damage":18,"enemies":"Gremlin Nob","floor":6,"turns":4},{"damage":26,"enemies":"3 Sentries","floor":8,"turns":8},{"damage":11,"enemies":"Red Slaver","floor":11,"turns":2},{"damage":5,"enemies":"Blue Slaver","floor":12,"turns":3},{"damage":5,"enemies":"Large Slime","floor":13,"turns":4},{"damage":4,"enemies":"Hexaghost","floor":16,"turns":7},{"damage":6,"enemies":"2 Thieves","floor":18,"turns":4},{"damage":25,"enemies":"Slavers","floor":23,"turns":6},{"damage":0,"enemies":"Chosen","floor":24,"turns":4},{"damage":20,"enemies":"Book of Stabbing","floor":29,"turns":8},{"damage":25,"enemies":"Shelled Parasite and Fungi","floor":31,"turns":3},{"damage":42,"enemies":"Collector","floor":33,"turns":11},{"damage":0,"enemies":"3 Shapes","floor":35,"turns":8},{"damage":6,"enemies":"3 Darklings","floor":36,"turns":4},{"damage":34,"enemies":"Maw","floor":37,"turns":9},{"damage":11,"enemies":"Giant Head","floor":40,"turns":8},{"damage":4,"enemies":"Jaw Worm Horde","floor":42,"turns":4},{"damage":0,"enemies":"Sphere and 2 Shapes","floor":45,"turns":3},{"damage":10,"enemies":"Writhing Mass","floor":48,"turns":9},{"damage":52,"enemies":"Donu and Deca","floor":50,"turns":10},{"damage":66,"enemies":"Shield and Spear","floor":54,"turns":10},{"damage":50,"enemies":"The Heart","floor":55,"turns":2}],"seed_played":"8053336503725255689","potions_obtained":[{"floor":3,"key":"Block Potion"},{"floor":6,"key":"EntropicBrew"},{"floor":8,"key":"FearPotion"},{"floor":16,"key":"Fire Potion"}],"is_trial":false,"path_per_floor":["M","?","M","M","$","E","R","E","T","R","M","M","M","$","R","B",null,"M","?","?","?","?","E","M","$","T","R","?","E","R","M","R","B",null,"M","M","M","$","?","E","?","M","T","R","M","?","R","M","R","B",null,"R","$","E","B"],"character_chosen":"IRONCLAD","items_purchased":["Centennial Puzzle","War Paint","Headbutt","Medical Kit"],"campfire_rested":2,"item_purchase_floors":[5,25,25,38],"current_hp_per_floor":[72,72,75,70,70,58,58,38,38,38,33,34,35,35,35,37,66,66,66,66,66,85,66,72,72,72,72,51,37,77,58,58,22,69,75,75,47,47,47,42,42,44,44,44,52,52,52,50,85,39,74,74,74,16,0],"gold":110,"neow_bonus":"HUNDRED_GOLD","is_prod":false,"is_daily":false,"chose_seed":false,"campfire_upgraded":7,"win_rate":0,"timestamp":1552090720,"path_taken":["M","?","M","?","$","E","R","E","T","R","M","M","M","$","R","BOSS","M","?","?","?","?","E","M","$","T","R","?","E","R","M","R","BOSS","M","M","M","$","?","E","?","M","T","R","M","?","R","M","R","BOSS","R","$","E","BOSS"],"build_version":"2019-01-23","purchased_purges":1,"victory":false,"max_hp_per_floor":[75,75,75,75,75,75,75,75,75,75,75,75,75,75,75,75,75,75,75,75,75,85,85,85,85,85,85,85,85,85,85,85,85,85,85,85,85,85,85,85,85,85,85,85,85,85,85,85,85,85,85,85,85,85,85],"card_choices":[{"not_picked":["Havoc","Flex"],"picked":"Anger","floor":1},{"not_picked":["True Grit","Clothesline"],"picked":"Disarm","floor":3},{"not_picked":["Flex","Fire Breathing"],"picked":"Battle Trance","floor":4},{"not_picked":["Havoc","Iron Wave"],"picked":"Metallicize","floor":6},{"not_picked":["Havoc","Infernal Blade","Reckless Charge"],"picked":"SKIP","floor":8},{"not_picked":["Havoc","Twin Strike"],"picked":"Exhume","floor":11},{"not_picked":["Reckless Charge","Thunderclap","Bloodletting"],"picked":"SKIP","floor":12},{"not_picked":["True Grit","Heavy Blade"],"picked":"Rampage","floor":13},{"not_picked":["Bludgeon","Barricade"],"picked":"Impervious","floor":16},{"not_picked":["Havoc+1","Warcry"],"picked":"Cleave+1","floor":18},{"not_picked":["Anger","Dual Wield"],"picked":"Clothesline","floor":23},{"not_picked":["Infernal Blade","Power Through"],"picked":"Shrug It Off","floor":24},{"not_picked":["Anger","Double Tap","Heavy Blade"],"picked":"SKIP","floor":29},{"not_picked":["Intimidate","Armaments"],"picked":"Shrug It Off","floor":31},{"not_picked":["Berserk","Bludgeon"],"picked":"Barricade","floor":33},{"not_picked":["Clothesline","Thunderclap"],"picked":"Armaments+1","floor":35},{"not_picked":["Cleave","Sword Boomerang","Clothesline"],"picked":"SKIP","floor":36},{"not_picked":["Armaments+1","Blood for Blood","Searing Blow"],"picked":"SKIP","floor":37},{"not_picked":["Double Tap","Sentinel","Headbutt"],"picked":"SKIP","floor":40},{"not_picked":["Mind Blast","Flash of Steel"],"picked":"Discovery","floor":41},{"not_picked":["Clash","Sever Soul+1","Body Slam"],"picked":"SKIP","floor":42},{"not_picked":["Cleave","Anger"],"picked":"Shrug It Off","floor":45},{"not_picked":["Heavy Blade","Rupture","Warcry+1"],"picked":"SKIP","floor":48},{"not_picked":["Thunderclap","Clash"],"picked":"Armaments+1","floor":54}],"player_experience":257136,"relics_obtained":[{"floor":6,"key":"Bottled Lightning"},{"floor":8,"key":"Regal Pillow"},{"floor":9,"key":"Juzu Bracelet"},{"floor":23,"key":"Letter Opener"},{"floor":28,"key":"Nilry\u0027s Codex"},{"floor":29,"key":"Dead Branch"},{"floor":40,"key":"Omamori"},{"floor":43,"key":"Blood Vial"},{"floor":54,"key":"Sundial"}],"event_choices":[{"cards_removed":["Strike_R"],"damage_healed":0,"gold_gain":0,"player_choice":"Purged","damage_taken":0,"max_hp_gain":0,"max_hp_loss":0,"event_name":"Purifier","floor":2,"gold_loss":0},{"damage_healed":0,"gold_gain":0,"player_choice":"Simplicity","damage_taken":0,"max_hp_gain":0,"max_hp_loss":0,"event_name":"Back to Basics","floor":19,"gold_loss":0,"cards_upgraded":["Strike_R","Strike_R","Strike_R","Defend_R","Defend_R","Defend_R","Defend_R"]},{"damage_healed":0,"gold_gain":0,"player_choice":"0 cards matched","damage_taken":0,"max_hp_gain":0,"max_hp_loss":0,"event_name":"Match and Keep!","floor":20,"gold_loss":0,"cards_obtained":[]},{"damage_healed":0,"gold_gain":0,"player_choice":"Inject Mutagens","damage_taken":0,"relics_obtained":["MutagenicStrength"],"max_hp_gain":0,"max_hp_loss":0,"event_name":"Drug Dealer","floor":21,"gold_loss":0},{"cards_removed":["Impervious"],"damage_healed":9,"gold_gain":0,"player_choice":"Offered Rare","damage_taken":0,"max_hp_gain":10,"max_hp_loss":0,"event_name":"Bonfire Elementals","floor":22,"gold_loss":0},{"damage_healed":0,"gold_gain":0,"player_choice":"Obtained Book","damage_taken":21,"max_hp_gain":0,"max_hp_loss":0,"event_name":"Cursed Tome","floor":28,"gold_loss":0},{"damage_healed":0,"gold_gain":0,"player_choice":"Paid","damage_taken":0,"relics_obtained":["Red Mask"],"max_hp_gain":0,"max_hp_loss":0,"event_name":"Tomb of Lord Red Mask","floor":39,"gold_loss":28},{"damage_healed":0,"gold_gain":0,"player_choice":"Memory 1","damage_taken":0,"max_hp_gain":0,"max_hp_loss":0,"event_name":"SensoryStone","floor":41,"gold_loss":0},{"damage_healed":0,"gold_gain":0,"player_choice":"Leave","damage_taken":0,"max_hp_gain":0,"max_hp_loss":0,"event_name":"FaceTrader","floor":46,"gold_loss":0}],"is_beta":false,"boss_relics":[{"not_picked":["Lizard Tail","Calling Bell"],"picked":"Sozu"},{"not_picked":["Velvet Choker","Fusion Hammer"],"picked":"Cursed Key"}],"items_purged_floors":[5],"is_endless":false,"potions_floor_spawned":[3,6,8,16,23,29,31,35,36,42,45],"killed_by":"The Heart","ascension_level":17}