{"gold_per_floor":[110,61,27,43,58,58,58,73,142,159,234,267,267,327,327,327],"floor_reached":16,"playtime":502,"items_purged":[],"score":130,"play_id":"7fcce23d-7901-49ce-9103-6d10a69cbd8a","local_time":"20190106012400","is_ascension_mode":true,"campfire_choices":[{"data":"Cloak And Dagger","floor":6,"key":"SMITH"},{"floor":15,"key":"REST"}],"neow_cost":"NONE","seed_source_timestamp":897641076433,"circlet_count":0,"master_deck":["Defend_G","Defend_G","Defend_G","Defend_G","Defend_G","Strike_G","Strike_G","Strike_G","Strike_G","Survivor","Neutralize","Accuracy","Deadly Poison","Footwork","Deadly Poison","Cloak And Dagger+1","Well Laid Plans","Deadly Poison+1","Poisoned Stab","Leg Sweep+1"],"relics":["Ring of the Snake","NeowsBlessing","Toxic Egg 2","Orichalcum","Question Card"],"potions_floor_usage":[12,16],"damage_taken":[{"damage":0,"enemies":"Cultist","floor":1,"turns":1},{"damage":0,"enemies":"Small Slimes","floor":4,"turns":1},{"damage":0,"enemies":"Jaw Worm","floor":5,"turns":1},{"damage":12,"enemies":"3 Louse","floor":8,"turns":4},{"damage":2,"enemies":"Blue Slaver","floor":10,"turns":4},{"damage":2,"enemies":"3 Sentries","floor":12,"turns":10},{"damage":20,"enemies":"Gremlin Nob","floor":14,"turns":4},{"damage":40,"enemies":"Slime Boss","floor":16,"turns":6}],"seed_played":"3135147655955787266","potions_obtained":[{"floor":1,"key":"EssenceOfSteel"},{"floor":5,"key":"Energy Potion"}],"is_trial":false,"path_per_floor":["M","$","$","M","M","R","$","M","T","M","?","E","?","?","R","B"],"character_chosen":"THE_SILENT","items_purchased":["Deadly Poison","Footwork"],"campfire_rested":1,"item_purchase_floors":[2,3],"current_hp_per_floor":[63,63,63,63,63,63,63,51,51,49,38,36,29,9,30,0],"gold":327,"neow_bonus":"THREE_ENEMY_KILL","is_prod":false,"is_daily":false,"chose_seed":false,"campfire_upgraded":1,"win_rate":0,"timestamp":1546766640,"path_taken":["M","?","$","M","M","R","$","M","T","M","?","E","?","?","R","BOSS"],"build_version":"2019-01-03v4","purchased_purges":0,"victory":false,"max_hp_per_floor":[70,70,70,70,70,70,70,70,70,70,70,70,70,70,70,70],"card_choices":[{"not_picked":["Underhanded Strike","Bane"],"picked":"Accuracy","floor":1},{"not_picked":["Deadly Poison","Calculated Gamble","Well Laid Plans"],"picked":"SKIP","floor":4},{"not_picked":["Calculated Gamble","Well Laid Plans"],"picked":"Deadly Poison","floor":4},{"not_picked":["Slice","Reflex"],"picked":"Cloak And Dagger","floor":5},{"not_picked":["Endless Agony","Slice"],"picked":"Well Laid Plans","floor":8},{"not_picked":["Doppelganger+1","Sucker Punch"],"picked":"Deadly Poison+1","floor":10},{"not_picked":["Endless Agony","Underhanded Strike"],"picked":"Poisoned Stab","floor":12},{"not_picked":["Choke","Backstab","Dodge and Roll+1"],"picked":"Leg Sweep+1","floor":14}],"player_experience":279064,"relics_obtained":[{"floor":9,"key":"Toxic Egg 2"},{"floor":12,"key":"Orichalcum"}],"event_choices":[{"damage_healed":0,"gold_gain":75,"player_choice":"Gather Gold","damage_taken":11,"max_hp_gain":0,"max_hp_loss":0,"event_name":"World of Goop","floor":11,"gold_loss":0},{"cards_removed":["Strike_G"],"damage_healed":0,"gold_gain":0,"player_choice":"Card Removal","damage_taken":7,"max_hp_gain":0,"max_hp_loss":0,"event_name":"Golden Wing","floor":13,"gold_loss":0},{"damage_healed":0,"gold_gain":0,"player_choice":"Searched \u00272\u0027 times","damage_taken":0,"relics_obtained":["Question Card"],"max_hp_gain":0,"max_hp_loss":0,"event_name":"Dead Adventurer","floor":14,"gold_loss":0}],"is_beta":false,"boss_relics":[],"items_purged_floors":[],"is_endless":false,"potions_floor_spawned":[1,5],"killed_by":"Slime Boss","ascension_level":6}