{"gold_per_floor":[109,109,109,120,135,135,161,161,161,161,39,39,53,115,115,220,220,235,235,435,360,372,402,417,417,417,433,433,433,433,433,433,529,529,547,547,559,559,582,582,582,582,609,627,627,627,0,17,17,17],"floor_reached":50,"playtime":2210,"items_purged":["Strike_G"],"score":683,"play_id":"9e63ca47-0f19-4e7b-8fa0-6dd96d33be29","local_time":"20190125011941","is_ascension_mode":true,"campfire_choices":[{"data":"Quick Slash","floor":6,"key":"SMITH"},{"data":"Crippling Poison","floor":8,"key":"SMITH"},{"floor":10,"key":"REST"},{"data":"Corpse Explosion","floor":15,"key":"SMITH"},{"floor":25,"key":"REST"},{"floor":30,"key":"REST"},{"data":"Backflip","floor":32,"key":"SMITH"},{"data":"Bouncing Flask","floor":40,"key":"SMITH"},{"data":"Flying Knee","floor":42,"key":"SMITH"},{"data":"Neutralize","floor":46,"key":"SMITH"},{"floor":49,"key":"REST"}],"neow_cost":"NONE","seed_source_timestamp":1431445061486237,"circlet_count":0,"master_deck":["Defend_G","Defend_G","Defend_G","Defend_G","Defend_G+1","Strike_G","Survivor","Neutralize+1","Flying Knee+1","Quick Slash+1","Backstab","Crippling Poison+1","Backflip+1","Escape Plan","Corpse Explosion+1","Bullet Time+1","Dash+1","Deadly Poison+1","Noxious Fumes+1","Decay","After Image+1","Catalyst+1","Bouncing Flask+1","Backflip+1","A Thousand Cuts+1","Calculated Gamble"],"relics":["Ring of the Snake","Pantograph","Juzu Bracelet","Frozen Egg 2","Pen Nib","White Beast Statue","Torii","Sundial","War Paint","Turnip","Orrery","Boot","Lantern","Red Mask"],"potions_floor_usage":[16,22,22,22,22,22,23,24,33,35,37,44,48],"damage_taken":[{"damage":1,"enemies":"Small Slimes","floor":1,"turns":4},{"damage":0,"enemies":"Jaw Worm","floor":4,"turns":4},{"damage":0,"enemies":"2 Louse","floor":5,"turns":2},{"damage":27,"enemies":"3 Sentries","floor":7,"turns":11},{"damage":2,"enemies":"Gremlin Gang","floor":13,"turns":4},{"damage":14,"enemies":"3 Sentries","floor":14,"turns":10},{"damage":8,"enemies":"The Guardian","floor":16,"turns":9},{"damage":17,"enemies":"Shell Parasite","floor":18,"turns":7},{"damage":3,"enemies":"Chosen","floor":22,"turns":4},{"damage":38,"enemies":"Gremlin Leader","floor":23,"turns":7},{"damage":10,"enemies":"Snecko","floor":24,"turns":6},{"damage":19,"enemies":"Shelled Parasite and Fungi","floor":27,"turns":7},{"damage":44,"enemies":"Collector","floor":33,"turns":7},{"damage":9,"enemies":"3 Darklings","floor":35,"turns":3},{"damage":8,"enemies":"Orb Walker","floor":37,"turns":3},{"damage":1,"enemies":"Sphere and 2 Shapes","floor":44,"turns":4},{"damage":0,"enemies":"Maw","floor":48,"turns":5},{"damage":116,"enemies":"Awakened One","floor":50,"turns":13}],"seed_played":"-2368713563114777526","potions_obtained":[{"floor":7,"key":"Weak Potion"},{"floor":13,"key":"Weak Potion"},{"floor":14,"key":"EntropicBrew"},{"floor":16,"key":"Regen Potion"},{"floor":22,"key":"FairyPotion"},{"floor":23,"key":"SneckoOil"},{"floor":24,"key":"FairyPotion"},{"floor":27,"key":"PowerPotion"},{"floor":33,"key":"SkillPotion"},{"floor":35,"key":"Explosive Potion"},{"floor":37,"key":"Ancient Potion"},{"floor":44,"key":"SkillPotion"},{"floor":48,"key":"GamblersBrew"}],"is_trial":false,"path_per_floor":["M","?","?","M","M","R","E","R","T","R","$","?","M","?","R","B",null,"M","?","?","?","M","E","M","R","T","M","?","?","R","T","R","B",null,"M","?","M","?","T","R","?","R","T","M","?","R","?","M","R","B"],"character_chosen":"THE_SILENT","items_purchased":["Backflip"],"campfire_rested":4,"item_purchase_floors":[11],"current_hp_per_floor":[62,55,48,48,48,48,21,21,21,42,42,47,45,31,31,48,68,51,51,51,51,62,24,14,36,36,17,17,17,39,39,39,20,61,52,52,44,44,44,44,44,44,44,43,43,43,43,43,65,0],"gold":17,"neow_bonus":"THREE_CARDS","is_prod":false,"is_daily":false,"chose_seed":false,"campfire_upgraded":7,"win_rate":0,"timestamp":1548407981,"path_taken":["M","?","?","M","M","R","E","R","T","R","$","?","M","?","R","BOSS","M","?","?","?","M","E","M","R","T","M","?","?","R","?","R","BOSS","M","?","M","?","?","R","?","R","T","M","?","R","?","M","R","BOSS"],"build_version":"2019-01-23","purchased_purges":1,"victory":false,"max_hp_per_floor":[70,70,70,70,70,70,70,70,70,70,70,75,75,75,75,75,75,75,75,75,75,75,75,75,75,75,75,75,75,75,75,75,75,75,75,75,75,75,75,75,75,75,75,75,75,75,75,75,75,75],"card_choices":[{"not_picked":["Prepared","Poisoned Stab"],"picked":"Flying Knee","floor":0},{"not_picked":["Poisoned Stab","Dodge and Roll"],"picked":"Quick Slash","floor":1},{"not_picked":["Masterful Stab","Quick Slash","Dagger Throw"],"picked":"SKIP","floor":4},{"not_picked":["Finisher","Riddle With Holes"],"picked":"Backstab","floor":5},{"not_picked":["All Out Attack","Storm of Steel"],"picked":"Crippling Poison","floor":7},{"not_picked":["Prepared","Deflect"],"picked":"Escape Plan","floor":13},{"not_picked":["Backflip","Underhanded Strike"],"picked":"Corpse Explosion","floor":14},{"not_picked":["Tools of the Trade+1","Storm of Steel"],"picked":"Bullet Time","floor":16},{"not_picked":["Bane","Dagger Throw"],"picked":"Dash","floor":18},{"not_picked":["Dagger Spray","Cloak And Dagger","Deflect"],"picked":"SKIP","floor":22},{"not_picked":["Bullet Time","Dagger Spray+1","Deflect+1"],"picked":"SKIP","floor":23},{"not_picked":["Outmaneuver","Acrobatics"],"picked":"Deadly Poison+1","floor":24},{"not_picked":["Backflip","Dagger Throw"],"picked":"Noxious Fumes+1","floor":27},{"not_picked":["Corpse Explosion","Bullet Time"],"picked":"After Image+1","floor":33},{"not_picked":["Blade Dance","Acrobatics"],"picked":"Catalyst+1","floor":34},{"not_picked":["Dodge and Roll","Blade Dance"],"picked":"Bouncing Flask","floor":35},{"not_picked":["Flying Knee+1","Underhanded Strike+1","Masterful Stab"],"picked":"SKIP","floor":37},{"not_picked":["Poisoned Stab","Quick Slash+1"],"picked":"Backflip+1","floor":44},{"not_picked":["Blade Dance","Acrobatics"],"picked":"Calculated Gamble","floor":48}],"player_experience":393159,"relics_obtained":[{"floor":7,"key":"Juzu Bracelet"},{"floor":9,"key":"Frozen Egg 2"},{"floor":23,"key":"Torii"},{"floor":26,"key":"Sundial"},{"floor":31,"key":"Turnip"},{"floor":39,"key":"Boot"},{"floor":43,"key":"Lantern"}],"event_choices":[{"damage_healed":0,"gold_gain":0,"player_choice":"Success","damage_taken":7,"relics_obtained":["Pantograph"],"max_hp_gain":0,"max_hp_loss":0,"event_name":"Scrap Ooze","floor":2,"gold_loss":0},{"cards_removed":["Strike_G"],"damage_healed":0,"gold_gain":0,"player_choice":"Card Removal","damage_taken":7,"max_hp_gain":0,"max_hp_loss":0,"event_name":"Golden Wing","floor":3,"gold_loss":0},{"damage_healed":0,"gold_gain":0,"player_choice":"Donut","damage_taken":0,"max_hp_gain":5,"max_hp_loss":0,"event_name":"Big Fish","floor":12,"gold_loss":0},{"damage_healed":0,"gold_gain":0,"player_choice":"Searched \u00273\u0027 times","damage_taken":0,"relics_obtained":["Pen Nib"],"max_hp_gain":0,"max_hp_loss":0,"event_name":"Dead Adventurer","floor":14,"gold_loss":0},{"damage_healed":0,"gold_gain":0,"player_choice":"Ignored","damage_taken":0,"max_hp_gain":0,"max_hp_loss":0,"event_name":"Vampires","floor":19,"gold_loss":0},{"damage_healed":0,"gold_gain":200,"player_choice":"Gold","damage_taken":0,"max_hp_gain":0,"max_hp_loss":0,"event_name":"Wheel of Change","floor":20,"gold_loss":0},{"cards_removed":["Strike_G"],"damage_healed":0,"gold_gain":0,"player_choice":"Gave Gold","damage_taken":0,"max_hp_gain":0,"max_hp_loss":0,"event_name":"Beggar","floor":21,"gold_loss":75},{"damage_healed":0,"gold_gain":0,"player_choice":"Smashed Altar","damage_taken":0,"max_hp_gain":0,"max_hp_loss":0,"event_name":"Forgotten Altar","floor":28,"gold_loss":0,"cards_obtained":["Decay"]},{"damage_healed":0,"gold_gain":0,"player_choice":"Opened","damage_taken":0,"relics_obtained":["War Paint"],"max_hp_gain":0,"max_hp_loss":0,"event_name":"The Mausoleum","floor":29,"gold_loss":0},{"damage_healed":0,"gold_gain":0,"player_choice":"Memory 1","damage_taken":0,"max_hp_gain":0,"max_hp_loss":0,"event_name":"SensoryStone","floor":36,"gold_loss":0},{"cards_removed":["Strike_G"],"damage_healed":0,"gold_gain":0,"player_choice":"Removed Attack","damage_taken":0,"max_hp_gain":0,"max_hp_loss":0,"event_name":"Falling","floor":38,"gold_loss":0},{"damage_healed":0,"gold_gain":0,"player_choice":"Forge","damage_taken":0,"max_hp_gain":0,"max_hp_loss":0,"event_name":"Accursed Blacksmith","floor":41,"gold_loss":0,"cards_upgraded":["Dash"]},{"damage_healed":0,"gold_gain":0,"player_choice":"1 cards matched","damage_taken":0,"max_hp_gain":0,"max_hp_loss":0,"event_name":"Match and Keep!","floor":45,"gold_loss":0,"cards_obtained":["A Thousand Cuts"]},{"damage_healed":0,"gold_gain":0,"player_choice":"Paid","damage_taken":0,"relics_obtained":["Red Mask"],"max_hp_gain":0,"max_hp_loss":0,"event_name":"Tomb of Lord Red Mask","floor":47,"gold_loss":627}],"is_beta":false,"boss_relics":[{"not_picked":["Coffee Dripper","Busted Crown"],"picked":"White Beast Statue"},{"not_picked":["Philosopher\u0027s Stone","Calling Bell"],"picked":"Orrery"}],"items_purged_floors":[11],"is_endless":false,"potions_floor_spawned":[7,13,14,16,18,22,23,24,27,33,35,37,44,48],"killed_by":"Awakened One","ascension_level":9}