{"gold_per_floor":[115,135,7,22,36,36,36,36,36,36,36,54,54,73,73,196,196,216,216,216,235,55,55,55],"floor_reached":24,"playtime":846,"items_purged":["Strike_G","Strike_G"],"score":279,"play_id":"a87753e5-0866-45c0-8a8f-d3cadc3bdf0d","local_time":"20190127115445","is_ascension_mode":true,"campfire_choices":[{"data":"Bouncing Flask","floor":6,"key":"SMITH"},{"data":"Terror","floor":13,"key":"SMITH"},{"data":"Backflip","floor":15,"key":"SMITH"},{"floor":23,"key":"REST"}],"neow_cost":"NONE","seed_source_timestamp":1643709178471983,"circlet_count":0,"master_deck":["AscendersBane","Defend_G","Defend_G","Defend_G","Defend_G","Defend_G","Strike_G","Strike_G","Survivor","Neutralize","Unload","Acrobatics","Backflip","Bouncing Flask+1","Terror+1","Parasite","Backflip+1","Burst","Cloak And Dagger+1","Noxious Fumes"],"relics":["Ring of the Snake","Pen Nib","Golden Idol","Eternal Feather","Enchiridion"],"potions_floor_usage":[16,16,16,21],"damage_taken":[{"damage":1,"enemies":"Cultist","floor":1,"turns":4},{"damage":1,"enemies":"Jaw Worm","floor":2,"turns":3},{"damage":12,"enemies":"Small Slimes","floor":4,"turns":4},{"damage":6,"enemies":"3 Louse","floor":5,"turns":4},{"damage":0,"enemies":"Blue Slaver","floor":12,"turns":3},{"damage":0,"enemies":"Large Slime","floor":14,"turns":6},{"damage":18,"enemies":"Hexaghost","floor":16,"turns":6},{"damage":11,"enemies":"Spheric Guardian","floor":18,"turns":3},{"damage":26,"enemies":"3 Byrds","floor":21,"turns":6},{"damage":40,"enemies":"Slavers","floor":24,"turns":2}],"seed_played":"2417567475332672668","potions_obtained":[{"floor":2,"key":"LiquidBronze"},{"floor":5,"key":"Strength Potion"},{"floor":12,"key":"Dexterity Potion"},{"floor":16,"key":"PowerPotion"}],"is_trial":false,"path_per_floor":["M","M","$","M","M","R","$","?","T","?","?","M","R","M","R","B",null,"M","?","?","M","$","R","E"],"character_chosen":"THE_SILENT","items_purchased":["Backflip","Noxious Fumes"],"campfire_rested":1,"item_purchase_floors":[3,22],"current_hp_per_floor":[62,61,61,49,43,43,43,36,36,19,36,36,36,36,36,18,57,46,46,30,4,4,37,0],"gold":55,"neow_bonus":"ONE_RANDOM_RARE_CARD","is_prod":false,"is_daily":false,"chose_seed":false,"campfire_upgraded":3,"win_rate":0,"timestamp":1548618885,"path_taken":["M","M","$","?","M","R","$","?","T","?","?","M","R","M","R","BOSS","M","?","?","M","$","R","E"],"build_version":"2019-01-23","purchased_purges":2,"victory":false,"max_hp_per_floor":[70,70,70,70,70,70,70,70,70,70,70,70,70,70,70,70,70,70,70,70,70,70,70,70],"card_choices":[{"not_picked":["Quick Slash","Outmaneuver","Caltrops"],"picked":"SKIP","floor":1},{"not_picked":["Endless Agony","Acrobatics","Blade Dance"],"picked":"SKIP","floor":2},{"not_picked":["Endless Agony","Blade Dance"],"picked":"Acrobatics","floor":2},{"not_picked":["Finisher","Prepared"],"picked":"Bouncing Flask","floor":4},{"not_picked":["Calculated Gamble","Blade Dance"],"picked":"Terror","floor":5},{"not_picked":["Terror","Skewer","Blade Dance"],"picked":"SKIP","floor":12},{"not_picked":["Flechettes","Doppelganger"],"picked":"Backflip","floor":14},{"not_picked":["Venomology","Doppelganger"],"picked":"Burst","floor":16},{"not_picked":["Outmaneuver","Dodge and Roll","Underhanded Strike"],"picked":"SKIP","floor":18},{"not_picked":["Terror","Caltrops"],"picked":"Cloak And Dagger+1","floor":21}],"player_experience":418453,"relics_obtained":[{"floor":9,"key":"Pen Nib"},{"floor":20,"key":"Enchiridion"}],"event_choices":[{"cards_removed":["Strike_G"],"damage_healed":0,"gold_gain":0,"player_choice":"Card Removal","damage_taken":7,"max_hp_gain":0,"max_hp_loss":0,"event_name":"Golden Wing","floor":8,"gold_loss":0},{"damage_healed":0,"gold_gain":0,"player_choice":"Take Damage","damage_taken":17,"relics_obtained":["Golden Idol"],"max_hp_gain":0,"max_hp_loss":0,"event_name":"Golden Idol","floor":10,"gold_loss":0},{"damage_healed":17,"gold_gain":0,"player_choice":"Healed and dodged fight","damage_taken":0,"max_hp_gain":0,"max_hp_loss":0,"event_name":"Mushrooms","floor":11,"gold_loss":0,"cards_obtained":["Parasite"]},{"damage_healed":0,"gold_gain":0,"player_choice":"Ignored","damage_taken":0,"max_hp_gain":0,"max_hp_loss":0,"event_name":"Ghosts","floor":19,"gold_loss":0},{"damage_healed":0,"gold_gain":0,"player_choice":"Obtained Book","damage_taken":16,"max_hp_gain":0,"max_hp_loss":0,"event_name":"Cursed Tome","floor":20,"gold_loss":0}],"is_beta":false,"boss_relics":[{"not_picked":["Snecko Eye","Philosopher\u0027s Stone"],"picked":"Eternal Feather"}],"items_purged_floors":[3,22],"is_endless":false,"potions_floor_spawned":[2,5,12,16],"killed_by":"Slavers","ascension_level":10}