{"gold_per_floor":[112,123,48,63,163,193,193,208,282,309,309,134,166,184,184,184],"floor_reached":16,"playtime":1175,"items_purged":["Strike_G","Strike_G"],"score":156,"play_id":"b39c9141-fdaf-4177-be7f-5d312b3a30fd","local_time":"20190408104829","is_ascension_mode":true,"campfire_choices":[{"data":"Neutralize","floor":7,"key":"SMITH"},{"data":"Deadly Poison","floor":11,"key":"SMITH"},{"floor":15,"key":"REST"}],"neow_cost":"NONE","seed_source_timestamp":396808365182334,"circlet_count":0,"master_deck":["Defend_G","Defend_G","Defend_G","Defend_G","Defend_G","Strike_G","Strike_G","Strike_G","Survivor","Neutralize+1","Venomology","Deflect","Deadly Poison+1","Deadly Poison","Sucker Punch+1","Leg Sweep","Deadly Poison"],"relics":["Ring of the Snake","Torii","Molten Egg 2","Art of War","Question Card"],"potions_floor_usage":[4,6,6,6,10,10,13,13,16],"damage_taken":[{"damage":3,"enemies":"2 Louse","floor":1,"turns":4},{"damage":0,"enemies":"Cultist","floor":2,"turns":5},{"damage":0,"enemies":"Small Slimes","floor":4,"turns":5},{"damage":7,"enemies":"Lagavulin","floor":6,"turns":5},{"damage":2,"enemies":"Looter","floor":8,"turns":3},{"damage":2,"enemies":"3 Sentries","floor":10,"turns":6},{"damage":14,"enemies":"Gremlin Nob","floor":13,"turns":5},{"damage":13,"enemies":"Exordium Thugs","floor":14,"turns":6},{"damage":48,"enemies":"Slime Boss","floor":16,"turns":8}],"seed_played":"-409827085363142777","potions_obtained":[{"floor":2,"key":"Poison Potion"},{"floor":6,"key":"SkillPotion"}],"is_trial":false,"path_per_floor":["M","M","$","M","?","E","R","M","T","E","R","$","E","M","R","B"],"character_chosen":"THE_SILENT","items_purchased":["Leg Sweep"],"campfire_rested":1,"item_purchase_floors":[12],"current_hp_per_floor":[60,60,60,60,60,53,53,51,51,49,49,49,35,22,43,0],"gold":184,"neow_bonus":"ONE_RANDOM_RARE_CARD","is_prod":false,"is_daily":false,"chose_seed":false,"campfire_upgraded":2,"win_rate":0,"timestamp":1554713309,"path_taken":["M","M","$","M","?","E","R","M","T","E","R","?","E","M","R","BOSS"],"build_version":"2019-01-23","purchased_purges":2,"victory":false,"max_hp_per_floor":[70,70,70,70,70,70,70,70,70,70,70,70,70,70,70,70],"card_choices":[{"not_picked":["Blade Dance","Backflip"],"picked":"Deflect","floor":1},{"not_picked":["Setup","Expertise","Catalyst"],"picked":"SKIP","floor":2},{"not_picked":["Slice","All Out Attack"],"picked":"Deadly Poison","floor":4},{"not_picked":["Blade Dance","Flying Knee"],"picked":"Deadly Poison","floor":6},{"not_picked":["Expertise","Sucker Punch","Flying Knee"],"picked":"SKIP","floor":8},{"not_picked":["Poisoned Stab+1","Heel Hook+1"],"picked":"Sucker Punch+1","floor":10},{"not_picked":["Burst","Outmaneuver"],"picked":"Deadly Poison","floor":13},{"not_picked":["Bane+1","Setup","Deadly Poison","Quick Slash+1"],"picked":"SKIP","floor":14}],"player_experience":413278,"relics_obtained":[{"floor":6,"key":"Torii"},{"floor":9,"key":"Molten Egg 2"},{"floor":10,"key":"Art of War"},{"floor":13,"key":"Question Card"}],"event_choices":[{"damage_healed":0,"gold_gain":100,"player_choice":"Pray","damage_taken":0,"max_hp_gain":0,"max_hp_loss":0,"event_name":"Golden Shrine","floor":5,"gold_loss":0}],"is_beta":false,"boss_relics":[],"items_purged_floors":[3,12],"is_endless":false,"potions_floor_spawned":[2,4,6],"killed_by":"Slime Boss","ascension_level":6}