{"gold_per_floor":[110,60,60,135,155,155,182,182,208,23,51,65,65,75,75,172,172,189,200,63,63,63,77,77,110,187,187,187,28,128,139,139,242,242,253,253,104,104,150,150,176,176,199,211,231,231,231,241,241,241],"floor_reached":50,"playtime":2243,"items_purged":["Strike_G","Strike_G","Defend_G"],"score":892,"play_id":"36755c3c-04f0-4407-93e1-d3badd6fa6dc","local_time":"20190118220811","is_ascension_mode":true,"campfire_choices":[{"data":"Flying Knee","floor":6,"key":"SMITH"},{"data":"Caltrops","floor":8,"key":"SMITH"},{"floor":15,"key":"REST"},{"data":"Noxious Fumes","floor":24,"key":"SMITH"},{"data":"Catalyst","floor":28,"key":"SMITH"},{"floor":32,"key":"REST"},{"data":"Catalyst","floor":40,"key":"SMITH"},{"data":"Noxious Fumes","floor":42,"key":"SMITH"},{"data":"Catalyst","floor":46,"key":"SMITH"},{"floor":49,"key":"RECALL"}],"neow_cost":"NONE","seed_source_timestamp":901521393402884,"circlet_count":0,"master_deck":["Defend_G","Defend_G","Defend_G","Survivor","Neutralize","Flying Knee+1","Quick Slash","Caltrops+1","Bouncing Flask","Catalyst+1","Noxious Fumes+1","Backflip","Backflip","Bullet Time","Catalyst+1","Dash","Crippling Poison","Backflip","Well Laid Plans","Ghostly","Ghostly","Ghostly","Ghostly","Ghostly","Catalyst+1","Adrenaline","Endless Agony","Night Terror","Footwork","Noxious Fumes+1","Wraith Form v2","Sadistic Nature","Deadly Poison","Writhe"],"relics":["Ring of the Snake","NeowsBlessing","Anchor","Mummified Hand","Orrery","Orichalcum","Matryoshka","Nunchaku","Paper Crane","Sozu","Art of War","Ginger","Question Card","Molten Egg 2","Oddly Smooth Stone"],"potions_floor_usage":[25,30,50,50],"damage_taken":[{"damage":0,"enemies":"2 Louse","floor":1,"turns":1},{"damage":0,"enemies":"Small Slimes","floor":5,"turns":1},{"damage":0,"enemies":"3 Sentries","floor":7,"turns":1},{"damage":32,"enemies":"Gremlin Nob","floor":11,"turns":4},{"damage":0,"enemies":"Jaw Worm","floor":12,"turns":3},{"damage":0,"enemies":"Exordium Wildlife","floor":14,"turns":2},{"damage":14,"enemies":"Hexaghost","floor":16,"turns":7},{"damage":4,"enemies":"Shell Parasite","floor":18,"turns":3},{"damage":17,"enemies":"Chosen","floor":19,"turns":5},{"damage":0,"enemies":"Snake Plant","floor":23,"turns":6},{"damage":1,"enemies":"Book of Stabbing","floor":25,"turns":7},{"damage":0,"enemies":"Colosseum Slavers","floor":30,"turns":5},{"damage":15,"enemies":"Colosseum Nobs","floor":30,"turns":4},{"damage":2,"enemies":"Snecko","floor":31,"turns":4},{"damage":0,"enemies":"Collector","floor":33,"turns":6},{"damage":2,"enemies":"3 Shapes","floor":35,"turns":8},{"damage":0,"enemies":"2 Orb Walkers","floor":39,"turns":7},{"damage":0,"enemies":"Giant Head","floor":41,"turns":5},{"damage":0,"enemies":"3 Darklings","floor":44,"turns":4},{"damage":0,"enemies":"Maw","floor":45,"turns":3},{"damage":0,"enemies":"Spire Growth","floor":48,"turns":4},{"damage":55,"enemies":"Awakened One","floor":50,"turns":10}],"seed_played":"8434208326737497845","potions_obtained":[{"floor":11,"key":"GhostInAJar"},{"floor":14,"key":"GamblersBrew"},{"floor":25,"key":"GamblersBrew"},{"floor":30,"key":"Dexterity Potion"},{"floor":33,"key":"SneckoOil"}],"is_trial":false,"path_per_floor":["M","?","?","?","M","R","E","R","T","$","E","M","$","M","R","B",null,"M","M","$","?","?","M","R","E","T","?","R","$","?","M","R","B",null,"M","?","$","?","?","R","E","R","T","M","M","R","?","M","R","B"],"character_chosen":"THE_SILENT","items_purchased":["Bouncing Flask","Catalyst","Well Laid Plans","Footwork","Art of War"],"campfire_rested":2,"item_purchase_floors":[10,10,20,29,37],"current_hp_per_floor":[63,63,56,45,45,45,45,45,45,45,13,13,13,13,34,20,58,54,37,37,37,35,35,35,34,34,34,34,34,19,17,27,27,33,31,31,31,31,31,31,31,31,31,31,31,31,35,35,35,0],"gold":241,"neow_bonus":"THREE_ENEMY_KILL","is_prod":false,"is_daily":false,"chose_seed":false,"campfire_upgraded":7,"win_rate":0,"timestamp":1547878091,"path_taken":["M","?","?","?","M","R","E","R","T","$","E","M","$","M","R","BOSS","M","M","$","?","?","M","R","E","T","?","R","$","?","M","R","BOSS","M","?","$","?","?","R","E","R","T","M","M","R","?","M","R","BOSS"],"build_version":"2019-01-17v2","purchased_purges":3,"victory":false,"max_hp_per_floor":[70,70,70,70,70,70,70,70,70,70,70,70,70,70,70,70,70,70,70,70,70,35,35,35,35,35,35,35,35,35,35,35,35,35,35,35,35,35,35,35,35,35,35,35,35,35,35,35,35,35],"card_choices":[{"not_picked":["Dagger Spray","Riddle With Holes"],"picked":"Flying Knee","floor":1},{"not_picked":["Blade Dance","Finisher"],"picked":"Quick Slash","floor":5},{"not_picked":["Slice","Skewer"],"picked":"Caltrops","floor":7},{"not_picked":["Cloak And Dagger","Dash"],"picked":"Noxious Fumes","floor":11},{"not_picked":["Choke","Dodge and Roll"],"picked":"Backflip","floor":12},{"not_picked":["Dagger Throw","Poisoned Stab"],"picked":"Backflip","floor":14},{"not_picked":["Unload","Die Die Die"],"picked":"Bullet Time","floor":16},{"not_picked":["Slice","Outmaneuver"],"picked":"Catalyst","floor":17},{"not_picked":["Outmaneuver","Bane"],"picked":"Dash","floor":17},{"not_picked":["Bane","Sucker Punch"],"picked":"Crippling Poison","floor":17},{"not_picked":["Flying Knee","Accuracy"],"picked":"Backflip","floor":17},{"not_picked":["Night Terror","Dodge and Roll","Backflip"],"picked":"SKIP","floor":18},{"not_picked":["Expertise","Blade Dance+1","Sucker Punch+1"],"picked":"SKIP","floor":19},{"not_picked":["Flying Knee+1","Well Laid Plans"],"picked":"Catalyst","floor":23},{"not_picked":["Backstab+1","Well Laid Plans"],"picked":"Adrenaline","floor":25},{"not_picked":["Outmaneuver+1","PiercingWail"],"picked":"Noxious Fumes","floor":30},{"not_picked":["Flying Knee","Terror","Underhanded Strike"],"picked":"SKIP","floor":31},{"not_picked":["Envenom","Grand Finale"],"picked":"Wraith Form v2","floor":33},{"not_picked":["Poisoned Stab","Dagger Spray+1","Predator+1"],"picked":"SKIP","floor":35},{"not_picked":["Apotheosis","Swift Strike"],"picked":"Sadistic Nature","floor":36},{"not_picked":["Cloak And Dagger","Bane"],"picked":"Deadly Poison","floor":41},{"not_picked":["Infinite Blades+1","Skewer+1","Heel Hook+1","Bane+1"],"picked":"SKIP","floor":44},{"not_picked":["Infinite Blades","Setup+1","Deadly Poison","Backflip+1"],"picked":"SKIP","floor":45},{"not_picked":["Dodge and Roll+1","Prepared","Outmaneuver","Blade Dance+1"],"picked":"SKIP","floor":48}],"player_experience":357757,"relics_obtained":[{"floor":7,"key":"Anchor"},{"floor":11,"key":"Mummified Hand"},{"floor":25,"key":"Orichalcum"},{"floor":26,"key":"Matryoshka"},{"floor":30,"key":"Nunchaku"},{"floor":30,"key":"Paper Crane"},{"floor":39,"key":"Ginger"},{"floor":41,"key":"Question Card"},{"floor":43,"key":"Molten Egg 2"},{"floor":43,"key":"Oddly Smooth Stone"}],"event_choices":[{"cards_removed":["Strike_G"],"damage_healed":0,"gold_gain":0,"player_choice":"Card Removal","damage_taken":0,"max_hp_gain":0,"max_hp_loss":0,"event_name":"The Cleric","floor":2,"gold_loss":50},{"cards_removed":["Strike_G"],"damage_healed":0,"gold_gain":0,"player_choice":"Card Removal","damage_taken":7,"max_hp_gain":0,"max_hp_loss":0,"event_name":"Golden Wing","floor":3,"gold_loss":0},{"damage_healed":0,"gold_gain":75,"player_choice":"Gather Gold","damage_taken":11,"max_hp_gain":0,"max_hp_loss":0,"event_name":"World of Goop","floor":4,"gold_loss":0},{"damage_healed":0,"gold_gain":0,"player_choice":"Ignored","damage_taken":0,"max_hp_gain":0,"max_hp_loss":0,"event_name":"Beggar","floor":21,"gold_loss":0},{"damage_healed":0,"gold_gain":0,"player_choice":"Became a Ghost","damage_taken":0,"max_hp_gain":0,"max_hp_loss":35,"event_name":"Ghosts","floor":22,"gold_loss":0,"cards_obtained":["Ghostly","Ghostly","Ghostly","Ghostly","Ghostly"]},{"damage_healed":0,"gold_gain":0,"cards_transformed":["Strike_G","Defend_G"],"player_choice":"Became Test Subject","damage_taken":0,"max_hp_gain":0,"max_hp_loss":0,"event_name":"Drug Dealer","floor":27,"gold_loss":0,"cards_obtained":["Endless Agony","Night Terror"]},{"damage_healed":0,"gold_gain":0,"player_choice":"Fight","damage_taken":0,"max_hp_gain":0,"max_hp_loss":0,"event_name":"Colosseum","floor":30,"gold_loss":0},{"damage_healed":0,"gold_gain":0,"player_choice":"Fought Nobs","damage_taken":0,"max_hp_gain":0,"max_hp_loss":0,"event_name":"Colosseum","floor":30,"gold_loss":0},{"damage_healed":0,"gold_gain":0,"player_choice":"Memory 1","damage_taken":0,"max_hp_gain":0,"max_hp_loss":0,"event_name":"SensoryStone","floor":36,"gold_loss":0},{"damage_healed":0,"gold_gain":0,"player_choice":"Ignored","damage_taken":0,"max_hp_gain":0,"max_hp_loss":0,"event_name":"Tomb of Lord Red Mask","floor":38,"gold_loss":0},{"damage_healed":0,"gold_gain":0,"player_choice":"Fight","damage_taken":0,"max_hp_gain":0,"max_hp_loss":0,"event_name":"Mysterious Sphere","floor":39,"gold_loss":0},{"damage_healed":9,"gold_gain":0,"player_choice":"Writhe","damage_taken":0,"max_hp_gain":0,"max_hp_loss":0,"event_name":"Winding Halls","floor":47,"gold_loss":0,"cards_obtained":["Writhe"]}],"is_beta":false,"boss_relics":[{"not_picked":["Coffee Dripper","Velvet Choker"],"picked":"Orrery"},{"not_picked":["Astrolabe","Runic Dome"],"picked":"Sozu"}],"items_purged_floors":[10,20,29],"is_endless":false,"potions_floor_spawned":[11,14,25,30,33,39,44,48],"killed_by":"Awakened One","ascension_level":8}