{"gold_per_floor":[118,132,89,89,106,137,147,147,147,163,196,206,27,27,27,27],"floor_reached":16,"playtime":1299,"items_purged":[],"score":137,"play_id":"0e411d0a-af62-48c6-92a7-acc044f72e30","local_time":"20190614174241","is_ascension_mode":false,"campfire_choices":[{"floor":8,"key":"REST"},{"floor":15,"key":"REST"}],"neow_cost":"NONE","seed_source_timestamp":16128907774400,"circlet_count":0,"master_deck":["Defend_G","Defend_G","Defend_G","Defend_G","Defend_G","Strike_G","Strike_G","Strike_G","Strike_G","Strike_G","Survivor","Neutralize","Underhanded Strike","Poisoned Stab","Tactician","Slice","Die Die Die","Deadly Poison","Prepared","Deflect","Reflex","All Out Attack+1","Blur"],"relics":["Ring of the Snake","NeowsBlessing","Snake Skull","Juzu Bracelet","Pear"],"potions_floor_usage":[11,12,16,16],"damage_taken":[{"damage":0,"enemies":"Jaw Worm","floor":1,"turns":1},{"damage":0,"enemies":"Cultist","floor":2,"turns":1},{"damage":0,"enemies":"Small Slimes","floor":5,"turns":1},{"damage":36,"enemies":"3 Sentries","floor":6,"turns":12},{"damage":1,"enemies":"Exordium Wildlife","floor":7,"turns":4},{"damage":0,"enemies":"2 Fungi Beasts","floor":10,"turns":3},{"damage":30,"enemies":"Lagavulin","floor":11,"turns":7},{"damage":13,"enemies":"Large Slime","floor":12,"turns":5},{"damage":59,"enemies":"Hexaghost","floor":16,"turns":14}],"seed_played":"-7382881329533423264","potions_obtained":[{"floor":5,"key":"Swift Potion"},{"floor":10,"key":"Fire Potion"},{"floor":11,"key":"AttackPotion"},{"floor":12,"key":"Fruit Juice"}],"is_trial":false,"path_per_floor":["M","M","?","?","M","E","M","R","T","M","E","M","$","?","R","B"],"character_chosen":"THE_SILENT","items_purchased":["Reflex","All Out Attack","Blur"],"campfire_rested":2,"item_purchase_floors":[13,13,13],"current_hp_per_floor":[70,70,70,75,75,39,38,60,60,60,40,32,32,32,59,0],"gold":27,"neow_bonus":"THREE_ENEMY_KILL","is_prod":false,"is_daily":false,"chose_seed":false,"campfire_upgraded":0,"win_rate":0.0,"timestamp":1560530561,"path_taken":["M","M","?","?","M","E","M","R","T","M","E","M","$","?","R","BOSS"],"build_version":"2019-01-23","purchased_purges":0,"victory":false,"max_hp_per_floor":[70,70,70,75,75,75,75,75,75,75,85,90,90,90,90,90],"card_choices":[{"not_picked":["PiercingWail","Outmaneuver"],"picked":"Underhanded Strike","floor":1},{"not_picked":["Finisher","Underhanded Strike"],"picked":"Poisoned Stab","floor":2},{"not_picked":["Dagger Spray","Underhanded Strike"],"picked":"Tactician","floor":5},{"not_picked":["Tactician","Predator"],"picked":"Slice","floor":6},{"not_picked":["Flying Knee","Underhanded Strike"],"picked":"Die Die Die","floor":7},{"not_picked":["Flying Knee","Backflip"],"picked":"Deadly Poison","floor":10},{"not_picked":["Dash","Heel Hook"],"picked":"Prepared","floor":11},{"not_picked":["Calculated Gamble","Underhanded Strike"],"picked":"Deflect","floor":12}],"player_experience":2541,"relics_obtained":[{"floor":6,"key":"Snake Skull"},{"floor":9,"key":"Juzu Bracelet"},{"floor":11,"key":"Pear"}],"event_choices":[{"damage_healed":0,"gold_gain":0,"player_choice":"Left Gold","damage_taken":0,"max_hp_gain":0,"max_hp_loss":0,"event_name":"World of Goop","floor":3,"gold_loss":43},{"damage_healed":0,"gold_gain":0,"player_choice":"Donut","damage_taken":0,"max_hp_gain":5,"max_hp_loss":0,"event_name":"Big Fish","floor":4,"gold_loss":0},{"damage_healed":0,"gold_gain":0,"player_choice":"Upgraded","damage_taken":0,"max_hp_gain":0,"max_hp_loss":0,"event_name":"Upgrade Shrine","floor":14,"gold_loss":0,"cards_upgraded":["All Out Attack"]}],"is_beta":false,"boss_relics":[],"items_purged_floors":[],"is_endless":false,"potions_floor_spawned":[5,10,11,12],"killed_by":"Hexaghost","ascension_level":0}