{"gold_per_floor":[116,116,41,54,129,129,180,219,245,245,284,284,6,25,25,115,115,136,150,150,92,92],"floor_reached":22,"playtime":1084,"items_purged":["Strike_R"],"score":380,"play_id":"00045d75-5d83-444b-885a-8926ee1122d7","local_time":"20190610130321","is_ascension_mode":true,"campfire_choices":[{"data":"Bash","floor":6.0,"key":"SMITH"},{"data":"Uppercut","floor":12.0,"key":"SMITH"},{"floor":15.0,"key":"REST"}],"neow_cost":"NONE","seed_source_timestamp":2223764664011646,"circlet_count":0,"master_deck":["AscendersBane","Strike_R","Strike_R","Strike_R","Defend_R","Defend_R","Defend_R","Defend_R","Bash+1","Cleave","Corruption","Cleave","Uppercut+1","Demon Form","Shrug It Off","Blood for Blood","Feed+1","Cleave","Inflame","Shrug It Off"],"special_seed":0,"relics":["Burning Blood","Golden Idol","Bronze Scales","PreservedInsect","Boot","Ancient Tea Set","Velvet Choker"],"potions_floor_usage":[16,22],"damage_taken":[{"damage":13.0,"enemies":"Small Slimes","floor":1.0,"turns":4.0},{"damage":19.0,"enemies":"Jaw Worm","floor":4.0,"turns":5.0},{"damage":8.0,"enemies":"Gremlin Nob","floor":8.0,"turns":3.0},{"damage":15.0,"enemies":"3 Sentries","floor":11.0,"turns":4.0},{"damage":4.0,"enemies":"2 Louse","floor":14.0,"turns":2.0},{"damage":33,"enemies":"Slime Boss","floor":16,"turns":8},{"damage":47,"enemies":"Shell Parasite","floor":18,"turns":5},{"damage":12,"enemies":"3 Byrds","floor":19,"turns":2},{"damage":27,"enemies":"Centurion and Healer","floor":22,"turns":2}],"seed_played":"-8385360374139813612","potions_obtained":[{"floor":0.0,"key":"Swift Potion"},{"floor":0.0,"key":"Ancient Potion"},{"floor":4.0,"key":"Fire Potion"},{"floor":8.0,"key":"Dexterity Potion"},{"floor":11.0,"key":"Fruit Juice"},{"floor":18,"key":"Energy Potion"}],"is_trial":false,"path_per_floor":["M","?","?","M","?","R","?","E","T","?","E","R","$","M","R","B",null,"M","M","?","$","M"],"character_chosen":"IRONCLAD","items_purchased":["Demon Form","Shrug It Off","Shrug It Off"],"campfire_rested":1,"item_purchase_floors":[13,13,21],"current_hp_per_floor":[61,61,61,48,37,37,37,35,35,30,26,26,26,28,49,22,60,19,13,13,13,0],"gold":92,"neow_bonus":"THREE_SMALL_POTIONS","is_prod":false,"is_daily":false,"chose_seed":false,"campfire_upgraded":2,"win_rate":0,"timestamp":1560164601,"path_taken":["M","?","?","M","?","R","?","E","T","?","E","R","$","M","R","BOSS","M","M","?","?","M"],"build_version":"2019-01-23","purchased_purges":1,"victory":false,"max_hp_per_floor":[75,68,68,68,68,68,68,68,68,68,73,73,73,73,73,73,73,73,73,73,73,73],"card_choices":[{"not_picked":["Heavy Blade","Havoc"],"picked":"Cleave","floor":1.0},{"not_picked":["Sword Boomerang","Havoc"],"picked":"Corruption","floor":4.0},{"not_picked":["Uppercut","Body Slam"],"picked":"Cleave","floor":8.0},{"not_picked":["True Grit","Perfected Strike"],"picked":"Uppercut","floor":11.0},{"not_picked":["Rupture","Pommel Strike"],"picked":"Blood for Blood","floor":14.0},{"not_picked":["Fiend Fire","Impervious"],"picked":"Feed","floor":16},{"not_picked":["Havoc","Pommel Strike"],"picked":"Cleave","floor":18},{"not_picked":["Dropkick+1","Headbutt"],"picked":"Inflame","floor":19}],"player_experience":857380,"relics_obtained":[{"floor":8.0,"key":"Bronze Scales"},{"floor":9.0,"key":"PreservedInsect"},{"floor":11.0,"key":"Ancient Tea Set"}],"event_choices":[{"damage_healed":0.0,"max_hp_gain":0.0,"max_hp_loss":7.0,"gold_gain":0.0,"event_name":"Golden Idol","player_choice":"Lose Max HP","floor":2.0,"gold_loss":0.0,"damage_taken":0.0,"relics_obtained":["Golden Idol"]},{"cards_removed":["Strike_R"],"damage_healed":0.0,"max_hp_gain":0.0,"max_hp_loss":0.0,"gold_gain":0.0,"event_name":"The Cleric","player_choice":"Card Removal","floor":3.0,"gold_loss":75.0,"damage_taken":0.0},{"damage_healed":0.0,"max_hp_gain":0.0,"max_hp_loss":0.0,"gold_gain":75.0,"event_name":"World of Goop","player_choice":"Gather Gold","floor":5.0,"gold_loss":0.0,"damage_taken":11.0},{"damage_healed":0.0,"max_hp_gain":0.0,"max_hp_loss":0.0,"gold_gain":51.0,"event_name":"Golden Wing","player_choice":"Gained Gold","floor":7.0,"gold_loss":0.0,"damage_taken":0.0},{"damage_healed":0.0,"max_hp_gain":0.0,"max_hp_loss":0.0,"gold_gain":0.0,"event_name":"Scrap Ooze","player_choice":"Success","floor":10.0,"gold_loss":0.0,"damage_taken":5.0,"relics_obtained":["Boot"]},{"damage_healed":0,"gold_gain":0,"player_choice":"Forge","damage_taken":0,"max_hp_gain":0,"max_hp_loss":0,"event_name":"Accursed Blacksmith","floor":20,"gold_loss":0,"cards_upgraded":["Feed"]}],"is_beta":false,"boss_relics":[{"not_picked":["Black Star","Runic Dome"],"picked":"Velvet Choker"}],"items_purged_floors":[13],"is_endless":false,"potions_floor_spawned":[4,8,11,18],"killed_by":"Centurion and Healer","ascension_level":20}