{"gold_per_floor":[112,112,128,144,144,169,181,222,286,298,343,355],"floor_reached":12,"playtime":890,"items_purged":[],"score":101,"play_id":"a31a7b46-6036-4b22-93ce-24d60da3946b","local_time":"20190120113402","is_ascension_mode":true,"campfire_choices":[{"floor":7,"key":"REST"}],"neow_cost":"NONE","seed_source_timestamp":216686708706728,"circlet_count":0,"master_deck":["Strike_B","Strike_B","Strike_B","Defend_B","Defend_B","Defend_B","Defend_B","Zap","Dualcast","Leap","Defragment","Glacier","Double Energy","Cold Snap"],"relics":["Cracked Core","Vajra","Sundial","MawBank","The Courier","Bag of Marbles","Matryoshka","Meat on the Bone"],"potions_floor_usage":[6],"damage_taken":[{"damage":7,"enemies":"2 Louse","floor":1,"turns":2},{"damage":0,"enemies":"Jaw Worm","floor":3,"turns":4},{"damage":0,"enemies":"Small Slimes","floor":4,"turns":3},{"damage":22,"enemies":"3 Sentries","floor":6,"turns":8},{"damage":3,"enemies":"Lagavulin","floor":8,"turns":10},{"damage":37,"enemies":"3 Sentries","floor":11,"turns":17},{"damage":3,"enemies":"Exordium Thugs","floor":12,"turns":1}],"seed_played":"-4315240428877330635","potions_obtained":[{"floor":3,"key":"SkillPotion"},{"floor":6,"key":"Ancient Potion"}],"is_trial":false,"path_per_floor":["M","?","M","M","?","E","R","E","T","T","E","M"],"character_chosen":"DEFECT","items_purchased":[],"campfire_rested":1,"item_purchase_floors":[],"current_hp_per_floor":[68,50,50,50,43,21,43,40,40,40,3,0],"gold":355,"neow_bonus":"RANDOM_COMMON_RELIC","is_prod":false,"is_daily":false,"chose_seed":false,"campfire_upgraded":0,"win_rate":0,"timestamp":1547973242,"path_taken":["M","?","M","M","?","E","R","E","T","?","E","M"],"build_version":"2019-01-17v2","purchased_purges":0,"victory":false,"max_hp_per_floor":[75,75,75,75,75,75,75,75,75,75,75,75],"card_choices":[{"not_picked":["Redo","Streamline"],"picked":"Leap","floor":1},{"not_picked":["Beam Cell","Rip and Tear","Barrage"],"picked":"SKIP","floor":3},{"not_picked":["Echo Form","Hello World"],"picked":"Defragment","floor":4},{"not_picked":["Defragment","Conserve Battery"],"picked":"Glacier","floor":6},{"not_picked":["Compile Driver","Hologram"],"picked":"Double Energy","floor":8},{"not_picked":["Beam Cell","Hologram"],"picked":"Cold Snap","floor":11}],"player_experience":86336,"relics_obtained":[{"floor":6,"key":"MawBank"},{"floor":8,"key":"The Courier"},{"floor":9,"key":"Bag of Marbles"},{"floor":10,"key":"Matryoshka"},{"floor":11,"key":"Meat on the Bone"}],"event_choices":[{"damage_healed":0,"gold_gain":0,"player_choice":"Success","damage_taken":18,"relics_obtained":["Sundial"],"max_hp_gain":0,"max_hp_loss":0,"event_name":"Scrap Ooze","floor":2,"gold_loss":0},{"cards_removed":["Strike_B"],"damage_healed":0,"gold_gain":0,"player_choice":"Card Removal","damage_taken":7,"max_hp_gain":0,"max_hp_loss":0,"event_name":"Golden Wing","floor":5,"gold_loss":0}],"is_beta":false,"boss_relics":[],"items_purged_floors":[],"is_endless":false,"potions_floor_spawned":[3,6],"killed_by":"Exordium Thugs","ascension_level":1}