{"gold_per_floor":[134,66,81,116,45,45,60,90,115,115,130,145,160,175,175,275,275,290,128,128,145,160,160,175,205,205,205],"floor_reached":27,"playtime":1580,"items_purged":[],"score":287,"play_id":"a1c576f7-d959-430f-8ae5-822b037c9f45","local_time":"20190219030911","daily_mods":["Shiny","Colorless Cards","DeadlyEvents"],"is_ascension_mode":false,"campfire_choices":[{"data":"Demon Form","floor":6,"key":"SMITH"},{"floor":10,"key":"REST"},{"floor":15,"key":"REST"},{"floor":23,"key":"REST"}],"neow_cost":"","seed_source_timestamp":0,"circlet_count":0,"master_deck":["Double Tap","Demon Form+1","Bludgeon","Feed","Limit Break","Barricade","Fiend Fire","Dark Embrace","Berserk","Impervious","Juggernaut","Brutality","Reaper","Exhume","Offering","Immolate","Thinking Ahead","Metamorphosis","Master of Strategy","Magnetism","Chrysalis","Transmutation","HandOfGreed","Mayhem","Apotheosis","Secret Weapon","Panache","Violence","Secret Technique","The Bomb","Sadistic Nature","Spot Weakness","Seeing Red","Dramatic Entrance","Inflame","Shockwave","Whirlwind","Metallicize","Battle Trance"],"special_seed":17946,"relics":["Burning Blood","Potion Belt","Smiling Mask","Velvet Choker","Red Mask","Boot","Ornamental Fan"],"potions_floor_usage":[4,16,27,27,27],"damage_taken":[{"damage":30,"enemies":"2 Louse","floor":1,"turns":5},{"damage":22,"enemies":"Small Slimes","floor":3,"turns":3},{"damage":17,"enemies":"Jaw Worm","floor":4,"turns":3},{"damage":0,"enemies":"Gremlin Gang","floor":7,"turns":1},{"damage":74,"enemies":"Gremlin Nob","floor":8,"turns":6},{"damage":0,"enemies":"3 Louse","floor":11,"turns":1},{"damage":14,"enemies":"Exordium Thugs","floor":12,"turns":3},{"damage":33,"enemies":"2 Fungi Beasts","floor":13,"turns":4},{"damage":8,"enemies":"Exordium Wildlife","floor":14,"turns":2},{"damage":53,"enemies":"The Guardian","floor":16,"turns":8},{"damage":18,"enemies":"3 Byrds","floor":18,"turns":4},{"damage":48,"enemies":"Colosseum Slavers","floor":20,"turns":3},{"damage":6,"enemies":"Masked Bandits","floor":21,"turns":2},{"damage":38,"enemies":"Chosen","floor":22,"turns":7},{"damage":47,"enemies":"Sentry and Sphere","floor":24,"turns":6},{"damage":59,"enemies":"Slavers","floor":25,"turns":5},{"damage":18,"enemies":"Snake Plant","floor":27,"turns":2}],"seed_played":"6153314336027530073","potions_obtained":[{"floor":1,"key":"Swift Potion"},{"floor":4,"key":"Fruit Juice"},{"floor":8,"key":"Fire Potion"},{"floor":13,"key":"BloodPotion"},{"floor":14,"key":"Swift Potion"},{"floor":18,"key":"Swift Potion"},{"floor":22,"key":"FairyPotion"}],"is_trial":false,"path_per_floor":["M","$","M","M","$","R","M","E","T","R","M","M","M","M","R","B",null,"M","$","?","?","M","R","M","E","T","M"],"character_chosen":"IRONCLAD","items_purchased":["Spot Weakness","Seeing Red","Whirlwind","Metallicize"],"campfire_rested":3,"item_purchase_floors":[2,5,19,19],"current_hp_per_floor":[56,56,51,53,53,53,59,16,16,42,48,43,27,28,57,22,100,103,103,75,75,43,73,44,16,16,0],"gold":205,"neow_bonus":"","is_prod":false,"is_daily":true,"chose_seed":false,"campfire_upgraded":1,"win_rate":0,"timestamp":1550574551,"path_taken":["M","$","M","M","$","R","M","E","T","R","M","M","M","M","R","BOSS","M","$","?","?","?","R","M","?","T","M"],"build_version":"2019-01-23","purchased_purges":0,"victory":false,"max_hp_per_floor":[80,80,83,88,88,88,88,88,88,88,88,91,94,97,97,100,100,103,103,103,103,103,103,106,109,109,109],"card_choices":[{"not_picked":["Flash of Steel","Dual Wield","Shrug It Off"],"picked":"SKIP","floor":1},{"not_picked":["Impatience","Anger","Wild Strike"],"picked":"SKIP","floor":3},{"not_picked":["Thunderclap","Apotheosis","Searing Blow"],"picked":"SKIP","floor":4},{"not_picked":["Anger","Pommel Strike"],"picked":"Dramatic Entrance","floor":7},{"not_picked":["Forethought","Twin Strike"],"picked":"Inflame","floor":8},{"not_picked":["Forethought","Headbutt","Body Slam"],"picked":"SKIP","floor":11},{"not_picked":["Second Wind","Heavy Blade"],"picked":"Shockwave","floor":12},{"not_picked":["Twin Strike","Carnage","Juggernaut"],"picked":"SKIP","floor":13},{"not_picked":["Clothesline","Searing Blow","True Grit"],"picked":"SKIP","floor":14},{"not_picked":["Panacea","Twin Strike","Evolve"],"picked":"SKIP","floor":18},{"not_picked":["Headbutt+1","Blind","Clothesline"],"picked":"SKIP","floor":22},{"not_picked":["Havoc","Twin Strike","Combust+1"],"picked":"SKIP","floor":24},{"not_picked":["Heavy Blade","Anger"],"picked":"Battle Trance","floor":25}],"player_experience":521920,"relics_obtained":[{"floor":8,"key":"Potion Belt"},{"floor":9,"key":"Smiling Mask"},{"floor":21,"key":"Red Mask"},{"floor":25,"key":"Boot"},{"floor":26,"key":"Ornamental Fan"}],"event_choices":[{"damage_healed":0,"gold_gain":0,"player_choice":"Fight","damage_taken":0,"max_hp_gain":0,"max_hp_loss":0,"event_name":"Colosseum","floor":20,"gold_loss":0},{"damage_healed":0,"gold_gain":0,"player_choice":"Fled From Nobs","damage_taken":0,"max_hp_gain":0,"max_hp_loss":0,"event_name":"Colosseum","floor":20,"gold_loss":0},{"damage_healed":0,"gold_gain":0,"player_choice":"Fought Bandits","damage_taken":0,"max_hp_gain":0,"max_hp_loss":0,"event_name":"Masked Bandits","floor":21,"gold_loss":0}],"is_beta":false,"boss_relics":[{"not_picked":["Tiny House","Eternal Feather"],"picked":"Velvet Choker"}],"items_purged_floors":[],"is_endless":false,"potions_floor_spawned":[1,4,8,13,14,18,22],"killed_by":"Snake Plant","ascension_level":0}