{"gold_per_floor":[114,114,64,139,139,174,139,139,139,139,166,179,209,220,220,294,294,310,310,310,322,247,247,247],"floor_reached":24,"playtime":1041,"items_purged":[],"score":455,"play_id":"61cb22ac-937d-4b0c-a375-5966116803ce","local_time":"20190530203506","is_ascension_mode":true,"campfire_choices":[{"data":"White Noise","floor":8,"key":"SMITH"},{"floor":10,"key":"REST"},{"data":"Hologram","floor":15,"key":"SMITH"},{"floor":23,"key":"REST"}],"neow_cost":"NONE","seed_source_timestamp":1300739220492170,"circlet_count":0,"master_deck":["AscendersBane","Strike_B","Strike_B","Strike_B","Strike_B","Defend_B+1","Defend_B","Defend_B","Defend_B","Zap+1","Dualcast","Compile Driver","Gash+1","White Noise+1","Darkness","Hologram+1","Sweeping Beam","Rebound","Electrodynamics","Cold Snap"],"relics":["Cracked Core","NeowsBlessing","Dodecahedron","Emotion Chip","Smiling Mask","Blue Candle","Cursed Key","Bag of Marbles","Enchiridion"],"potions_floor_usage":[14],"damage_taken":[{"damage":0,"enemies":"2 Louse","floor":1,"turns":1},{"damage":0,"enemies":"Lagavulin","floor":6,"turns":1},{"damage":0,"enemies":"Gremlin Nob","floor":11,"turns":1},{"damage":0,"enemies":"Small Slimes","floor":12,"turns":2},{"damage":16,"enemies":"3 Sentries","floor":13,"turns":6},{"damage":0,"enemies":"Jaw Worm","floor":14,"turns":2},{"damage":34,"enemies":"Slime Boss","floor":16,"turns":8},{"damage":17,"enemies":"Shell Parasite","floor":18,"turns":5},{"damage":14,"enemies":"3 Byrds","floor":21,"turns":3},{"damage":34,"enemies":"Slavers","floor":24,"turns":2}],"seed_played":"7413571801952724583","potions_obtained":[{"floor":1,"key":"FearPotion"},{"floor":13,"key":"SteroidPotion"},{"floor":14,"key":"Fruit Juice"},{"floor":18,"key":"Ancient Potion"}],"is_trial":false,"path_per_floor":["M","?","$","?","?","E","?","R","T","R","E","M","E","M","R","B",null,"M","?","?","M","?","R","E"],"character_chosen":"DEFECT","items_purchased":["Gash"],"campfire_rested":2,"item_purchase_floors":[3],"current_hp_per_floor":[64,64,64,53,32,32,49,49,49,70,70,70,54,59,59,25,63,46,46,25,11,11,33,0],"gold":247,"neow_bonus":"THREE_ENEMY_KILL","is_prod":false,"is_daily":false,"chose_seed":true,"campfire_upgraded":2,"win_rate":0,"timestamp":1559241306,"path_taken":["M","?","$","?","?","E","?","R","T","R","E","?","E","M","R","BOSS","M","?","?","M","?","R","E"],"build_version":"2019-01-23","purchased_purges":0,"victory":false,"max_hp_per_floor":[71,71,71,71,71,71,71,71,71,71,71,71,71,76,76,76,76,76,76,76,76,76,76,76],"card_choices":[{"not_picked":["Scrape","Rebound"],"picked":"Compile Driver","floor":1},{"not_picked":["Loop","Streamline"],"picked":"White Noise","floor":6},{"not_picked":["Beam Cell","Undo"],"picked":"Darkness","floor":11},{"not_picked":["Barrage","Redo"],"picked":"Hologram","floor":12},{"not_picked":["Machine Learning","Compile Driver"],"picked":"Sweeping Beam","floor":13},{"not_picked":["Compile Driver","Conserve Battery"],"picked":"Rebound","floor":14},{"not_picked":["Buffer","Multi-Cast"],"picked":"Electrodynamics","floor":16},{"not_picked":["Conserve Battery","Streamline"],"picked":"Cold Snap","floor":18},{"not_picked":["Conserve Battery","Beam Cell","Leap"],"picked":"SKIP","floor":21}],"player_experience":725602,"relics_obtained":[{"floor":6,"key":"Dodecahedron"},{"floor":9,"key":"Emotion Chip"},{"floor":11,"key":"Smiling Mask"},{"floor":13,"key":"Blue Candle"},{"floor":20,"key":"Enchiridion"}],"event_choices":[{"damage_healed":0,"gold_gain":0,"player_choice":"Grow","damage_taken":0,"max_hp_gain":0,"max_hp_loss":0,"event_name":"Living Wall","floor":2,"gold_loss":0,"cards_upgraded":["Zap"]},{"damage_healed":0,"gold_gain":75,"player_choice":"Gather Gold","damage_taken":11,"max_hp_gain":0,"max_hp_loss":0,"event_name":"World of Goop","floor":4,"gold_loss":0},{"damage_healed":0,"gold_gain":0,"player_choice":"Entered Light","damage_taken":21,"max_hp_gain":0,"max_hp_loss":0,"event_name":"Shining Light","floor":5,"gold_loss":0,"cards_upgraded":["Defend_B","Gash"]},{"damage_healed":17,"gold_gain":0,"player_choice":"Healed","damage_taken":0,"max_hp_gain":0,"max_hp_loss":0,"event_name":"The Cleric","floor":7,"gold_loss":35},{"damage_healed":0,"gold_gain":0,"player_choice":"Opened","damage_taken":0,"relics_obtained":["Bag of Marbles"],"max_hp_gain":0,"max_hp_loss":0,"event_name":"The Mausoleum","floor":19,"gold_loss":0,"cards_obtained":["Writhe"]},{"damage_healed":0,"gold_gain":0,"player_choice":"Obtained Book","damage_taken":21,"max_hp_gain":0,"max_hp_loss":0,"event_name":"Cursed Tome","floor":20,"gold_loss":0},{"cards_removed":["Writhe"],"damage_healed":0,"gold_gain":0,"player_choice":"Gave Gold","damage_taken":0,"max_hp_gain":0,"max_hp_loss":0,"event_name":"Beggar","floor":22,"gold_loss":75}],"is_beta":false,"boss_relics":[{"not_picked":["Inserter","White Beast Statue"],"picked":"Cursed Key"}],"items_purged_floors":[],"is_endless":false,"potions_floor_spawned":[1,13,14,18,21],"killed_by":"Slavers","ascension_level":15}