{"gold_per_floor":[109,109,126,194,48,48,60,92,143,143,193,258,277,288,288,384,384,403,368,418,434,484,484,558,314,314,314,340,418,430,680,680,780,780,798,814,964,980,1030,1030,1099,1174,1229,1331,1331,1346,1021,1071,1071,1071],"floor_reached":51,"playtime":4806,"items_purged":["Strike_G","Defend_G","Defend_G"],"score":1145,"play_id":"82961de1-0757-4e95-85dd-5c795ad88ef3","local_time":"20190204185142","is_ascension_mode":true,"campfire_choices":[{"data":"Noxious Fumes","floor":6,"key":"SMITH"},{"data":"Catalyst","floor":10,"key":"SMITH"},{"floor":15,"key":"REST"},{"data":"Bouncing Flask","floor":23,"key":"SMITH"},{"data":"Wraith Form v2","floor":27,"key":"SMITH"},{"data":"A Thousand Cuts","floor":32,"key":"SMITH"},{"data":"Burst","floor":40,"key":"SMITH"},{"floor":45,"key":"REST"},{"data":"Ghostly","floor":49,"key":"SMITH"}],"neow_cost":"NONE","seed_source_timestamp":243279092596611,"circlet_count":0,"master_deck":["AscendersBane","Defend_G","Defend_G","Defend_G","Survivor","Neutralize","Bouncing Flask+1","Catalyst+1","Noxious Fumes+1","Wraith Form v2+1","Well Laid Plans","A Thousand Cuts+1","Crippling Poison","Ghostly","Ghostly","Ghostly","Ghostly","Ghostly+1","Crippling Poison","Blur","Burst+1","Footwork"],"relics":["Ring of the Snake","Omamori","SsserpentHead","Ornamental Fan","Regal Pillow","Empty Cage","Art of War","Bronze Scales","Bottled Lightning","Mango","Red Mask","Cursed Key","Prayer Wheel","Potion Belt","Oddly Smooth Stone","The Specimen","Orichalcum"],"potions_floor_usage":[8,12,16,16,17,28,30,37,50,50],"damage_taken":[{"damage":1,"enemies":"Jaw Worm","floor":1,"turns":3},{"damage":3,"enemies":"Cultist","floor":3,"turns":4},{"damage":3,"enemies":"2 Louse","floor":4,"turns":3},{"damage":12,"enemies":"Looter","floor":7,"turns":3},{"damage":21,"enemies":"Gremlin Nob","floor":8,"turns":4},{"damage":4,"enemies":"Large Slime","floor":12,"turns":6},{"damage":4,"enemies":"2 Fungi Beasts","floor":13,"turns":4},{"damage":9,"enemies":"Red Slaver","floor":14,"turns":3},{"damage":20,"enemies":"The Guardian","floor":16,"turns":8},{"damage":2,"enemies":"Spheric Guardian","floor":18,"turns":5},{"damage":0,"enemies":"Chosen","floor":21,"turns":4},{"damage":3,"enemies":"Gremlin Leader","floor":28,"turns":6},{"damage":7,"enemies":"Masked Bandits","floor":29,"turns":4},{"damage":1,"enemies":"Snecko","floor":30,"turns":6},{"damage":6,"enemies":"Collector","floor":33,"turns":11},{"damage":2,"enemies":"3 Darklings","floor":35,"turns":5},{"damage":2,"enemies":"Orb Walker","floor":36,"turns":6},{"damage":5,"enemies":"Mind Bloom Boss Battle","floor":37,"turns":7},{"damage":1,"enemies":"Jaw Worm Horde","floor":38,"turns":5},{"damage":1,"enemies":"Sphere and 2 Shapes","floor":41,"turns":5},{"damage":10,"enemies":"2 Orb Walkers","floor":44,"turns":7},{"damage":1,"enemies":"Writhing Mass","floor":46,"turns":4},{"damage":0,"enemies":"Time Eater","floor":50,"turns":7}],"seed_played":"8030551730156256412","potions_obtained":[{"floor":1,"key":"Weak Potion"},{"floor":8,"key":"EssenceOfSteel"},{"floor":12,"key":"Dexterity Potion"},{"floor":13,"key":"Weak Potion"},{"floor":16,"key":"Fruit Juice"},{"floor":18,"key":"SpeedPotion"},{"floor":29,"key":"PowerPotion"},{"floor":30,"key":"GamblersBrew"},{"floor":36,"key":"Energy Potion"},{"floor":41,"key":"Poison Potion"}],"is_trial":false,"path_per_floor":["M","?","M","M","$","R","M","E","T","R","?","M","M","M","R","B",null,"M","?","?","M","?","R","T","$","T","R","E","?","M","?","R","B",null,"M","M","?","M","?","R","M","T","T","?","R","M","$","T","R","B",null],"character_chosen":"THE_SILENT","items_purchased":["Noxious Fumes","Crippling Poison","GhostInAJar","Orichalcum","PowerPotion"],"campfire_rested":2,"item_purchase_floors":[5,25,25,47,47],"current_hp_per_floor":[62,62,59,56,56,56,44,23,23,23,23,19,15,6,42,22,63,61,61,61,61,37,37,37,37,37,37,48,41,40,40,40,34,47,45,43,38,37,37,37,36,36,36,26,51,50,50,50,50,50],"gold":1071,"neow_bonus":"RANDOM_COMMON_RELIC","is_prod":false,"is_daily":false,"chose_seed":false,"campfire_upgraded":7,"win_rate":0,"timestamp":1549335102,"path_taken":["M","?","M","?","$","R","M","E","T","R","?","?","M","M","R","BOSS","M","?","?","M","?","R","?","$","T","R","E","?","M","?","R","BOSS","M","M","?","M","?","R","?","?","T","?","R","M","$","?","R","BOSS"],"build_version":"2019-01-23","purchased_purges":3,"victory":true,"max_hp_per_floor":[70,70,70,70,70,70,70,70,70,70,70,70,70,70,70,70,75,75,75,75,75,37,37,37,37,37,37,51,51,51,51,51,51,51,51,51,51,51,51,51,51,51,51,51,51,51,51,51,51,51],"card_choices":[{"not_picked":["Slice","Quick Slash","Deflect"],"picked":"SKIP","floor":1},{"not_picked":["Flying Knee","Deflect"],"picked":"Bouncing Flask","floor":3},{"not_picked":["Poisoned Stab","Quick Slash"],"picked":"Catalyst","floor":4},{"not_picked":["Blade Dance","Bane","Sucker Punch"],"picked":"SKIP","floor":7},{"not_picked":["Predator","Calculated Gamble"],"picked":"Wraith Form v2","floor":8},{"not_picked":["Blade Dance","Cloak And Dagger","Poisoned Stab"],"picked":"SKIP","floor":12},{"not_picked":["Finisher","Dagger Throw","Underhanded Strike"],"picked":"SKIP","floor":13},{"not_picked":["Concentrate","Bane"],"picked":"Well Laid Plans","floor":14},{"not_picked":["Unload","Tools of the Trade"],"picked":"A Thousand Cuts","floor":16},{"not_picked":["Tactician","Bane","Deadly Poison"],"picked":"SKIP","floor":18},{"not_picked":["Quick Slash","Dodge and Roll"],"picked":"Crippling Poison","floor":21},{"not_picked":["Cloak And Dagger+1","Reflex","Dagger Spray+1"],"picked":"SKIP","floor":28},{"not_picked":["Cloak And Dagger","Eviscerate"],"picked":"Blur","floor":30},{"not_picked":["After Image","Envenom"],"picked":"Burst","floor":33},{"not_picked":["Prepared","Poisoned Stab","Tactician+1"],"picked":"SKIP","floor":35},{"not_picked":["Poisoned Stab","Sucker Punch+1","Deadly Poison+1"],"picked":"SKIP","floor":36},{"not_picked":["Blade Dance+1","PiercingWail+1","Skewer"],"picked":"SKIP","floor":38},{"not_picked":["Deadly Poison","Dodge and Roll+1","Prepared+1"],"picked":"SKIP","floor":38},{"not_picked":["Setup","Cloak And Dagger+1"],"picked":"Footwork","floor":41},{"not_picked":["Flying Knee+1","Slice+1","Deadly Poison"],"picked":"SKIP","floor":41},{"not_picked":["Venomology","Acrobatics+1","Deadly Poison"],"picked":"SKIP","floor":46},{"not_picked":["Poisoned Stab+1","Dagger Throw+1","Accuracy+1"],"picked":"SKIP","floor":46}],"player_experience":467925,"relics_obtained":[{"floor":8,"key":"Ornamental Fan"},{"floor":9,"key":"Regal Pillow"},{"floor":24,"key":"Bronze Scales"},{"floor":26,"key":"Bottled Lightning"},{"floor":28,"key":"Mango"},{"floor":29,"key":"Red Mask"},{"floor":37,"key":"Prayer Wheel"},{"floor":42,"key":"Potion Belt"},{"floor":43,"key":"Oddly Smooth Stone"},{"floor":44,"key":"The Specimen"}],"event_choices":[{"damage_healed":0,"gold_gain":0,"player_choice":"Trade","damage_taken":0,"relics_obtained":["SsserpentHead"],"max_hp_gain":0,"max_hp_loss":0,"event_name":"FaceTrader","floor":2,"gold_loss":0},{"cards_removed":["Strike_G"],"damage_healed":0,"gold_gain":0,"player_choice":"Offered Basic","damage_taken":0,"max_hp_gain":0,"max_hp_loss":0,"event_name":"Bonfire Elementals","floor":11,"gold_loss":0},{"damage_healed":0,"gold_gain":0,"player_choice":"Obtained Relic","damage_taken":0,"relics_obtained":["Art of War"],"max_hp_gain":0,"max_hp_loss":0,"event_name":"Addict","floor":19,"gold_loss":85},{"cards_removed":["Strike_G"],"damage_healed":0,"gold_gain":0,"player_choice":"Elegance","damage_taken":0,"max_hp_gain":0,"max_hp_loss":0,"event_name":"Back to Basics","floor":20,"gold_loss":0},{"damage_healed":0,"gold_gain":0,"player_choice":"Became a Ghost","damage_taken":0,"max_hp_gain":0,"max_hp_loss":38,"event_name":"Ghosts","floor":22,"gold_loss":0,"cards_obtained":["Ghostly","Ghostly","Ghostly","Ghostly","Ghostly"]},{"damage_healed":0,"gold_gain":0,"player_choice":"Fought Bandits","damage_taken":0,"max_hp_gain":0,"max_hp_loss":0,"event_name":"Masked Bandits","floor":29,"gold_loss":0},{"damage_healed":0,"gold_gain":250,"player_choice":"Bet on Owner","damage_taken":0,"max_hp_gain":0,"max_hp_loss":0,"event_name":"The Joust","floor":31,"gold_loss":50},{"damage_healed":0,"gold_gain":0,"player_choice":"Fight","damage_taken":0,"max_hp_gain":0,"max_hp_loss":0,"event_name":"MindBloom","floor":37,"gold_loss":0},{"damage_healed":0,"gold_gain":0,"player_choice":"Ignored","damage_taken":0,"max_hp_gain":0,"max_hp_loss":0,"event_name":"SecretPortal","floor":39,"gold_loss":0},{"damage_healed":0,"gold_gain":0,"player_choice":"Fight","damage_taken":0,"max_hp_gain":0,"max_hp_loss":0,"event_name":"Mysterious Sphere","floor":44,"gold_loss":0}],"is_beta":false,"boss_relics":[{"not_picked":["Busted Crown","Eternal Feather"],"picked":"Empty Cage"},{"not_picked":["Lizard Tail","Pandora\u0027s Box"],"picked":"Cursed Key"}],"items_purged_floors":[5,25,47],"is_endless":false,"potions_floor_spawned":[1,8,12,13,16,18,29,30,33,36,41],"ascension_level":11}