{"gold_per_floor":[110,122,141,141,160,160,185,185,211,226,226,244,244,271,271,367,367,382,365,379,5,5,5,5,5,30,48,48,48,58,77,77,77],"floor_reached":33,"playtime":2410,"items_purged":[],"score":249,"play_id":"986fd0f1-d46a-4eaa-b1e6-71a712afb434","local_time":"20190616143855","is_ascension_mode":false,"campfire_choices":[{"floor":6,"key":"REST"},{"floor":8,"key":"REST"},{"data":"BootSequence","floor":15,"key":"SMITH"},{"floor":23,"key":"REST"},{"data":"Conserve Battery","floor":25,"key":"SMITH"},{"floor":32,"key":"REST"}],"neow_cost":"NONE","seed_source_timestamp":6933773373500,"circlet_count":0,"master_deck":["Strike_B","Strike_B","Strike_B","Defend_B","Defend_B","Defend_B","Defend_B","Zap","Dualcast","Madness","Sweeping Beam","Conserve Battery","Self Repair","Chaos","BootSequence+1","Go for the Eyes","Chill+1","Fission","Leap","Echo Form","Tempest","Cold Snap","Redo+1","The Bomb","Melter","Stack","Rebound","Conserve Battery+1","Heatsinks","Writhe","White Noise","Leap+1"],"relics":["Cracked Core","Juzu Bracelet","Smiling Mask","Pen Nib","Inserter","Lantern","Happy Flower","MutagenicStrength"],"potions_floor_usage":[7,16,16,18,19,20],"damage_taken":[{"damage":9,"enemies":"Jaw Worm","floor":1,"turns":4},{"damage":1,"enemies":"Cultist","floor":2,"turns":4},{"damage":0,"enemies":"2 Louse","floor":3,"turns":3},{"damage":22,"enemies":"Large Slime","floor":5,"turns":7},{"damage":30,"enemies":"Gremlin Nob","floor":7,"turns":5},{"damage":0,"enemies":"Blue Slaver","floor":10,"turns":3},{"damage":1,"enemies":"Red Slaver","floor":12,"turns":4},{"damage":55,"enemies":"Hexaghost","floor":16,"turns":12},{"damage":20,"enemies":"Chosen","floor":18,"turns":7},{"damage":10,"enemies":"2 Thieves","floor":19,"turns":5},{"damage":50,"enemies":"Cultist and Chosen","floor":20,"turns":10},{"damage":10,"enemies":"Snecko","floor":27,"turns":5},{"damage":6,"enemies":"Shelled Parasite and Fungi","floor":30,"turns":7},{"damage":68,"enemies":"Cultist and Chosen","floor":31,"turns":11},{"damage":53,"enemies":"Collector","floor":33,"turns":10}],"seed_played":"5458084880566386969","potions_obtained":[{"floor":5,"key":"Fire Potion"},{"floor":7,"key":"Weak Potion"},{"floor":12,"key":"SpeedPotion"},{"floor":16,"key":"LiquidBronze"},{"floor":18,"key":"FocusPotion"},{"floor":19,"key":"Regen Potion"}],"is_trial":false,"path_per_floor":["M","M","M","?","M","R","E","R","T","M","?","M","?","T","R","B",null,"M","M","M","$","?","R","$","R","T","M","?","?","M","M","R","B"],"character_chosen":"DEFECT","items_purchased":["The Bomb","Melter","Stack","Rebound","Conserve Battery"],"campfire_rested":4,"item_purchase_floors":[21,21,21,21,21],"current_hp_per_floor":[66,65,65,65,50,72,49,71,71,75,75,75,80,80,80,32,80,67,71,49,49,49,73,73,73,73,70,70,70,71,17,41,0],"gold":77,"neow_bonus":"RANDOM_COLORLESS","is_prod":false,"is_daily":false,"chose_seed":false,"campfire_upgraded":2,"win_rate":0.0,"timestamp":1560692335,"path_taken":["M","M","M","?","M","R","E","R","T","M","?","M","?","?","R","BOSS","M","M","M","$","?","R","$","R","T","M","?","?","M","M","R","BOSS"],"build_version":"2019-01-23","purchased_purges":0,"victory":false,"max_hp_per_floor":[75,75,75,75,75,75,75,75,75,75,75,75,80,80,80,80,80,80,80,80,80,80,80,80,80,80,80,80,80,80,80,80,80],"card_choices":[{"not_picked":["Compile Driver","Steam"],"picked":"Sweeping Beam","floor":1},{"not_picked":["Defragment","Go for the Eyes"],"picked":"Conserve Battery","floor":2},{"not_picked":["Barrage","Core Surge"],"picked":"Self Repair","floor":3},{"not_picked":["Aggregate","Scrape"],"picked":"BootSequence","floor":5},{"not_picked":["Fusion","Leap"],"picked":"Go for the Eyes","floor":7},{"not_picked":["Sweeping Beam","Capacitor"],"picked":"Chill","floor":10},{"not_picked":["Ball Lightning","Fusion"],"picked":"Leap","floor":12},{"not_picked":["Rainbow","Creative AI"],"picked":"Echo Form","floor":16},{"not_picked":["Rebound","Defragment+1"],"picked":"Tempest","floor":18},{"not_picked":["Self Repair","Leap"],"picked":"Cold Snap","floor":19},{"not_picked":["Coolheaded","Conserve Battery+1"],"picked":"Redo+1","floor":20},{"not_picked":["Self Repair","Sweeping Beam"],"picked":"Heatsinks","floor":27},{"not_picked":["Sweeping Beam","Melter"],"picked":"White Noise","floor":30},{"not_picked":["Barrage+1","Go for the Eyes"],"picked":"Leap+1","floor":31}],"player_experience":59010,"relics_obtained":[{"floor":7,"key":"Juzu Bracelet"},{"floor":9,"key":"Smiling Mask"},{"floor":14,"key":"Pen Nib"},{"floor":26,"key":"Lantern"}],"event_choices":[{"damage_healed":0,"gold_gain":0,"cards_transformed":["Strike_B"],"player_choice":"Transformed","damage_taken":0,"max_hp_gain":0,"max_hp_loss":0,"event_name":"Transmorgrifier","floor":4,"gold_loss":0,"cards_obtained":["Chaos"]},{"damage_healed":0,"gold_gain":0,"player_choice":"1 cards matched","damage_taken":0,"max_hp_gain":0,"max_hp_loss":0,"event_name":"Match and Keep!","floor":11,"gold_loss":0,"cards_obtained":["Fission"]},{"damage_healed":0,"gold_gain":0,"player_choice":"Donut","damage_taken":0,"max_hp_gain":5,"max_hp_loss":0,"event_name":"Big Fish","floor":13,"gold_loss":0},{"damage_healed":0,"gold_gain":0,"player_choice":"Upgraded","damage_taken":0,"max_hp_gain":0,"max_hp_loss":0,"event_name":"Upgrade Shrine","floor":22,"gold_loss":0,"cards_upgraded":["Chill"]},{"damage_healed":0,"gold_gain":0,"player_choice":"Opened","damage_taken":0,"relics_obtained":["Happy Flower"],"max_hp_gain":0,"max_hp_loss":0,"event_name":"The Mausoleum","floor":28,"gold_loss":0,"cards_obtained":["Writhe"]},{"damage_healed":0,"gold_gain":0,"player_choice":"Inject Mutagens","damage_taken":0,"relics_obtained":["MutagenicStrength"],"max_hp_gain":0,"max_hp_loss":0,"event_name":"Drug Dealer","floor":29,"gold_loss":0}],"is_beta":false,"boss_relics":[{"not_picked":["Orrery","Snecko Eye"],"picked":"Inserter"}],"items_purged_floors":[],"is_endless":false,"potions_floor_spawned":[5,7,12,16,18,19],"killed_by":"Collector","ascension_level":0}