{"gold_per_floor":[117,128,128,128,128,168,21,21,90,123,123,163,178,199,199,318,318,343,343,39,39,58,92,92,92,92,92,92,92,92,119,119,119],"floor_reached":33,"playtime":1450,"items_purged":["Strike_G","Strike_G"],"score":419,"play_id":"69933fcf-d93d-4353-a904-04a9a29a2708","local_time":"20190101163455","is_ascension_mode":true,"campfire_choices":[{"data":"Noxious Fumes","floor":8,"key":"SMITH"},{"floor":11,"key":"REST"},{"data":"Deadly Poison","floor":15,"key":"SMITH"},{"data":"Catalyst","floor":24,"key":"SMITH"},{"floor":25,"key":"REST"},{"data":"Malaise","floor":27,"key":"SMITH"},{"data":"RitualDagger","floor":30,"key":"SMITH"},{"data":"Footwork","floor":32,"key":"SMITH"}],"neow_cost":"NONE","seed_source_timestamp":982776294459563,"circlet_count":0,"master_deck":["Defend_G","Defend_G","Defend_G","Defend_G","Defend_G","Strike_G","Survivor","Neutralize","Dodge and Roll","Cloak And Dagger+1","Corpse Explosion","Noxious Fumes+1","Cloak And Dagger","Deadly Poison+1","Malaise+1","Catalyst+1","Deadly Poison","Footwork+1","Adrenaline","Well Laid Plans+1","Acrobatics","RitualDagger+1","Backflip"],"relics":["Ring of the Snake","NeowsBlessing","Bloody Idol","Mercury Hourglass","Question Card","Pear","Bottled Lightning","Vajra","Sozu","WingedGreaves","Mummified Hand"],"potions_floor_usage":[10,10,10,23,31,33],"damage_taken":[{"damage":0,"enemies":"2 Louse","floor":1,"turns":1},{"damage":0,"enemies":"Small Slimes","floor":2,"turns":1},{"damage":0,"enemies":"Lagavulin","floor":6,"turns":1},{"damage":31,"enemies":"Gremlin Nob","floor":10,"turns":4},{"damage":3,"enemies":"3 Sentries","floor":12,"turns":4},{"damage":1,"enemies":"Jaw Worm","floor":13,"turns":3},{"damage":0,"enemies":"Lots of Slimes","floor":14,"turns":1},{"damage":22,"enemies":"Hexaghost","floor":16,"turns":8},{"damage":14,"enemies":"2 Thieves","floor":18,"turns":2},{"damage":0,"enemies":"Chosen","floor":22,"turns":3},{"damage":20,"enemies":"Gremlin Leader","floor":23,"turns":6},{"damage":14,"enemies":"Book of Stabbing","floor":31,"turns":5},{"damage":46,"enemies":"Champ","floor":33,"turns":8}],"seed_played":"-8609605604452369486","potions_obtained":[{"floor":2,"key":"Regen Potion"},{"floor":6,"key":"EntropicBrew"},{"floor":10,"key":"SkillPotion"}],"is_trial":false,"path_per_floor":["M","M","?","?","?","E","$","R","T","E","R","E","M","M","R","B",null,"M","?","$","?","M","E","R","R","T","R","?","?","R","E","R","B"],"character_chosen":"THE_SILENT","items_purchased":["Noxious Fumes","Catalyst","Deadly Poison","Footwork"],"campfire_rested":2,"item_purchase_floors":[7,20,20,20],"current_hp_per_floor":[63,63,46,46,28,28,28,28,38,19,43,40,39,39,39,17,64,50,50,50,50,50,30,30,54,54,54,54,48,48,39,39,0],"gold":119,"neow_bonus":"THREE_ENEMY_KILL","is_prod":false,"is_daily":false,"chose_seed":false,"campfire_upgraded":6,"win_rate":0,"timestamp":1546389295,"path_taken":["M","M","?","?","?","E","$","R","T","E","R","E","M","M","R","BOSS","M","?","$","?","?","E","R","R","T","R","?","?","R","E","R","BOSS"],"build_version":"2018-12-20","purchased_purges":2,"victory":false,"max_hp_per_floor":[70,70,70,70,70,70,70,70,80,80,80,80,80,80,80,80,80,80,80,80,80,80,80,80,80,80,80,80,80,80,80,80,80],"card_choices":[{"not_picked":["Quick Slash","Outmaneuver"],"picked":"Dodge and Roll","floor":1},{"not_picked":["Sucker Punch","Acrobatics"],"picked":"Cloak And Dagger","floor":2},{"not_picked":["Distraction","Leg Sweep"],"picked":"Corpse Explosion","floor":6},{"not_picked":["Blade Dance","Dagger Throw","Flying Knee"],"picked":"Cloak And Dagger","floor":10},{"not_picked":["Dagger Spray","Poisoned Stab","Reflex"],"picked":"Deadly Poison","floor":12},{"not_picked":["Finisher","Deflect","Riddle With Holes","Infinite Blades"],"picked":"SKIP","floor":13},{"not_picked":["Prepared","Poisoned Stab","Dagger Throw","Eviscerate"],"picked":"SKIP","floor":14},{"not_picked":["Venomology","Wraith Form v2","Corpse Explosion"],"picked":"Malaise","floor":16},{"not_picked":["Slice","Skewer","Quick Slash","Underhanded Strike"],"picked":"SKIP","floor":18},{"not_picked":["Sucker Punch","Cloak And Dagger+1","Expertise"],"picked":"Well Laid Plans+1","floor":22},{"not_picked":["Dash+1","Night Terror","Poisoned Stab"],"picked":"Acrobatics","floor":23},{"not_picked":["Riddle With Holes","Quick Slash","Heel Hook"],"picked":"Backflip","floor":31}],"player_experience":251450,"relics_obtained":[{"floor":6,"key":"Question Card"},{"floor":9,"key":"Pear"},{"floor":10,"key":"Bottled Lightning"},{"floor":12,"key":"Vajra"},{"floor":23,"key":"WingedGreaves"},{"floor":31,"key":"Mummified Hand"}],"event_choices":[{"damage_healed":0,"gold_gain":0,"player_choice":"Take Damage","damage_taken":17,"relics_obtained":["Golden Idol"],"max_hp_gain":0,"max_hp_loss":0,"event_name":"Golden Idol","floor":3,"gold_loss":0},{"damage_healed":0,"gold_gain":0,"player_choice":"Grow","damage_taken":0,"max_hp_gain":0,"max_hp_loss":0,"event_name":"Living Wall","floor":4,"gold_loss":0,"cards_upgraded":["Cloak And Dagger"]},{"damage_healed":0,"gold_gain":0,"player_choice":"Success","damage_taken":18,"relics_obtained":["Mercury Hourglass"],"max_hp_gain":0,"max_hp_loss":0,"event_name":"Scrap Ooze","floor":5,"gold_loss":0},{"cards_removed":["Strike_G"],"damage_healed":0,"gold_gain":0,"player_choice":"Elegance","damage_taken":0,"max_hp_gain":0,"max_hp_loss":0,"event_name":"Back to Basics","floor":19,"gold_loss":0},{"damage_healed":0,"gold_gain":0,"cards_transformed":["Strike_G"],"player_choice":"Transformed","damage_taken":0,"max_hp_gain":0,"max_hp_loss":0,"event_name":"Transmorgrifier","floor":21,"gold_loss":0,"cards_obtained":["Adrenaline"]},{"damage_healed":0,"gold_gain":0,"player_choice":"Gave Idol","damage_taken":0,"relics_obtained":["Bloody Idol"],"max_hp_gain":0,"max_hp_loss":0,"event_name":"Forgotten Altar","floor":28,"relics_lost":["Golden Idol"],"gold_loss":0},{"damage_healed":0,"gold_gain":0,"player_choice":"Joined the Cult","damage_taken":6,"max_hp_gain":0,"max_hp_loss":0,"event_name":"Nest","floor":29,"gold_loss":0,"cards_obtained":["RitualDagger"]}],"is_beta":false,"boss_relics":[{"not_picked":["HoveringKite","Empty Cage"],"picked":"Sozu"}],"items_purged_floors":[7,20],"is_endless":false,"potions_floor_spawned":[2,6,10,23,31],"killed_by":"Champ","ascension_level":6}