{"gold_per_floor":[211,211,33,33,33,33,61,73,73,73,98,110,142,170,182,268,280,302,161,172,189,200,200,200,214,238,238,252,267,267,295,295,368,368,378,393,191,191,42,42,53,53,53,53],"floor_reached":44,"playtime":4882,"items_purged":["Strike_B"],"score":731,"play_id":"91375c23-e7be-477b-8b67-d2e8da1e1f6c","local_time":"20190529021626","is_ascension_mode":true,"campfire_choices":[{"data":"Cold Snap","floor":6.0,"key":"SMITH"},{"floor":10.0,"key":"DIG"},{"floor":12.0,"key":"DIG"},{"floor":15.0,"key":"REST"},{"floor":23.0,"key":"DIG"},{"floor":27.0,"key":"DIG"},{"floor":30.0,"key":"DIG"},{"floor":32.0,"key":"DIG"},{"floor":40.0,"key":"DIG"},{"floor":42.0,"key":"DIG"}],"neow_cost":"NONE","seed_source_timestamp":1141497628524887,"circlet_count":0,"master_deck":["AscendersBane","Zap+1","Dualcast","Steam","Cold Snap+1","Gash","Melter+1","Compile Driver","Conserve Battery+1","Biased Cognition","Creative AI","Static Discharge","Conserve Battery","Hyperbeam","Rebound","Barrage+1","Genetic Algorithm","Self Repair","Glacier","Undo+1","Coolheaded+1","Compile Driver","Defragment","Undo","Defragment"],"special_seed":0,"relics":["Cracked Core","Shovel","Regal Pillow","MawBank","Art of War","Pandora\u0027s Box","Anchor","Nunchaku","Lantern","Dodecahedron","Pear","Dream Catcher","Meat on the Bone","Philosopher\u0027s Stone","Runic Capacitor","War Paint","Whetstone","The Courier"],"potions_floor_usage":[],"damage_taken":[{"damage":8.0,"enemies":"Small Slimes","floor":1.0,"turns":3.0},{"damage":16.0,"enemies":"Lagavulin","floor":7.0,"turns":6.0},{"damage":0.0,"enemies":"Cultist","floor":8.0,"turns":3.0},{"damage":1.0,"enemies":"Jaw Worm","floor":11.0,"turns":3.0},{"damage":4.0,"enemies":"Red Slaver","floor":13.0,"turns":3.0},{"damage":0.0,"enemies":"Exordium Wildlife","floor":14.0,"turns":4.0},{"damage":49.0,"enemies":"Hexaghost","floor":16.0,"turns":11.0},{"damage":1.0,"enemies":"Chosen","floor":18.0,"turns":5.0},{"damage":0.0,"enemies":"Spheric Guardian","floor":20.0,"turns":3.0},{"damage":30.0,"enemies":"Snake Plant","floor":21.0,"turns":4.0},{"damage":2.0,"enemies":"Shelled Parasite and Fungi","floor":22.0,"turns":6.0},{"damage":10.0,"enemies":"Cultist and Chosen","floor":25.0,"turns":6.0},{"damage":3.0,"enemies":"Sentry and Sphere","floor":28.0,"turns":4.0},{"damage":0.0,"enemies":"Snake Plant","floor":29.0,"turns":6.0},{"damage":15.0,"enemies":"Slavers","floor":31.0,"turns":6.0},{"damage":9.0,"enemies":"Champ","floor":33.0,"turns":21.0},{"damage":4.0,"enemies":"3 Shapes","floor":35.0,"turns":6.0},{"damage":2.0,"enemies":"Orb Walker","floor":36.0,"turns":4.0},{"damage":27.0,"enemies":"Jaw Worm Horde","floor":41.0,"turns":4.0},{"damage":59,"enemies":"Nemesis","floor":44,"turns":8}],"seed_played":"6803013766419910840","potions_obtained":[{"floor":1.0,"key":"AttackPotion"},{"floor":8.0,"key":"SteroidPotion"},{"floor":16.0,"key":"Energy Potion"},{"floor":18.0,"key":"Swift Potion"},{"floor":29.0,"key":"FocusPotion"},{"floor":36.0,"key":"PowerPotion"}],"is_trial":false,"path_per_floor":["M","?","$","$","?","R","E","M","T","R","M","R","M","M","R","B",null,"M","$","M","M","M","R","?","M","T","R","M","M","R","E","R","B",null,"M","M","$","?","$","R","M","R","T","E"],"character_chosen":"DEFECT","items_purchased":["Cold Snap","Fire Potion","Anchor","Runic Capacitor","Defragment","Undo"],"campfire_rested":1,"item_purchase_floors":[3,3,19,37,39,39],"current_hp_per_floor":[56,56,56,56,49,49,33,33,33,33,32,32,28,28,64,15,57,56,56,56,33,38,38,71,68,68,68,71,71,81,73,73,71,79,81,81,81,77,77,77,57,57,57,0],"gold":53,"neow_bonus":"HUNDRED_GOLD","is_prod":false,"is_daily":false,"chose_seed":false,"campfire_upgraded":1,"win_rate":0,"timestamp":1559088986,"path_taken":["M","?","?","$","?","R","E","?","T","R","M","R","M","M","R","BOSS","M","$","M","M","M","R","?","M","T","R","M","?","R","E","R","BOSS","M","M","$","?","$","R","M","R","T","E"],"build_version":"2019-01-23","purchased_purges":1,"victory":false,"max_hp_per_floor":[71,71,71,71,71,71,71,71,71,71,71,71,71,71,71,71,71,71,71,71,71,71,71,71,71,71,71,71,71,81,81,81,81,81,81,81,81,77,77,77,77,77,77,77],"card_choices":[{"not_picked":["Force Field","Sweeping Beam"],"picked":"Steam","floor":1.0},{"not_picked":["Hello World","Conserve Battery"],"picked":"Gash","floor":7.0},{"not_picked":["Redo","Hologram"],"picked":"Melter","floor":8.0},{"not_picked":["Heatsinks","Recycle"],"picked":"Compile Driver","floor":11.0},{"not_picked":["Gash","Sweeping Beam"],"picked":"Conserve Battery","floor":13.0},{"not_picked":["Melter","Heatsinks","Force Field"],"picked":"SKIP","floor":14.0},{"not_picked":["Electrodynamics","Fission"],"picked":"Biased Cognition","floor":16.0},{"not_picked":["Cold Snap","Ball Lightning"],"picked":"Genetic Algorithm","floor":18.0},{"not_picked":["Sweeping Beam","Ball Lightning+1"],"picked":"Self Repair","floor":20.0},{"not_picked":["Gash","Redo"],"picked":"Glacier","floor":21.0},{"not_picked":["Hologram+1","Cold Snap","Streamline"],"picked":"SKIP","floor":22.0},{"not_picked":["Hologram","Ball Lightning"],"picked":"Undo","floor":25.0},{"not_picked":["Recycle","BootSequence","Glacier"],"picked":"SKIP","floor":28.0},{"not_picked":["Tempest","White Noise","Streamline"],"picked":"SKIP","floor":29.0},{"not_picked":["Core Surge","Multi-Cast"],"picked":"Coolheaded+1","floor":31.0},{"not_picked":["Rebound","Ball Lightning","White Noise"],"picked":"SKIP","floor":35.0},{"not_picked":["Conserve Battery+1","Ball Lightning+1"],"picked":"Compile Driver","floor":36.0},{"not_picked":["Redo","Skim"],"picked":"Defragment","floor":41.0}],"player_experience":686580,"relics_obtained":[{"floor":7.0,"key":"Shovel"},{"floor":9.0,"key":"Regal Pillow"},{"floor":10.0,"key":"MawBank"},{"floor":12.0,"key":"Art of War"},{"floor":23.0,"key":"Nunchaku"},{"floor":26.0,"key":"Lantern"},{"floor":27.0,"key":"Dodecahedron"},{"floor":30.0,"key":"Pear"},{"floor":31.0,"key":"Dream Catcher"},{"floor":32.0,"key":"Meat on the Bone"},{"floor":40.0,"key":"War Paint"},{"floor":42.0,"key":"Whetstone"},{"floor":43.0,"key":"The Courier"}],"event_choices":[{"damage_healed":0.0,"max_hp_gain":0.0,"max_hp_loss":0.0,"gold_gain":0.0,"event_name":"Upgrade Shrine","player_choice":"Upgraded","floor":2.0,"gold_loss":0.0,"damage_taken":0.0,"cards_upgraded":["Zap"]},{"damage_healed":0.0,"max_hp_gain":0.0,"max_hp_loss":0.0,"gold_gain":0.0,"event_name":"Wheel of Change","player_choice":"Damaged","floor":5.0,"gold_loss":0.0,"damage_taken":7.0},{"cards_removed":["Heatsinks"],"damage_healed":33.0,"max_hp_gain":0.0,"max_hp_loss":0.0,"gold_gain":0.0,"event_name":"Bonfire Elementals","player_choice":"Offered Uncommon","floor":24.0,"gold_loss":0.0,"damage_taken":0.0},{"damage_healed":0.0,"max_hp_gain":0.0,"max_hp_loss":4.0,"gold_gain":0.0,"event_name":"Winding Halls","player_choice":"Max HP","floor":38.0,"gold_loss":0.0,"damage_taken":0.0}],"is_beta":false,"boss_relics":[{"not_picked":["Runic Dome","Empty Cage"],"picked":"Pandora\u0027s Box"},{"not_picked":["Inserter","Astrolabe"],"picked":"Philosopher\u0027s Stone"}],"items_purged_floors":[3],"is_endless":false,"potions_floor_spawned":[1,8,16,18,21,29,36],"killed_by":"Nemesis","ascension_level":14}