{"gold_per_floor":[219,169,179,104,121,146,165,181,181,181,206,224,224,297,297,417,417,433,181,204,220,235,235,235],"floor_reached":24,"playtime":2135,"items_purged":["Strike_B","Strike_B"],"score":388,"play_id":"3c18de76-2560-4d0c-a61f-b0ef63b58df0","local_time":"20190420015056","is_ascension_mode":true,"campfire_choices":[{"floor":15.0,"key":"REST"},{"floor":23,"key":"REST"}],"neow_cost":"NONE","seed_source_timestamp":522402054358717,"circlet_count":0,"master_deck":["Strike_B","Defend_B","Defend_B","Defend_B","Defend_B","Zap","Dualcast","Compile Driver","Darkness","Coolheaded","Hologram","Consume+1","BootSequence","Creative AI","Leap+1","Loop","Reinforced Body","Consume","Lockon+1","Heatsinks"],"special_seed":0,"relics":["Cracked Core","Bottled Flame","Blood Vial","Golden Idol","Cables","Snecko Eye"],"potions_floor_usage":[20,24],"damage_taken":[{"damage":2.0,"enemies":"Jaw Worm","floor":1.0,"turns":3.0},{"damage":0.0,"enemies":"Small Slimes","floor":3.0,"turns":3.0},{"damage":0.0,"enemies":"Cultist","floor":5.0,"turns":3.0},{"damage":25.0,"enemies":"Lagavulin","floor":6.0,"turns":7.0},{"damage":7.0,"enemies":"2 Fungi Beasts","floor":7.0,"turns":4.0},{"damage":5.0,"enemies":"Blue Slaver","floor":8.0,"turns":4.0},{"damage":21.0,"enemies":"Lots of Slimes","floor":11.0,"turns":7.0},{"damage":5.0,"enemies":"Red Slaver","floor":12.0,"turns":3.0},{"damage":0.0,"enemies":"Slime Boss","floor":16.0,"turns":4.0},{"damage":0.0,"enemies":"Spheric Guardian","floor":18.0,"turns":3.0},{"damage":9,"enemies":"3 Byrds","floor":20,"turns":4},{"damage":19,"enemies":"Centurion and Healer","floor":21,"turns":9},{"damage":16,"enemies":"Snake Plant","floor":22,"turns":4},{"damage":53,"enemies":"Gremlin Leader","floor":24,"turns":7}],"seed_played":"2887331824869179644","potions_obtained":[{"floor":6.0,"key":"Regen Potion"},{"floor":7.0,"key":"Poison Potion"},{"floor":8.0,"key":"PowerPotion"},{"floor":11.0,"key":"LiquidBronze"},{"floor":16.0,"key":"GamblersBrew"},{"floor":22,"key":"SneckoOil"}],"is_trial":false,"path_per_floor":["M","?","M","$","M","E","M","M","T","?","M","M","?","T","R","B",null,"M","$","M","M","M","R","E"],"character_chosen":"DEFECT","items_purchased":["Loop","Reinforced Body"],"campfire_rested":2,"item_purchase_floors":[19,19],"current_hp_per_floor":[66,66,66,66,66,41,46,41,41,41,22,19,19,19,39,41,62,64,64,57,40,26,46,0],"gold":235,"neow_bonus":"HUNDRED_GOLD","is_prod":false,"is_daily":false,"chose_seed":false,"campfire_upgraded":0,"win_rate":0,"timestamp":1555717856,"path_taken":["M","?","M","$","M","E","M","M","T","?","?","?","?","?","R","BOSS","M","$","M","M","M","R","E"],"build_version":"2019-01-23","purchased_purges":2,"victory":false,"max_hp_per_floor":[75,75,75,75,75,75,75,75,75,69,69,69,69,69,69,69,69,69,69,69,69,69,69,69],"card_choices":[{"not_picked":["Conserve Battery","BootSequence"],"picked":"Compile Driver","floor":1.0},{"not_picked":["Reprogram","Cold Snap"],"picked":"Darkness","floor":3.0},{"not_picked":["Storm","Conserve Battery"],"picked":"Coolheaded","floor":5.0},{"not_picked":["Leap","Compile Driver"],"picked":"Hologram","floor":6.0},{"not_picked":["Seek","Conserve Battery"],"picked":"Consume","floor":7.0},{"not_picked":["Auto Shields","Blizzard","Ball Lightning"],"picked":"SKIP","floor":8.0},{"not_picked":["Barrage","Cold Snap"],"picked":"BootSequence","floor":11.0},{"not_picked":["Undo","Barrage","Aggregate"],"picked":"SKIP","floor":12.0},{"not_picked":["Core Surge","Amplify"],"picked":"Creative AI","floor":16.0},{"not_picked":["FTL","Gash"],"picked":"Leap+1","floor":18.0},{"not_picked":["Skim","Scrape+1"],"picked":"Consume","floor":20},{"not_picked":["Ball Lightning","Beam Cell"],"picked":"Lockon+1","floor":21},{"not_picked":["Leap","Stack"],"picked":"Heatsinks","floor":22}],"player_experience":481729,"relics_obtained":[{"floor":6.0,"key":"Bottled Flame"},{"floor":9.0,"key":"Blood Vial"},{"floor":14.0,"key":"Cables"}],"event_choices":[{"cards_removed":["Strike_B"],"damage_healed":0.0,"max_hp_gain":0.0,"max_hp_loss":0.0,"gold_gain":0.0,"event_name":"The Cleric","player_choice":"Card Removal","floor":2.0,"gold_loss":50.0,"damage_taken":0.0},{"damage_healed":0.0,"max_hp_gain":0.0,"max_hp_loss":6.0,"gold_gain":0.0,"event_name":"Golden Idol","player_choice":"Lose Max HP","floor":10.0,"gold_loss":0.0,"damage_taken":0.0,"relics_obtained":["Golden Idol"]},{"damage_healed":0.0,"max_hp_gain":0.0,"max_hp_loss":0.0,"gold_gain":0.0,"event_name":"Living Wall","player_choice":"Grow","floor":13.0,"gold_loss":0.0,"damage_taken":0.0,"cards_upgraded":["Consume"]}],"is_beta":false,"boss_relics":[{"not_picked":["Black Star","Coffee Dripper"],"picked":"Snecko Eye"}],"items_purged_floors":[4,19],"is_endless":false,"potions_floor_spawned":[6,7,8,11,16,22],"killed_by":"Gremlin Leader","ascension_level":8}