{"gold_per_floor":[113,24,24,36,55,80,3,22,22,22,83,94,111,134,134,239,239,239],"floor_reached":18,"playtime":1612,"items_purged":[],"score":162,"play_id":"93ea42db-9811-4d3e-a334-a9292f5dcd51","local_time":"20190616170734","is_ascension_mode":false,"campfire_choices":[{"floor":10,"key":"REST"},{"floor":15,"key":"REST"}],"neow_cost":"NONE","seed_source_timestamp":16650987923100,"circlet_count":0,"master_deck":["Strike_R","Strike_R","Strike_R","Strike_R","Defend_R","Defend_R","Defend_R","Defend_R+1","Bash","Juggernaut","Entrench+1","Jack Of All Trades","Barricade","Pommel Strike","Limit Break","Iron Wave","Shrug It Off","Heavy Blade","Armaments","Inflame","Body Slam","Corruption","Double Tap","Feed"],"relics":["Black Blood","War Paint","Juzu Bracelet","Meat on the Bone","Odd Mushroom"],"potions_floor_usage":[11,13,14,14],"damage_taken":[{"damage":5,"enemies":"Cultist","floor":1,"turns":4},{"damage":1,"enemies":"2 Louse","floor":4,"turns":5},{"damage":10,"enemies":"Jaw Worm","floor":5,"turns":7},{"damage":27,"enemies":"Lagavulin","floor":6,"turns":12},{"damage":5,"enemies":"Looter","floor":8,"turns":4},{"damage":24,"enemies":"Lagavulin Event","floor":11,"turns":9},{"damage":14,"enemies":"3 Louse","floor":12,"turns":5},{"damage":4,"enemies":"Blue Slaver","floor":13,"turns":4},{"damage":24,"enemies":"The Mushroom Lair","floor":14,"turns":7},{"damage":50,"enemies":"The Guardian","floor":16,"turns":14},{"damage":83,"enemies":"3 Byrds","floor":18,"turns":8}],"seed_played":"206102863221847333","potions_obtained":[{"floor":4,"key":"Regen Potion"},{"floor":6,"key":"Ancient Potion"},{"floor":11,"key":"SteroidPotion"},{"floor":13,"key":"Fire Potion"}],"is_trial":false,"path_per_floor":["M","$","?","M","M","E","$","M","T","R","?","M","M","?","R","B",null,"M"],"character_chosen":"IRONCLAD","items_purchased":["Jack Of All Trades","Shrug It Off","Heavy Blade"],"campfire_rested":2,"item_purchase_floors":[2,7,7],"current_hp_per_floor":[80,80,80,80,76,55,55,56,56,80,62,54,65,47,71,39,80,0],"gold":239,"neow_bonus":"ONE_RANDOM_RARE_CARD","is_prod":false,"is_daily":false,"chose_seed":false,"campfire_upgraded":0,"win_rate":0.0,"timestamp":1560701254,"path_taken":["M","$","?","M","M","E","$","M","T","R","?","M","M","?","R","BOSS","M"],"build_version":"2019-01-23","purchased_purges":0,"victory":false,"max_hp_per_floor":[80,80,80,80,80,80,80,80,80,80,80,80,80,80,80,80,80,83],"card_choices":[{"not_picked":["Thunderclap","Pommel Strike"],"picked":"Entrench","floor":1},{"not_picked":["Second Wind","Whirlwind"],"picked":"Pommel Strike","floor":4},{"not_picked":["Second Wind","Entrench"],"picked":"Limit Break","floor":5},{"not_picked":["Thunderclap","Sword Boomerang"],"picked":"Iron Wave","floor":6},{"not_picked":["Flex","Combust"],"picked":"Armaments","floor":8},{"not_picked":["Armaments","Intimidate"],"picked":"Inflame","floor":11},{"not_picked":["Sword Boomerang","Heavy Blade"],"picked":"Body Slam","floor":12},{"not_picked":["Pommel Strike","Clash"],"picked":"Corruption","floor":13},{"not_picked":["Heavy Blade","True Grit"],"picked":"Double Tap","floor":14},{"not_picked":["Double Tap","Berserk"],"picked":"Feed","floor":16}],"player_experience":68662,"relics_obtained":[{"floor":6,"key":"War Paint"},{"floor":9,"key":"Juzu Bracelet"},{"floor":11,"key":"Meat on the Bone"},{"floor":14,"key":"Odd Mushroom"}],"event_choices":[{"damage_healed":0,"gold_gain":0,"cards_transformed":["Strike_R"],"player_choice":"Change","damage_taken":0,"max_hp_gain":0,"max_hp_loss":0,"event_name":"Living Wall","floor":3,"gold_loss":0,"cards_obtained":["Barricade"]},{"damage_healed":0,"gold_gain":0,"player_choice":"Searched \u00271\u0027 times","damage_taken":0,"max_hp_gain":0,"max_hp_loss":0,"event_name":"Dead Adventurer","floor":11,"gold_loss":0},{"damage_healed":0,"gold_gain":0,"player_choice":"Fought Mushrooms","damage_taken":0,"max_hp_gain":0,"max_hp_loss":0,"event_name":"Mushrooms","floor":14,"gold_loss":0}],"is_beta":false,"boss_relics":[{"not_picked":["Ectoplasm","Sozu"],"picked":"Black Blood"}],"items_purged_floors":[],"is_endless":false,"potions_floor_spawned":[4,6,11,13],"killed_by":"3 Byrds","ascension_level":0}