{"gold_per_floor":[109,58,75,95,17,17,45,45,71,83,83,110,129,144,144,245,245,265,277,83,83,83,83,83,183,183,196,209,209,609,534,534,636,636,650,650,426,426,439,439,457,457,483,483,500,517,529,139,139,139,139,139,64,95,95],"floor_reached":55,"playtime":3739,"items_purged":["Normality","Defend_G","Defend_G"],"score":707,"play_id":"f27a365b-65b9-42bc-ab66-ed9c2b4de5d8","local_time":"20181206221538","is_ascension_mode":false,"campfire_choices":[{"data":"Noxious Fumes","floor":6,"key":"SMITH"},{"data":"Neutralize","floor":8,"key":"SMITH"},{"data":"Catalyst","floor":11,"key":"SMITH"},{"data":"Catalyst","floor":15,"key":"SMITH"},{"floor":23,"key":"REST"},{"floor":24,"key":"RECALL"},{"floor":29,"key":"REST"},{"floor":32,"key":"REST"},{"data":"Noxious Fumes","floor":40,"key":"SMITH"},{"floor":42,"key":"REST"},{"floor":44,"key":"REST"},{"floor":49,"key":"REST"},{"data":"Catalyst","floor":52,"key":"SMITH"}],"neow_cost":"NONE","seed_source_timestamp":1943998756947239,"circlet_count":0,"master_deck":["Defend_G","Defend_G","Strike_G+1","Survivor","Neutralize+1","Cloak And Dagger","Noxious Fumes+1","Cloak And Dagger","Blur","Tactician","Catalyst+1","Corpse Explosion","Catalyst+1","Adrenaline","Parasite","Clumsy","Predator+1","Backflip","Outmaneuver","After Image","After Image","Backflip+1","Bandage Up","Noxious Fumes+1","Dodge and Roll","Leg Sweep","Terror+1","Footwork","Catalyst+1","Noxious Fumes","Footwork"],"relics":["Empty Cage","Oddly Smooth Stone","Whetstone","PreservedInsect","Calling Bell","Snake Skull","Pear","WingedGreaves","Tiny Chest","Nilry\u0027s Codex","Old Coin","Bottled Flame","Black Star","Happy Flower","Art of War","Lantern","Bottled Lightning"],"potions_floor_usage":[7,12,16,16,30,30,35,41],"damage_taken":[{"damage":1,"enemies":"Cultist","floor":1,"turns":6},{"damage":0,"enemies":"Jaw Worm","floor":3,"turns":6},{"damage":0,"enemies":"2 Louse","floor":4,"turns":3},{"damage":6,"enemies":"Lagavulin","floor":7,"turns":10},{"damage":7,"enemies":"Lots of Slimes","floor":10,"turns":4},{"damage":6,"enemies":"3 Sentries","floor":12,"turns":9},{"damage":10,"enemies":"Looter","floor":13,"turns":4},{"damage":2,"enemies":"3 Louse","floor":14,"turns":3},{"damage":10,"enemies":"Hexaghost","floor":16,"turns":7},{"damage":36,"enemies":"2 Thieves","floor":18,"turns":4},{"damage":16,"enemies":"Chosen","floor":19,"turns":5},{"damage":15,"enemies":"Snecko","floor":27,"turns":3},{"damage":7,"enemies":"Centurion and Healer","floor":28,"turns":5},{"damage":7,"enemies":"Colosseum Slavers","floor":30,"turns":4},{"damage":20,"enemies":"Colosseum Nobs","floor":30,"turns":3},{"damage":14,"enemies":"Champ","floor":33,"turns":7},{"damage":20,"enemies":"Orb Walker","floor":35,"turns":5},{"damage":31,"enemies":"3 Shapes","floor":39,"turns":5},{"damage":31,"enemies":"Spire Growth","floor":41,"turns":6},{"damage":12,"enemies":"Jaw Worm Horde","floor":45,"turns":4},{"damage":25,"enemies":"4 Shapes","floor":46,"turns":4},{"damage":3,"enemies":"Transient","floor":47,"turns":5},{"damage":31,"enemies":"Time Eater","floor":50,"turns":8},{"damage":52,"enemies":"Shield and Spear","floor":54,"turns":4},{"damage":30,"enemies":"The Heart","floor":55,"turns":3}],"seed_played":"7029853129936155248","potions_obtained":[{"floor":3,"key":"Weak Potion"},{"floor":10,"key":"SkillPotion"},{"floor":12,"key":"Dexterity Potion"},{"floor":13,"key":"Weak Potion"},{"floor":19,"key":"SkillPotion"},{"floor":28,"key":"Poison Potion"},{"floor":33,"key":"Fire Potion"},{"floor":35,"key":"SpeedPotion"},{"floor":41,"key":"Energy Potion"}],"is_trial":false,"path_per_floor":["M","$","M","M","$","R","E","R","T","M","R","E","M","M","R","B",null,"M","M","$","?","?","R","R","?","T","M","M","R","?","?","R","B",null,"M","?","$","?","M","R","M","R","T","R","M","M","M","$","R","B",null,"R","$","E","B"],"character_chosen":"THE_SILENT","items_purchased":["Cloak And Dagger","Blur","Tiny Chest","Noxious Fumes","Dodge and Roll","Footwork","Art of War","Catalyst","Noxious Fumes"],"campfire_rested":6,"item_purchase_floors":[2,5,20,37,37,48,48,48,53],"current_hp_per_floor":[69,69,69,69,69,69,63,63,63,56,56,50,40,38,38,28,80,44,28,28,12,12,36,36,36,36,21,14,38,11,11,35,21,80,60,60,60,60,33,33,6,30,30,54,46,25,26,26,50,23,80,80,80,28,0],"gold":95,"neow_bonus":"BOSS_RELIC","is_prod":false,"is_daily":false,"chose_seed":false,"campfire_upgraded":6,"win_rate":0,"timestamp":1544163338,"path_taken":["M","$","M","M","?","R","E","R","T","M","R","E","M","M","R","BOSS","M","M","$","?","?","R","R","?","T","M","?","R","?","?","R","BOSS","M","?","$","?","M","R","M","R","T","R","M","M","M","$","R","BOSS","R","$","E","BOSS"],"build_version":"2018-12-06","purchased_purges":3,"victory":false,"max_hp_per_floor":[70,70,70,70,70,70,70,70,70,70,70,70,70,70,70,70,80,80,80,80,80,80,80,80,80,80,80,80,80,80,80,80,80,80,80,80,80,80,80,80,80,80,80,80,80,80,80,80,80,80,80,80,80,80,80],"card_choices":[{"not_picked":["Deadly Poison","Deflect","PiercingWail"],"picked":"SKIP","floor":1},{"not_picked":["Endless Agony","Accuracy"],"picked":"Noxious Fumes","floor":3},{"not_picked":["Acrobatics","Outmaneuver"],"picked":"Cloak And Dagger","floor":4},{"not_picked":["Slice","Choke"],"picked":"Tactician","floor":7},{"not_picked":["Acrobatics","Endless Agony"],"picked":"Catalyst","floor":10},{"not_picked":["Bane","Catalyst"],"picked":"Corpse Explosion","floor":12},{"not_picked":["Outmaneuver","Finisher"],"picked":"Catalyst","floor":13},{"not_picked":["Cloak And Dagger","Prepared","Dash"],"picked":"SKIP","floor":14},{"not_picked":["Tools of the Trade","Die Die Die"],"picked":"Adrenaline","floor":16},{"not_picked":["Quick Slash","Dagger Throw","Deadly Poison+1"],"picked":"SKIP","floor":18},{"not_picked":["Underhanded Strike+1","Finisher+1"],"picked":"Predator+1","floor":19},{"not_picked":["Deflect","Quick Slash"],"picked":"Backflip","floor":27},{"not_picked":["Blade Dance","Dodge and Roll+1"],"picked":"Outmaneuver","floor":28},{"not_picked":["Acrobatics","Blade Dance"],"picked":"After Image","floor":30},{"not_picked":["Phantasmal Killer","Tools of the Trade"],"picked":"After Image","floor":33},{"not_picked":["Bouncing Flask+1","Dash"],"picked":"Backflip+1","floor":35},{"not_picked":["Deep Breath","Discovery"],"picked":"Bandage Up","floor":36},{"not_picked":["Concentrate+1","Deadly Poison+1","Riddle With Holes"],"picked":"SKIP","floor":39},{"not_picked":["Cloak And Dagger+1","Bane","Quick Slash+1"],"picked":"SKIP","floor":41},{"not_picked":["Dagger Spray+1","Cloak And Dagger+1"],"picked":"Leg Sweep","floor":45},{"not_picked":["Flying Knee+1","Outmaneuver+1"],"picked":"Terror+1","floor":46},{"not_picked":["Deadly Poison+1","Deflect","Distraction"],"picked":"SKIP","floor":47},{"not_picked":["Outmaneuver+1","Setup"],"picked":"Footwork","floor":54}],"player_experience":114951,"relics_obtained":[{"floor":7,"key":"Oddly Smooth Stone"},{"floor":9,"key":"Whetstone"},{"floor":12,"key":"PreservedInsect"},{"floor":17,"key":"Snake Skull"},{"floor":17,"key":"Pear"},{"floor":17,"key":"WingedGreaves"},{"floor":21,"key":"Nilry\u0027s Codex"},{"floor":30,"key":"Old Coin"},{"floor":30,"key":"Bottled Flame"},{"floor":43,"key":"Happy Flower"},{"floor":54,"key":"Lantern"},{"floor":54,"key":"Bottled Lightning"}],"event_choices":[{"damage_healed":0,"gold_gain":0,"player_choice":"Obtained Book","damage_taken":16,"max_hp_gain":0,"max_hp_loss":0,"event_name":"Cursed Tome","floor":21,"gold_loss":0},{"cards_removed":["Strike_G"],"damage_healed":0,"gold_gain":0,"player_choice":"Elegance","damage_taken":0,"max_hp_gain":0,"max_hp_loss":0,"event_name":"Back to Basics","floor":22,"gold_loss":0},{"damage_healed":0,"gold_gain":100,"player_choice":"Pray","damage_taken":0,"max_hp_gain":0,"max_hp_loss":0,"event_name":"Golden Shrine","floor":25,"gold_loss":0},{"damage_healed":0,"gold_gain":0,"player_choice":"Fight","damage_taken":0,"max_hp_gain":0,"max_hp_loss":0,"event_name":"Colosseum","floor":30,"gold_loss":0},{"damage_healed":0,"gold_gain":0,"player_choice":"Fought Nobs","damage_taken":0,"max_hp_gain":0,"max_hp_loss":0,"event_name":"Colosseum","floor":30,"gold_loss":0},{"cards_removed":["Defend_G"],"damage_healed":0,"gold_gain":0,"player_choice":"Gave Gold","damage_taken":0,"max_hp_gain":0,"max_hp_loss":0,"event_name":"Beggar","floor":31,"gold_loss":75},{"damage_healed":0,"gold_gain":0,"player_choice":"Memory 1","damage_taken":0,"max_hp_gain":0,"max_hp_loss":0,"event_name":"SensoryStone","floor":36,"gold_loss":0},{"cards_removed":["Strike_G"],"damage_healed":0,"gold_gain":0,"player_choice":"Removed Attack","damage_taken":0,"max_hp_gain":0,"max_hp_loss":0,"event_name":"Falling","floor":38,"gold_loss":0}],"is_beta":false,"boss_relics":[{"not_picked":["Busted Crown","Velvet Choker"],"picked":"Calling Bell"},{"not_picked":["Runic Pyramid","Astrolabe"],"picked":"Black Star"}],"items_purged_floors":[20,37,48],"is_endless":false,"potions_floor_spawned":[3,10,12,13,19,28,33,35,41],"killed_by":"The Heart","ascension_level":0}