{"gold_per_floor":[115,115,40,57,67,67,96,8,8,42,42,59,59,118,118,223,223,242,91,91],"floor_reached":20,"playtime":1645,"items_purged":["Regret"],"score":301,"play_id":"3c1c4548-ff60-47a0-8ea7-2ab377244c0e","local_time":"20190420115743","is_ascension_mode":true,"campfire_choices":[{"data":"Defragment","floor":6,"key":"SMITH"},{"data":"Lockon","floor":13,"key":"SMITH"},{"data":"Zap","floor":15,"key":"SMITH"}],"neow_cost":"NONE","seed_source_timestamp":559355608015012,"circlet_count":0,"master_deck":["Strike_B","Strike_B","Strike_B+1","Strike_B","Defend_B+1","Defend_B","Defend_B","Defend_B","Zap+1","Dualcast","Steam","Cold Snap+1","Defragment+1","Lockon+1","Coolheaded+1","Capacitor+1","Self Repair","Barrage","Creative AI","Consume"],"relics":["Cracked Core","Pocketwatch","Whetstone","FossilizedHelix","Boot","Tiny Chest","Philosopher\u0027s Stone","War Paint"],"potions_floor_usage":[7,14,20,20],"damage_taken":[{"damage":7,"enemies":"Jaw Worm","floor":1,"turns":3},{"damage":0,"enemies":"Cultist","floor":4,"turns":3},{"damage":0,"enemies":"2 Louse","floor":5,"turns":3},{"damage":22,"enemies":"Gremlin Nob","floor":7,"turns":4},{"damage":0,"enemies":"Lagavulin","floor":10,"turns":7},{"damage":0,"enemies":"Blue Slaver","floor":12,"turns":2},{"damage":8,"enemies":"3 Sentries","floor":14,"turns":6},{"damage":10,"enemies":"Hexaghost","floor":16,"turns":8},{"damage":14,"enemies":"2 Thieves","floor":18,"turns":3},{"damage":0,"enemies":"Colosseum Slavers","floor":20,"turns":3},{"damage":76,"enemies":"Colosseum Nobs","floor":20,"turns":5}],"seed_played":"-7589617418757849121","potions_obtained":[{"floor":1,"key":"Regen Potion"},{"floor":10,"key":"PowerPotion"},{"floor":12,"key":"Fire Potion"},{"floor":14,"key":"Fire Potion"}],"is_trial":false,"path_per_floor":["M","?","$","M","M","R","E","$","T","E","?","M","R","E","R","B",null,"M","$","?"],"character_chosen":"DEFECT","items_purchased":["Capacitor","Dexterity Potion","War Paint"],"campfire_rested":0,"item_purchase_floors":[8,8,19],"current_hp_per_floor":[61,61,61,61,61,61,51,51,51,51,51,51,51,57,57,54,70,56,56,0],"gold":91,"neow_bonus":"THREE_CARDS","is_prod":false,"is_daily":false,"chose_seed":false,"campfire_upgraded":3,"win_rate":0,"timestamp":1555754263,"path_taken":["M","?","$","M","M","R","E","$","T","E","?","?","R","E","R","BOSS","M","$","?"],"build_version":"2019-01-23","purchased_purges":1,"victory":false,"max_hp_per_floor":[75,75,75,75,75,75,75,75,75,75,75,75,75,75,75,75,75,75,75,75],"card_choices":[{"not_picked":["Static Discharge","Barrage"],"picked":"Steam","floor":0},{"not_picked":["Melter","Stack"],"picked":"Cold Snap","floor":1},{"not_picked":["Redo","Loop"],"picked":"Defragment","floor":4},{"not_picked":["Go for the Eyes","Aggregate"],"picked":"Lockon","floor":5},{"not_picked":["Fusion","Streamline"],"picked":"Coolheaded","floor":7},{"not_picked":["Coolheaded","Reinforced Body","Aggregate"],"picked":"SKIP","floor":10},{"not_picked":["Chill","FTL"],"picked":"Self Repair","floor":12},{"not_picked":["Recycle","Compile Driver"],"picked":"Barrage","floor":14},{"not_picked":["All For One","Meteor Strike"],"picked":"Creative AI","floor":16},{"not_picked":["Melter","Barrage"],"picked":"Consume","floor":18}],"player_experience":486174,"relics_obtained":[{"floor":7,"key":"Whetstone"},{"floor":9,"key":"FossilizedHelix"},{"floor":10,"key":"Boot"},{"floor":14,"key":"Tiny Chest"}],"event_choices":[{"damage_healed":0,"gold_gain":0,"player_choice":"Box","damage_taken":0,"relics_obtained":["Pocketwatch"],"max_hp_gain":0,"max_hp_loss":0,"event_name":"Big Fish","floor":2,"gold_loss":0,"cards_obtained":["Regret"]},{"damage_healed":0,"gold_gain":0,"player_choice":"Upgraded","damage_taken":0,"max_hp_gain":0,"max_hp_loss":0,"event_name":"Upgrade Shrine","floor":11,"gold_loss":0,"cards_upgraded":["Capacitor"]},{"damage_healed":0,"gold_gain":0,"player_choice":"Fight","damage_taken":0,"max_hp_gain":0,"max_hp_loss":0,"event_name":"Colosseum","floor":20,"gold_loss":0},{"damage_healed":0,"gold_gain":0,"player_choice":"Fought Nobs","damage_taken":0,"max_hp_gain":0,"max_hp_loss":0,"event_name":"Colosseum","floor":20,"gold_loss":0}],"is_beta":false,"boss_relics":[{"not_picked":["Velvet Choker","Ectoplasm"],"picked":"Philosopher\u0027s Stone"}],"items_purged_floors":[3],"is_endless":false,"potions_floor_spawned":[1,10,12,14,18],"killed_by":"Colosseum Nobs","ascension_level":8}