{"gold_per_floor":[117,128,128,147,3,3,23,52,52,152,152,172,204,279,279,350,350,366,83,83,94,9,9,24,54,54,69,69,104,104,123,123,195,195,213,213,213,213,228,260,279,279,279,279,73,73,86,86,86,86],"floor_reached":51,"playtime":4004,"items_purged":["Strike_G","Strike_G","Defend_G"],"score":1222,"play_id":"27fdd897-fdd8-4a63-8ab1-6bb59102dd15","local_time":"20190511145837","is_ascension_mode":true,"campfire_choices":[{"data":"Poisoned Stab","floor":6.0,"key":"SMITH"},{"data":"Malaise","floor":11.0,"key":"SMITH"},{"floor":15.0,"key":"REST"},{"data":"Corpse Explosion","floor":23.0,"key":"SMITH"},{"floor":28.0,"key":"REST"},{"data":"Backflip","floor":30.0,"key":"SMITH"},{"floor":32.0,"key":"REST"},{"floor":42.0,"key":"REST"},{"data":"Acrobatics","floor":44.0,"key":"SMITH"},{"data":"Dark Shackles","floor":46.0,"key":"SMITH"},{"data":"Deadly Poison","floor":49,"key":"SMITH"}],"neow_cost":"NONE","seed_source_timestamp":352612172196810,"circlet_count":0,"master_deck":["AscendersBane","Defend_G","Defend_G","Defend_G","Defend_G","Strike_G","Strike_G","Survivor","Neutralize+1","PiercingWail","Dodge and Roll+1","Poisoned Stab+1","Malaise+1","Die Die Die","Corpse Explosion+1","Caltrops","Caltrops","Acrobatics+1","Backflip+1","Blur","Wraith Form v2+1","Envenom+1","Deflect+1","Well Laid Plans+1","PiercingWail","Dash+1","Dark Shackles+1","Writhe","Backstab","Footwork+1","Escape Plan","Deadly Poison+1","Noxious Fumes+1"],"special_seed":0,"relics":["Ring of the Snake","Blood Vial","Darkstone Periapt","Ginger","Bird Faced Urn","Philosopher\u0027s Stone","Bronze Scales","Ancient Tea Set","Happy Flower","Frozen Egg 2","Bottled Lightning","Orrery","Prayer Wheel","Art of War"],"potions_floor_usage":[],"damage_taken":[{"damage":0.0,"enemies":"2 Louse","floor":1.0,"turns":5.0},{"damage":4.0,"enemies":"Cultist","floor":2.0,"turns":5.0},{"damage":6.0,"enemies":"Small Slimes","floor":4.0,"turns":4.0},{"damage":5.0,"enemies":"Red Slaver","floor":7.0,"turns":5.0},{"damage":14.0,"enemies":"Lagavulin","floor":8.0,"turns":9.0},{"damage":0.0,"enemies":"Looter","floor":12.0,"turns":4.0},{"damage":20.0,"enemies":"3 Sentries","floor":13.0,"turns":5.0},{"damage":30.0,"enemies":"Hexaghost","floor":16.0,"turns":19.0},{"damage":6.0,"enemies":"Shell Parasite","floor":18.0,"turns":6.0},{"damage":9.0,"enemies":"Spheric Guardian","floor":21.0,"turns":6.0},{"damage":9.0,"enemies":"Snake Plant","floor":24.0,"turns":5.0},{"damage":19.0,"enemies":"Slavers","floor":25.0,"turns":2.0},{"damage":3.0,"enemies":"Chosen and Byrds","floor":27.0,"turns":7.0},{"damage":17.0,"enemies":"Gremlin Leader","floor":29.0,"turns":7.0},{"damage":2.0,"enemies":"3 Cultists","floor":31.0,"turns":3.0},{"damage":39.0,"enemies":"Collector","floor":33.0,"turns":12.0},{"damage":11.0,"enemies":"3 Darklings","floor":35.0,"turns":2.0},{"damage":12.0,"enemies":"3 Shapes","floor":39.0,"turns":5.0},{"damage":40.0,"enemies":"Nemesis","floor":40.0,"turns":13.0},{"damage":9.0,"enemies":"Jaw Worm Horde","floor":41.0,"turns":3.0},{"damage":1.0,"enemies":"3 Darklings","floor":47.0,"turns":3.0},{"damage":24,"enemies":"Time Eater","floor":50,"turns":13}],"seed_played":"-6685198553021979311","potions_obtained":[{"floor":7.0,"key":"Explosive Potion"},{"floor":8.0,"key":"Explosive Potion"},{"floor":13.0,"key":"GhostInAJar"},{"floor":18.0,"key":"GamblersBrew"},{"floor":24.0,"key":"SpeedPotion"},{"floor":27.0,"key":"GamblersBrew"},{"floor":31.0,"key":"GamblersBrew"},{"floor":39.0,"key":"Block Potion"},{"floor":47.0,"key":"FearPotion"}],"is_trial":false,"path_per_floor":["M","M","?","M","$","R","M","E","T","?","R","M","E","?","R","B",null,"M","$","?","M","?","R","M","E","T","M","R","E","R","M","R","B",null,"M","?","?","?","M","E","M","R","T","R","$","R","M","?","R","B",null],"character_chosen":"THE_SILENT","items_purchased":["Malaise","Caltrops","Bronze Scales","Escape Plan"],"campfire_rested":4,"item_purchase_floors":[5,19,19,45],"current_hp_per_floor":[61,59,59,55,55,55,52,40,40,40,40,42,24,13,32,4,51,47,47,47,42,42,42,39,26,26,29,48,37,37,41,60,29,57,50,45,64,64,62,34,33,54,54,54,54,54,63,63,63,53],"gold":86,"neow_bonus":"RANDOM_COMMON_RELIC","is_prod":false,"is_daily":false,"chose_seed":false,"campfire_upgraded":7,"win_rate":0,"timestamp":1557579517,"path_taken":["M","M","?","M","$","R","M","E","T","?","R","?","E","?","R","BOSS","M","$","?","?","?","R","M","E","T","M","R","E","R","M","R","BOSS","M","?","?","?","M","E","M","R","T","R","$","R","M","?","R","BOSS"],"build_version":"2019-01-23","purchased_purges":3,"victory":true,"max_hp_per_floor":[66,66,66,66,66,66,66,66,66,66,66,66,66,66,66,66,66,66,66,66,66,66,66,66,66,66,66,66,66,66,66,66,66,66,66,66,72,72,72,72,72,72,72,72,72,72,72,72,72,72],"card_choices":[{"not_picked":["Dodge and Roll","Outmaneuver"],"picked":"PiercingWail","floor":1.0},{"not_picked":["Terror","Sucker Punch"],"picked":"Dodge and Roll","floor":2.0},{"not_picked":["Backflip","Dagger Throw"],"picked":"Poisoned Stab","floor":4.0},{"not_picked":["Bane","Reflex","Distraction"],"picked":"SKIP","floor":7.0},{"not_picked":["PiercingWail","Backflip"],"picked":"Die Die Die","floor":8.0},{"not_picked":["Accuracy","Blade Dance","Flechettes"],"picked":"SKIP","floor":12.0},{"not_picked":["Tactician","Dagger Throw","Riddle With Holes"],"picked":"SKIP","floor":13.0},{"not_picked":["Night Terror","Malaise"],"picked":"Corpse Explosion","floor":16.0},{"not_picked":["Dodge and Roll","Deflect"],"picked":"Caltrops","floor":18.0},{"not_picked":["Finisher","Cloak And Dagger"],"picked":"Acrobatics","floor":21.0},{"not_picked":["Sucker Punch","Poisoned Stab"],"picked":"Backflip","floor":24.0},{"not_picked":["Expertise+1","Cloak And Dagger","Concentrate"],"picked":"SKIP","floor":25.0},{"not_picked":["Prepared","Dagger Throw+1"],"picked":"Blur","floor":27.0},{"not_picked":["Quick Slash","Dagger Throw","Dodge and Roll"],"picked":"SKIP","floor":29.0},{"not_picked":["Flying Knee","Tactician"],"picked":"Wraith Form v2+1","floor":31.0},{"not_picked":["Phantasmal Killer","Glass Knife"],"picked":"Envenom+1","floor":33.0},{"not_picked":["Flechettes","Bouncing Flask"],"picked":"Deflect+1","floor":34.0},{"not_picked":["Flying Knee","Infinite Blades+1"],"picked":"Well Laid Plans+1","floor":34.0},{"not_picked":["Blade Dance","Accuracy+1"],"picked":"PiercingWail","floor":34.0},{"not_picked":["Heel Hook","Tools of the Trade+1"],"picked":"Dash+1","floor":35.0},{"not_picked":["Swift Strike","Metamorphosis"],"picked":"Dark Shackles","floor":36.0},{"not_picked":["All Out Attack","Dodge and Roll","Outmaneuver"],"picked":"SKIP","floor":39.0},{"not_picked":["Underhanded Strike","Eviscerate","Prepared"],"picked":"SKIP","floor":40.0},{"not_picked":["Dagger Throw","Concentrate"],"picked":"Backstab","floor":41.0},{"not_picked":["Dagger Throw","Prepared"],"picked":"Footwork+1","floor":41.0},{"not_picked":["Expertise","Doppelganger"],"picked":"Deadly Poison","floor":47.0},{"not_picked":["Poisoned Stab","Riddle With Holes"],"picked":"Noxious Fumes+1","floor":47.0}],"player_experience":615187,"relics_obtained":[{"floor":8.0,"key":"Darkstone Periapt"},{"floor":9.0,"key":"Ginger"},{"floor":13.0,"key":"Bird Faced Urn"},{"floor":25.0,"key":"Happy Flower"},{"floor":26.0,"key":"Frozen Egg 2"},{"floor":29.0,"key":"Bottled Lightning"},{"floor":40.0,"key":"Prayer Wheel"},{"floor":43.0,"key":"Art of War"}],"event_choices":[{"damage_healed":0.0,"max_hp_gain":0.0,"max_hp_loss":0.0,"gold_gain":0.0,"event_name":"Living Wall","player_choice":"Grow","floor":3.0,"gold_loss":0.0,"damage_taken":0.0,"cards_upgraded":["Neutralize"]},{"damage_healed":0.0,"max_hp_gain":0.0,"max_hp_loss":0.0,"gold_gain":100.0,"event_name":"Wheel of Change","player_choice":"Gold","floor":10.0,"gold_loss":0.0,"damage_taken":0.0},{"damage_healed":0.0,"max_hp_gain":0.0,"max_hp_loss":0.0,"gold_gain":75.0,"event_name":"World of Goop","player_choice":"Gather Gold","floor":14.0,"gold_loss":0.0,"damage_taken":11.0},{"damage_healed":0.0,"max_hp_gain":0.0,"max_hp_loss":0.0,"gold_gain":0.0,"event_name":"Upgrade Shrine","player_choice":"Upgraded","floor":20.0,"gold_loss":0.0,"damage_taken":0.0,"cards_upgraded":["Dodge and Roll"]},{"damage_healed":0.0,"max_hp_gain":0.0,"max_hp_loss":0.0,"gold_gain":0.0,"event_name":"Addict","player_choice":"Obtained Relic","floor":22.0,"gold_loss":85.0,"damage_taken":0.0,"relics_obtained":["Ancient Tea Set"]},{"damage_healed":0.0,"max_hp_gain":0.0,"max_hp_loss":0.0,"gold_gain":0.0,"event_name":"SensoryStone","player_choice":"Memory 2","floor":36.0,"gold_loss":0.0,"damage_taken":5.0},{"damage_healed":13.0,"max_hp_gain":0.0,"max_hp_loss":0.0,"gold_gain":0.0,"event_name":"Winding Halls","player_choice":"Writhe","floor":37.0,"gold_loss":0.0,"damage_taken":0.0,"cards_obtained":["Writhe"]},{"cards_removed":["Strike_G"],"damage_healed":0.0,"max_hp_gain":0.0,"max_hp_loss":0.0,"gold_gain":0.0,"event_name":"Falling","player_choice":"Removed Attack","floor":38.0,"gold_loss":0.0,"damage_taken":0.0},{"damage_healed":0,"gold_gain":0,"player_choice":"Ignored","damage_taken":0,"max_hp_gain":0,"max_hp_loss":0,"event_name":"Mysterious Sphere","floor":48,"gold_loss":0}],"is_beta":false,"boss_relics":[{"not_picked":["Calling Bell","Lizard Tail"],"picked":"Philosopher\u0027s Stone"},{"not_picked":["White Beast Statue","Eternal Feather"],"picked":"Orrery"}],"items_purged_floors":[5,19,45],"is_endless":false,"potions_floor_spawned":[7,8,13,18,24,27,31,39,47],"ascension_level":15}