{"gold_per_floor":[112,62,237,267,0,0,26,46,92,108,108,125,125,143,143,218,218,237,252,20,40,52,52],"floor_reached":23,"playtime":1602,"items_purged":["Doubt","Strike_B"],"score":328,"play_id":"230679a2-5263-4d68-b276-7f44f22fc00f","local_time":"20190528222409","is_ascension_mode":true,"campfire_choices":[{"data":"Zap","floor":6,"key":"SMITH"},{"floor":11,"key":"REST"},{"floor":15,"key":"REST"}],"neow_cost":"NONE","seed_source_timestamp":1133931413404483,"circlet_count":0,"master_deck":["AscendersBane","Strike_B","Strike_B","Defend_B","Defend_B","Defend_B","Defend_B","Zap+1","Dualcast","Capacitor","Leap","Ball Lightning","Defragment","Sweeping Beam","Doom and Gloom+1","Cold Snap","Seek","Tempest","White Noise","Barrage+1","Cold Snap"],"relics":["Philosopher\u0027s Stone","Tiny Chest","Membership Card","Pear","Lantern","Snecko Eye","Lee\u0027s Waffle"],"potions_floor_usage":[16,23],"damage_taken":[{"damage":2,"enemies":"Small Slimes","floor":1,"turns":4},{"damage":46,"enemies":"3 Sentries","floor":7,"turns":13},{"damage":13,"enemies":"Jaw Worm","floor":8,"turns":4},{"damage":6,"enemies":"2 Louse","floor":10,"turns":3},{"damage":18,"enemies":"Exordium Thugs","floor":12,"turns":5},{"damage":0,"enemies":"Blue Slaver","floor":14,"turns":3},{"damage":30,"enemies":"Hexaghost","floor":16,"turns":7},{"damage":27,"enemies":"Shell Parasite","floor":18,"turns":6},{"damage":14,"enemies":"3 Byrds","floor":19,"turns":3},{"damage":19,"enemies":"Centurion and Healer","floor":21,"turns":6},{"damage":14,"enemies":"Snecko","floor":22,"turns":4},{"damage":58,"enemies":"Slavers","floor":23,"turns":3}],"seed_played":"3219972278118747083","potions_obtained":[{"floor":1,"key":"GamblersBrew"},{"floor":14,"key":"FocusPotion"},{"floor":21,"key":"Ancient Potion"},{"floor":22,"key":"Weak Potion"}],"is_trial":false,"path_per_floor":["M","?","?","?","$","R","E","M","T","M","R","M","?","M","R","B",null,"M","M","$","M","M","E"],"character_chosen":"DEFECT","items_purchased":["Membership Card","Leap","Lee\u0027s Waffle","White Noise","Explosive Potion","SpeedPotion"],"campfire_rested":2,"item_purchase_floors":[5,5,20,20,20,20],"current_hp_per_floor":[62,62,62,62,62,62,26,13,13,7,31,13,13,13,37,7,63,36,22,88,69,55,0],"gold":52,"neow_bonus":"BOSS_RELIC","is_prod":false,"is_daily":false,"chose_seed":false,"campfire_upgraded":1,"win_rate":0,"timestamp":1559075049,"path_taken":["M","?","?","?","$","R","E","M","T","M","R","?","?","?","R","BOSS","M","M","$","M","M","E"],"build_version":"2019-01-23","purchased_purges":2,"victory":false,"max_hp_per_floor":[71,71,71,71,71,71,81,81,81,81,81,81,81,81,81,81,81,81,81,88,88,88,88],"card_choices":[{"not_picked":["FTL","Go for the Eyes"],"picked":"Capacitor","floor":1},{"not_picked":["Static Discharge","Beam Cell"],"picked":"Ball Lightning","floor":7},{"not_picked":["Chaos","Leap"],"picked":"Defragment","floor":8},{"not_picked":["Consume","Storm"],"picked":"Sweeping Beam","floor":10},{"not_picked":["Redo","Compile Driver"],"picked":"Doom and Gloom","floor":12},{"not_picked":["Force Field","Chaos"],"picked":"Cold Snap","floor":14},{"not_picked":["Fission","Hyperbeam"],"picked":"Seek","floor":16},{"not_picked":["Darkness","Double Energy","BootSequence"],"picked":"SKIP","floor":18},{"not_picked":["Cold Snap","BootSequence"],"picked":"Tempest","floor":19},{"not_picked":["Streamline","Conserve Battery"],"picked":"Barrage+1","floor":21},{"not_picked":["Redo","Blizzard"],"picked":"Cold Snap","floor":22}],"player_experience":679391,"relics_obtained":[{"floor":7,"key":"Pear"},{"floor":9,"key":"Lantern"}],"event_choices":[{"cards_removed":["Strike_B"],"damage_healed":0,"gold_gain":0,"player_choice":"Card Removal","damage_taken":0,"max_hp_gain":0,"max_hp_loss":0,"event_name":"The Cleric","floor":2,"gold_loss":50},{"damage_healed":0,"gold_gain":175,"player_choice":"AGREE","damage_taken":0,"max_hp_gain":0,"max_hp_loss":0,"event_name":"Liars Game","floor":3,"gold_loss":0,"cards_obtained":["Doubt"]},{"damage_healed":0,"gold_gain":0,"player_choice":"Gave Potion","damage_taken":0,"relics_obtained":["Tiny Chest"],"max_hp_gain":0,"max_hp_loss":0,"event_name":"WeMeetAgain","floor":4,"gold_loss":0},{"damage_healed":0,"gold_gain":0,"player_choice":"Forge","damage_taken":0,"max_hp_gain":0,"max_hp_loss":0,"event_name":"Accursed Blacksmith","floor":13,"gold_loss":0,"cards_upgraded":["Doom and Gloom"]}],"is_beta":false,"boss_relics":[{"not_picked":["Astrolabe","White Beast Statue"],"picked":"Snecko Eye"}],"items_purged_floors":[5,20],"is_endless":false,"potions_floor_spawned":[1,14,21,22],"killed_by":"Slavers","ascension_level":14}