{"gold_per_floor":[114,189,16,34,49,82,82,99,122,122,139,99,99,128,128,228,228,240,165,181,196,96,96,106,121,147,162,180,180],"floor_reached":29,"playtime":2729,"items_purged":["Strike_G","Strike_G"],"score":275,"play_id":"3618dd2e-551c-4436-92fa-7e3a15940e10","local_time":"20181220230752","is_ascension_mode":true,"campfire_choices":[{"floor":7,"key":"REST"},{"data":"A Thousand Cuts","floor":13,"key":"SMITH"},{"data":"Endless Agony","floor":15,"key":"SMITH"},{"data":"A Thousand Cuts","floor":23,"key":"SMITH"}],"neow_cost":"NONE","seed_source_timestamp":659123664708613,"circlet_count":0,"master_deck":["Defend_G","Defend_G","Defend_G","Defend_G","Defend_G","Strike_G","Strike_G","Strike_G","Survivor","Neutralize","Finesse","Footwork","Panache","Flying Knee","Blur","Leg Sweep","A Thousand Cuts+1","Endless Agony+1","A Thousand Cuts+1","Cloak And Dagger","Blur","Backflip","Cloak And Dagger","Blur","Leg Sweep+1"],"relics":["Ring of the Snake","Anchor","Lantern","Pantograph","Blood Vial","Orrery"],"potions_floor_usage":[8,11,21,27,28],"damage_taken":[{"damage":2,"enemies":"2 Louse","floor":1,"turns":3},{"damage":0,"enemies":"Jaw Worm","floor":4,"turns":4},{"damage":0,"enemies":"Small Slimes","floor":5,"turns":5},{"damage":33,"enemies":"Lagavulin","floor":6,"turns":11},{"damage":0,"enemies":"3 Louse","floor":8,"turns":2},{"damage":6,"enemies":"Exordium Wildlife","floor":11,"turns":9},{"damage":12,"enemies":"Gremlin Nob","floor":14,"turns":5},{"damage":38,"enemies":"Slime Boss","floor":16,"turns":10},{"damage":9,"enemies":"Chosen","floor":18,"turns":7},{"damage":12,"enemies":"3 Byrds","floor":20,"turns":4},{"damage":16,"enemies":"Snecko","floor":21,"turns":9},{"damage":17,"enemies":"Chosen and Byrds","floor":24,"turns":7},{"damage":0,"enemies":"Centurion and Healer","floor":25,"turns":6},{"damage":3,"enemies":"Snake Plant","floor":27,"turns":6},{"damage":18,"enemies":"Shelled Parasite and Fungi","floor":28,"turns":6},{"damage":25,"enemies":"Book of Stabbing","floor":29,"turns":7}],"seed_played":"-8242187498769806723","potions_obtained":[{"floor":4,"key":"Explosive Potion"},{"floor":8,"key":"Weak Potion"},{"floor":20,"key":"Regen Potion"},{"floor":25,"key":"Energy Potion"},{"floor":27,"key":"Poison Potion"}],"is_trial":false,"path_per_floor":["M","?","$","M","M","E","R","M","T","T","M","?","R","E","R","B",null,"M","$","M","M","$","R","M","M","T","M","M","E"],"character_chosen":"THE_SILENT","items_purchased":["Panache"],"campfire_rested":1,"item_purchase_floors":[3],"current_hp_per_floor":[68,57,57,57,57,24,45,45,45,45,39,39,39,27,27,16,70,61,61,51,52,52,52,37,39,39,38,22,0],"gold":180,"neow_bonus":"RANDOM_COLORLESS","is_prod":false,"is_daily":false,"chose_seed":false,"campfire_upgraded":3,"win_rate":0,"timestamp":1545376072,"path_taken":["M","?","$","M","M","E","R","M","T","?","?","?","R","E","R","BOSS","M","$","M","M","?","R","M","M","T","M","M","E"],"build_version":"2018-12-20","purchased_purges":2,"victory":false,"max_hp_per_floor":[70,70,70,70,70,70,70,70,70,70,70,70,70,70,70,70,70,70,70,70,70,70,70,70,70,70,70,70,70],"card_choices":[{"not_picked":["Dagger Spray","Sucker Punch"],"picked":"Footwork","floor":1},{"not_picked":["Dodge and Roll","Eviscerate","Prepared"],"picked":"SKIP","floor":4},{"not_picked":["Predator","Dagger Spray"],"picked":"Flying Knee","floor":5},{"not_picked":["Dagger Spray","Dodge and Roll"],"picked":"Blur","floor":6},{"not_picked":["Dagger Spray","Sucker Punch"],"picked":"Leg Sweep","floor":8},{"not_picked":["Underhanded Strike","Deadly Poison"],"picked":"A Thousand Cuts","floor":11},{"not_picked":["Sucker Punch","Eviscerate"],"picked":"Endless Agony","floor":14},{"not_picked":["Unload","Doppelganger"],"picked":"A Thousand Cuts","floor":16},{"not_picked":["Bouncing Flask","Reflex"],"picked":"Cloak And Dagger","floor":17},{"not_picked":["Dodge and Roll","Sucker Punch"],"picked":"Blur","floor":17},{"not_picked":["Reflex","Backstab"],"picked":"Backflip","floor":17},{"not_picked":["Predator","Concentrate"],"picked":"Cloak And Dagger","floor":17},{"not_picked":["Acrobatics","Cloak And Dagger"],"picked":"Blur","floor":18},{"not_picked":["Quick Slash+1","Phantasmal Killer"],"picked":"Leg Sweep+1","floor":20},{"not_picked":["Prepared","Flying Knee","Deadly Poison"],"picked":"SKIP","floor":21},{"not_picked":["Poisoned Stab+1","Dagger Throw","Masterful Stab"],"picked":"SKIP","floor":24},{"not_picked":["Glass Knife","Dagger Throw","Caltrops"],"picked":"SKIP","floor":25},{"not_picked":["Predator+1","Well Laid Plans","Dash+1"],"picked":"SKIP","floor":27},{"not_picked":["Sucker Punch","Prepared","Dagger Throw+1"],"picked":"SKIP","floor":28}],"player_experience":147637,"relics_obtained":[{"floor":6,"key":"Anchor"},{"floor":9,"key":"Lantern"},{"floor":10,"key":"Pantograph"},{"floor":14,"key":"Blood Vial"}],"event_choices":[{"damage_healed":0,"gold_gain":75,"player_choice":"Gather Gold","damage_taken":11,"max_hp_gain":0,"max_hp_loss":0,"event_name":"World of Goop","floor":2,"gold_loss":0},{"damage_healed":0,"gold_gain":0,"player_choice":"Bought 3 Potions","damage_taken":0,"max_hp_gain":0,"max_hp_loss":0,"event_name":"The Woman in Blue","floor":12,"gold_loss":0}],"is_beta":false,"boss_relics":[{"not_picked":["Ring of the Serpent","Busted Crown"],"picked":"Orrery"}],"items_purged_floors":[19,22],"is_endless":false,"potions_floor_spawned":[4,8,20,25,27],"killed_by":"Book of Stabbing","ascension_level":3}