{"gold_per_floor":[110,185,360,360,371,406,406,435,490,490,508,523,555,566,566,566],"floor_reached":16,"playtime":1296,"items_purged":[],"score":160,"play_id":"c204eaed-7033-461c-ad42-37806e485a63","local_time":"20190120001549","is_ascension_mode":true,"campfire_choices":[{"data":"Neutralize","floor":7.0,"key":"SMITH"},{"floor":10,"key":"REST"},{"data":"Deadly Poison","floor":15,"key":"SMITH"}],"neow_cost":"NONE","seed_source_timestamp":0,"circlet_count":0,"master_deck":["Defend_G","Defend_G","Defend_G","Defend_G","Defend_G","Strike_G","Strike_G","Strike_G","Strike_G","Strike_G","Survivor","Neutralize+1","Blur","Quick Slash","Well Laid Plans","Sucker Punch","Acrobatics","Deadly Poison+1","Blur","Terror"],"special_seed":0,"relics":["Ring of the Snake","NeowsBlessing","Centennial Puzzle","Darkstone Periapt","Ancient Tea Set","Bag of Preparation"],"potions_floor_usage":[8,12,13],"damage_taken":[{"damage":0.0,"enemies":"Small Slimes","floor":1.0,"turns":1.0},{"damage":0.0,"enemies":"2 Louse","floor":5.0,"turns":1.0},{"damage":0.0,"enemies":"Lagavulin","floor":6.0,"turns":1.0},{"damage":13,"enemies":"3 Sentries","floor":8,"turns":11},{"damage":0,"enemies":"Cultist","floor":11,"turns":4},{"damage":6,"enemies":"Lots of Slimes","floor":12,"turns":7},{"damage":5,"enemies":"Lagavulin","floor":13,"turns":7},{"damage":6,"enemies":"Red Slaver","floor":14,"turns":5},{"damage":57,"enemies":"Slime Boss","floor":16,"turns":9}],"seed_played":"2513969700590951143","potions_obtained":[{"floor":5.0,"key":"Poison Potion"},{"floor":8,"key":"SpeedPotion"},{"floor":12,"key":"AttackPotion"}],"is_trial":false,"path_per_floor":["M","?","?","?","M","E","R","E","T","R","M","M","E","M","R","B"],"character_chosen":"THE_SILENT","items_purchased":[],"campfire_rested":1,"item_purchase_floors":[],"current_hp_per_floor":[70,59,59,59,59,59,59,46,46,67,67,61,56,50,50,0],"gold":566,"neow_bonus":"THREE_ENEMY_KILL","is_prod":false,"is_daily":false,"chose_seed":false,"campfire_upgraded":2,"win_rate":0,"timestamp":1547932549,"path_taken":["M","?","?","?","M","E","R","E","T","R","?","?","E","M","R","BOSS"],"build_version":"2019-01-17v2","purchased_purges":0,"victory":false,"max_hp_per_floor":[70,70,70,70,70,70,70,70,70,70,70,70,70,70,70,70],"card_choices":[{"not_picked":["Cloak And Dagger","Outmaneuver"],"picked":"Blur","floor":1.0},{"not_picked":["Dagger Spray","Choke"],"picked":"Quick Slash","floor":5.0},{"not_picked":["Skewer","Dodge and Roll"],"picked":"Well Laid Plans","floor":6.0},{"not_picked":["Prepared","Phantasmal Killer"],"picked":"Sucker Punch","floor":8},{"not_picked":["Infinite Blades","Bane"],"picked":"Acrobatics","floor":11},{"not_picked":["Finisher","Eviscerate"],"picked":"Deadly Poison","floor":12},{"not_picked":["Prepared","PiercingWail"],"picked":"Blur","floor":13},{"not_picked":["Dagger Spray","Riddle With Holes"],"picked":"Terror","floor":14}],"player_experience":78737,"relics_obtained":[{"floor":6.0,"key":"Centennial Puzzle"},{"floor":8,"key":"Darkstone Periapt"},{"floor":9,"key":"Ancient Tea Set"},{"floor":13,"key":"Bag of Preparation"}],"event_choices":[{"damage_healed":0.0,"max_hp_gain":0.0,"max_hp_loss":0.0,"gold_gain":75.0,"event_name":"World of Goop","player_choice":"Gather Gold","floor":2.0,"gold_loss":0.0,"damage_taken":11.0},{"damage_healed":0.0,"max_hp_gain":0.0,"max_hp_loss":0.0,"gold_gain":175.0,"event_name":"Liars Game","player_choice":"AGREE","floor":3.0,"gold_loss":0.0,"damage_taken":0.0,"cards_obtained":["Doubt"]},{"cards_removed":["Doubt"],"damage_healed":0.0,"max_hp_gain":0.0,"max_hp_loss":0.0,"gold_gain":0.0,"event_name":"Fountain of Cleansing","player_choice":"Removed Curses","floor":4.0,"gold_loss":0.0,"damage_taken":0.0}],"is_beta":false,"boss_relics":[],"items_purged_floors":[],"is_endless":false,"potions_floor_spawned":[5,8,12],"killed_by":"Slime Boss","ascension_level":2}