{"gold_per_floor":[116,135,60,60,78,88,88,150,228,228,244,244,100,124,136,250,262,292,319,345,367,45,45,45,45,69,69,79,79,79],"floor_reached":30,"playtime":1541,"items_purged":["Strike_G","Strike_G"],"score":289,"play_id":"5ba8593e-d0d7-4703-9bb0-06fe36887ab0","local_time":"20190106171217","is_ascension_mode":true,"campfire_choices":[{"floor":7,"key":"REST"},{"data":"Crippling Poison","floor":10,"key":"SMITH"},{"data":"Neutralize","floor":12,"key":"SMITH"},{"data":"Poisoned Stab","floor":15,"key":"SMITH"},{"floor":23,"key":"REST"},{"data":"Catalyst","floor":27,"key":"SMITH"},{"data":"Deadly Poison","floor":29,"key":"SMITH"}],"neow_cost":"PERCENT_DAMAGE","seed_source_timestamp":47449743212472,"circlet_count":0,"master_deck":["Defend_G","Defend_G","Defend_G","Defend_G","Defend_G","Strike_G","Strike_G","Survivor","Neutralize+1","Dramatic Entrance","Finesse","Backflip","Dash","Crippling Poison+1","Well Laid Plans","Backflip","Poisoned Stab+1","Adrenaline","Acrobatics","Deadly Poison+1","Escape Plan+1","Catalyst+1","Malaise","Backflip"],"relics":["Ring of the Snake","Potion Belt","Matryoshka","MawBank","Philosopher\u0027s Stone","Membership Card","Kunai","Centennial Puzzle"],"potions_floor_usage":[8,8,8,18,21,30,30],"damage_taken":[{"damage":0,"enemies":"Small Slimes","floor":1,"turns":3},{"damage":3,"enemies":"Cultist","floor":2,"turns":4},{"damage":0,"enemies":"2 Louse","floor":5,"turns":2},{"damage":7,"enemies":"Large Slime","floor":6,"turns":9},{"damage":12,"enemies":"Gremlin Nob","floor":8,"turns":7},{"damage":3,"enemies":"2 Fungi Beasts","floor":11,"turns":3},{"damage":3,"enemies":"Exordium Wildlife","floor":14,"turns":4},{"damage":24,"enemies":"Hexaghost","floor":16,"turns":13},{"damage":25,"enemies":"Spheric Guardian","floor":18,"turns":6},{"damage":8,"enemies":"Shell Parasite","floor":19,"turns":6},{"damage":8,"enemies":"Centurion and Healer","floor":20,"turns":7},{"damage":20,"enemies":"Shelled Parasite and Fungi","floor":21,"turns":5},{"damage":11,"enemies":"Snecko","floor":28,"turns":4},{"damage":35,"enemies":"Gremlin Leader","floor":30,"turns":4}],"seed_played":"8661250825002419029","potions_obtained":[{"floor":1,"key":"PowerPotion"},{"floor":2,"key":"Dexterity Potion"},{"floor":6,"key":"EssenceOfSteel"},{"floor":16,"key":"Regen Potion"},{"floor":20,"key":"Regen Potion"},{"floor":21,"key":"Energy Potion"},{"floor":28,"key":"Fire Potion"}],"is_trial":false,"path_per_floor":["M","M","$","?","M","M","R","?","T","R","M","R","?","M","R","B",null,"M","M","M","M","$","R","?","$","T","R","M","R","E"],"character_chosen":"THE_SILENT","items_purchased":["Membership Card","Malaise"],"campfire_rested":2,"item_purchase_floors":[22,22],"current_hp_per_floor":[45,42,42,42,42,35,56,44,44,44,41,41,41,38,38,14,56,45,37,29,24,24,45,45,45,45,45,34,34,0],"gold":79,"neow_bonus":"RANDOM_COLORLESS_2","is_prod":false,"is_daily":false,"chose_seed":false,"campfire_upgraded":5,"win_rate":0,"timestamp":1546823537,"path_taken":["M","M","$","?","?","M","R","?","T","R","M","R","?","M","R","BOSS","M","?","M","M","$","R","?","$","T","R","M","R","E"],"build_version":"2019-01-03v4","purchased_purges":2,"victory":false,"max_hp_per_floor":[70,70,70,70,70,70,70,70,70,70,70,70,70,70,70,70,70,70,70,70,70,70,70,70,70,70,70,70,70,70],"card_choices":[{"not_picked":["Accuracy","Cloak And Dagger"],"picked":"Backflip","floor":1},{"not_picked":["Bane","Infinite Blades"],"picked":"Dash","floor":2},{"not_picked":["Poisoned Stab","Bane"],"picked":"Crippling Poison","floor":5},{"not_picked":["Outmaneuver","Dagger Throw"],"picked":"Well Laid Plans","floor":6},{"not_picked":["Sucker Punch","Slice"],"picked":"Backflip","floor":11},{"not_picked":["Storm of Steel","Prepared"],"picked":"Poisoned Stab","floor":14},{"not_picked":["Grand Finale","Glass Knife"],"picked":"Adrenaline","floor":16},{"not_picked":["Deflect","Tactician+1"],"picked":"Acrobatics","floor":18},{"not_picked":["Reflex","Outmaneuver"],"picked":"Deadly Poison","floor":19},{"not_picked":["Outmaneuver+1","Crippling Poison"],"picked":"Escape Plan+1","floor":20},{"not_picked":["Bane","Backstab"],"picked":"Catalyst","floor":21},{"not_picked":["Acrobatics","Sucker Punch"],"picked":"Backflip","floor":28}],"player_experience":285970,"relics_obtained":[{"floor":9,"key":"Matryoshka"},{"floor":26,"key":"Kunai"},{"floor":26,"key":"Centennial Puzzle"}],"event_choices":[{"cards_removed":["Strike_G"],"damage_healed":0,"gold_gain":0,"player_choice":"Offered Basic","damage_taken":0,"max_hp_gain":0,"max_hp_loss":0,"event_name":"Bonfire Elementals","floor":4,"gold_loss":0},{"damage_healed":0,"gold_gain":0,"player_choice":"Searched \u00272\u0027 times","damage_taken":0,"relics_obtained":["Potion Belt"],"max_hp_gain":0,"max_hp_loss":0,"event_name":"Dead Adventurer","floor":8,"gold_loss":0},{"damage_healed":0,"gold_gain":0,"player_choice":"Paid Gold","damage_taken":0,"relics_obtained":["MawBank"],"max_hp_gain":0,"max_hp_loss":0,"event_name":"WeMeetAgain","floor":13,"gold_loss":144},{"damage_healed":0,"gold_gain":0,"player_choice":"Ignored","damage_taken":0,"max_hp_gain":0,"max_hp_loss":0,"event_name":"Beggar","floor":24,"gold_loss":0}],"is_beta":false,"boss_relics":[{"not_picked":["Ectoplasm","Snecko Eye"],"picked":"Philosopher\u0027s Stone"}],"items_purged_floors":[3,22],"is_endless":false,"potions_floor_spawned":[1,2,6,16,20,21,28],"killed_by":"Gremlin Leader","ascension_level":6}