{"gold_per_floor":[117,42,42,53,71,71,85,85,85,85,12,44,44,60,60,158,158,175,175,175,175],"floor_reached":21,"playtime":839,"items_purged":["Strike_G"],"score":273,"play_id":"9df4e6b2-d25a-4666-ab5f-28918d17a4a7","local_time":"20190119002006","is_ascension_mode":true,"campfire_choices":[{"data":"Cloak And Dagger","floor":6,"key":"SMITH"},{"floor":13,"key":"REST"},{"data":"Accuracy","floor":15,"key":"SMITH"}],"neow_cost":"NONE","seed_source_timestamp":910842069234995,"circlet_count":0,"master_deck":["Defend_G","Defend_G","Defend_G","Defend_G","Defend_G","Survivor","Neutralize","Backstab+1","Cloak And Dagger+1","Well Laid Plans","Footwork","Blade Dance","Accuracy+1","Adrenaline","Cloak And Dagger","Accuracy","After Image","Acrobatics","Bite","Bite","Bite","Bite","Bite"],"relics":["Ring of the Snake","NeowsBlessing","FaceOfCleric","Blue Candle","The Courier","Orrery"],"potions_floor_usage":[7,12,18],"damage_taken":[{"damage":0,"enemies":"Jaw Worm","floor":1,"turns":1},{"damage":0,"enemies":"Cultist","floor":4,"turns":1},{"damage":0,"enemies":"Small Slimes","floor":5,"turns":1},{"damage":7,"enemies":"Exordium Thugs","floor":7,"turns":4},{"damage":40,"enemies":"Lagavulin","floor":12,"turns":10},{"damage":3,"enemies":"Blue Slaver","floor":14,"turns":4},{"damage":25,"enemies":"The Guardian","floor":16,"turns":17},{"damage":10,"enemies":"3 Byrds","floor":18,"turns":6},{"damage":14,"enemies":"Colosseum Slavers","floor":19,"turns":5},{"damage":41,"enemies":"Masked Bandits","floor":21,"turns":4}],"seed_played":"5489692379038716370","potions_obtained":[{"floor":4,"key":"Weak Potion"},{"floor":5,"key":"FearPotion"},{"floor":16,"key":"Explosive Potion"}],"is_trial":false,"path_per_floor":["M","$","?","M","M","R","M","$","T","?","$","E","R","M","R","B",null,"M","?","?","?"],"character_chosen":"THE_SILENT","items_purchased":["Footwork"],"campfire_rested":1,"item_purchase_floors":[11],"current_hp_per_floor":[63,63,63,64,65,65,59,59,59,59,59,20,42,40,40,16,61,52,39,39,0],"gold":175,"neow_bonus":"THREE_ENEMY_KILL","is_prod":false,"is_daily":false,"chose_seed":false,"campfire_upgraded":2,"win_rate":0,"timestamp":1547886006,"path_taken":["M","$","?","M","M","R","?","$","T","?","?","E","R","M","R","BOSS","M","?","?","?"],"build_version":"2019-01-17v2","purchased_purges":1,"victory":false,"max_hp_per_floor":[70,70,70,71,72,72,73,73,73,73,73,74,74,75,75,76,76,77,78,54,54],"card_choices":[{"not_picked":["Underhanded Strike","Flying Knee","Outmaneuver"],"picked":"SKIP","floor":1},{"not_picked":["Bane","Deadly Poison"],"picked":"Backstab","floor":4},{"not_picked":["Deflect","Acrobatics"],"picked":"Cloak And Dagger","floor":5},{"not_picked":["Calculated Gamble","PiercingWail"],"picked":"Well Laid Plans","floor":7},{"not_picked":["Grand Finale","Underhanded Strike"],"picked":"Blade Dance","floor":12},{"not_picked":["Prepared","Infinite Blades"],"picked":"Accuracy","floor":14},{"not_picked":["Die Die Die","Grand Finale"],"picked":"Adrenaline","floor":16},{"not_picked":["Catalyst","Sucker Punch"],"picked":"Cloak And Dagger","floor":17},{"not_picked":["Quick Slash","Backflip"],"picked":"Accuracy","floor":17},{"not_picked":["Blade Dance","Distraction"],"picked":"After Image","floor":17},{"not_picked":["Predator","Underhanded Strike"],"picked":"Acrobatics","floor":18}],"player_experience":360239,"relics_obtained":[{"floor":9,"key":"Blue Candle"},{"floor":12,"key":"The Courier"}],"event_choices":[{"damage_healed":0,"gold_gain":0,"player_choice":"Trade","damage_taken":0,"relics_obtained":["FaceOfCleric"],"max_hp_gain":0,"max_hp_loss":0,"event_name":"FaceTrader","floor":3,"gold_loss":0},{"damage_healed":0,"gold_gain":0,"player_choice":"Forge","damage_taken":0,"max_hp_gain":0,"max_hp_loss":0,"event_name":"Accursed Blacksmith","floor":10,"gold_loss":0,"cards_upgraded":["Backstab"]},{"damage_healed":0,"gold_gain":0,"player_choice":"Fight","damage_taken":0,"max_hp_gain":0,"max_hp_loss":0,"event_name":"Colosseum","floor":19,"gold_loss":0},{"damage_healed":0,"gold_gain":0,"player_choice":"Fled From Nobs","damage_taken":0,"max_hp_gain":0,"max_hp_loss":0,"event_name":"Colosseum","floor":19,"gold_loss":0},{"damage_healed":0,"gold_gain":0,"player_choice":"Became a vampire","damage_taken":0,"max_hp_gain":0,"max_hp_loss":24,"event_name":"Vampires","floor":20,"gold_loss":0,"cards_obtained":["Bite","Bite","Bite","Bite","Bite"]},{"damage_healed":0,"gold_gain":0,"player_choice":"Fought Bandits","damage_taken":0,"max_hp_gain":0,"max_hp_loss":0,"event_name":"Masked Bandits","floor":21,"gold_loss":0}],"is_beta":false,"boss_relics":[{"not_picked":["Fusion Hammer","Ectoplasm"],"picked":"Orrery"}],"items_purged_floors":[2],"is_endless":false,"potions_floor_spawned":[4,5,16,19],"killed_by":"Masked Bandits","ascension_level":8}