{"gold_per_floor":[113,124,139,153,164,164,439,452,500,425,438,82,82,96,96,96],"floor_reached":16,"playtime":1033,"items_purged":["Strike_R"],"score":182,"play_id":"b1612ce9-aff5-4e3e-aad6-7f3890222b19","local_time":"20190428023720","is_ascension_mode":true,"campfire_choices":[{"data":"Armaments","floor":6.0,"key":"SMITH"},{"data":"Bash","floor":13,"key":"SMITH"},{"data":"Inflame","floor":15,"key":"SMITH"}],"neow_cost":"NONE","seed_source_timestamp":1217505845946072,"circlet_count":0,"master_deck":["AscendersBane","Strike_R","Strike_R","Strike_R","Strike_R","Defend_R+1","Defend_R","Defend_R","Defend_R","Bash+1","Anger","Armaments+1","Twin Strike","Cleave","Shrug It Off+1","Inflame+1","Corruption"],"special_seed":0,"relics":["Burning Blood","War Paint","Bottled Flame"],"potions_floor_usage":[8,8],"damage_taken":[{"damage":1.0,"enemies":"2 Louse","floor":1.0,"turns":3.0},{"damage":0.0,"enemies":"Cultist","floor":2.0,"turns":4.0},{"damage":3.0,"enemies":"Small Slimes","floor":3.0,"turns":3.0},{"damage":9.0,"enemies":"Gremlin Gang","floor":4.0,"turns":5.0},{"damage":14.0,"enemies":"Blue Slaver","floor":5.0,"turns":4.0},{"damage":18,"enemies":"Exordium Thugs","floor":8,"turns":4},{"damage":14,"enemies":"Red Slaver","floor":11,"turns":3},{"damage":10,"enemies":"Large Slime","floor":14,"turns":4},{"damage":42,"enemies":"The Guardian","floor":16,"turns":12}],"seed_played":"-8363183754451448806","potions_obtained":[{"floor":3.0,"key":"FearPotion"},{"floor":5.0,"key":"SkillPotion"}],"is_trial":false,"path_per_floor":["M","M","M","M","M","R","?","M","T","?","M","$","R","M","R","B"],"character_chosen":"IRONCLAD","items_purchased":["Bottled Flame"],"campfire_rested":0,"item_purchase_floors":[12],"current_hp_per_floor":[73,75,75,72,64,64,64,52,52,52,44,44,44,40,40,0],"gold":96,"neow_bonus":"THREE_CARDS","is_prod":false,"is_daily":false,"chose_seed":false,"campfire_upgraded":3,"win_rate":0,"timestamp":1556411840,"path_taken":["M","M","M","M","M","R","?","?","T","?","M","$","R","M","R","BOSS"],"build_version":"2019-01-23","purchased_purges":1,"victory":false,"max_hp_per_floor":[75,75,75,75,75,75,75,75,75,75,75,75,75,75,75,75],"card_choices":[{"not_picked":["Headbutt","Burning Pact"],"picked":"Anger","floor":0.0},{"not_picked":["Pommel Strike","Clash"],"picked":"Armaments","floor":1.0},{"not_picked":["Sword Boomerang","True Grit"],"picked":"Twin Strike","floor":2.0},{"not_picked":["Dropkick","Heavy Blade"],"picked":"Cleave","floor":3.0},{"not_picked":["Blood for Blood","Pommel Strike","Twin Strike"],"picked":"SKIP","floor":4.0},{"not_picked":["Havoc","Barricade"],"picked":"Shrug It Off","floor":5.0},{"not_picked":["Clothesline","Perfected Strike"],"picked":"Inflame","floor":8},{"not_picked":["Twin Strike","Sentinel","Clash"],"picked":"SKIP","floor":11},{"not_picked":["Hemokinesis","Thunderclap"],"picked":"Corruption","floor":14}],"player_experience":529990,"relics_obtained":[{"floor":9,"key":"War Paint"}],"event_choices":[{"damage_healed":0.0,"max_hp_gain":0.0,"max_hp_loss":0.0,"gold_gain":275.0,"event_name":"Golden Shrine","player_choice":"Desecrate","floor":7.0,"gold_loss":0.0,"damage_taken":0.0,"cards_obtained":["Regret"]},{"cards_removed":["Regret"],"damage_healed":0,"gold_gain":0,"player_choice":"Card Removal","damage_taken":0,"max_hp_gain":0,"max_hp_loss":0,"event_name":"The Cleric","floor":10,"gold_loss":75}],"is_beta":false,"boss_relics":[],"items_purged_floors":[12],"is_endless":false,"potions_floor_spawned":[3,5],"killed_by":"The Guardian","ascension_level":18}