{"gold_per_floor":[109,127,127,138,64,64,92,16,16,26,26,84,107,32,32,32],"floor_reached":16,"playtime":431,"items_purged":["Strike_G"],"score":157,"play_id":"d7466ccd-29b6-4845-b8e3-38ff7fbed96f","local_time":"20190227171446","is_ascension_mode":true,"campfire_choices":[{"data":"Bouncing Flask","floor":6,"key":"SMITH"},{"data":"Noxious Fumes","floor":11,"key":"SMITH"},{"data":"Noxious Fumes","floor":15,"key":"SMITH"}],"neow_cost":"NONE","seed_source_timestamp":1171331796549723,"circlet_count":0,"master_deck":["AscendersBane","Defend_G","Defend_G","Defend_G","Defend_G","Defend_G","Strike_G","Strike_G","Strike_G","Survivor","Neutralize","Cloak And Dagger","Bouncing Flask+1","Infinite Blades","Noxious Fumes+1","Noxious Fumes+1","Escape Plan","Expertise"],"relics":["Ring of the Snake","NeowsBlessing","Thread and Needle","Pocketwatch","Juzu Bracelet","Odd Mushroom"],"potions_floor_usage":[13,16],"damage_taken":[{"damage":0,"enemies":"2 Louse","floor":1,"turns":1},{"damage":0,"enemies":"Jaw Worm","floor":2,"turns":1},{"damage":0,"enemies":"Cultist","floor":4,"turns":1},{"damage":9,"enemies":"Lagavulin","floor":7,"turns":5},{"damage":0,"enemies":"Large Slime","floor":10,"turns":5},{"damage":17,"enemies":"Gremlin Nob","floor":12,"turns":4},{"damage":0,"enemies":"The Mushroom Lair","floor":13,"turns":3},{"damage":33,"enemies":"Slime Boss","floor":16,"turns":5}],"seed_played":"-547659661431085953","potions_obtained":[{"floor":1,"key":"Explosive Potion"},{"floor":12,"key":"GamblersBrew"},{"floor":13,"key":"SkillPotion"}],"is_trial":false,"path_per_floor":["M","M","?","M","$","R","E","$","T","M","R","?","?","$","R","B"],"character_chosen":"THE_SILENT","items_purchased":["Bouncing Flask","Noxious Fumes"],"campfire_rested":0,"item_purchase_floors":[5,8],"current_hp_per_floor":[63,63,56,56,56,56,47,47,47,47,47,30,30,30,30,0],"gold":32,"neow_bonus":"THREE_ENEMY_KILL","is_prod":false,"is_daily":false,"chose_seed":false,"campfire_upgraded":3,"win_rate":0,"timestamp":1551316486,"path_taken":["M","M","?","M","$","R","E","$","T","M","R","?","?","$","R","BOSS"],"build_version":"2019-01-23","purchased_purges":1,"victory":false,"max_hp_per_floor":[70,70,70,70,70,70,70,70,70,70,70,70,70,70,70,70],"card_choices":[{"not_picked":["Setup","Acrobatics","Deflect"],"picked":"SKIP","floor":1},{"not_picked":["PiercingWail","Accuracy"],"picked":"Cloak And Dagger","floor":2},{"not_picked":["Flying Knee","Dagger Spray","Sucker Punch"],"picked":"SKIP","floor":4},{"not_picked":["Endless Agony","Outmaneuver"],"picked":"Infinite Blades","floor":7},{"not_picked":["Venomology","Blade Dance"],"picked":"Noxious Fumes","floor":10},{"not_picked":["Deflect","Dagger Spray"],"picked":"Escape Plan","floor":12},{"not_picked":["Underhanded Strike","Skewer"],"picked":"Expertise","floor":13}],"player_experience":532091,"relics_obtained":[{"floor":7,"key":"Thread and Needle"},{"floor":9,"key":"Pocketwatch"},{"floor":12,"key":"Juzu Bracelet"},{"floor":13,"key":"Odd Mushroom"}],"event_choices":[{"cards_removed":["Strike_G"],"damage_healed":0,"gold_gain":0,"player_choice":"Card Removal","damage_taken":7,"max_hp_gain":0,"max_hp_loss":0,"event_name":"Golden Wing","floor":3,"gold_loss":0},{"damage_healed":0,"gold_gain":0,"player_choice":"Searched \u00271\u0027 times","damage_taken":0,"max_hp_gain":0,"max_hp_loss":0,"event_name":"Dead Adventurer","floor":12,"gold_loss":0},{"damage_healed":0,"gold_gain":0,"player_choice":"Fought Mushrooms","damage_taken":0,"max_hp_gain":0,"max_hp_loss":0,"event_name":"Mushrooms","floor":13,"gold_loss":0}],"is_beta":false,"boss_relics":[],"items_purged_floors":[14],"is_endless":false,"potions_floor_spawned":[1,12,13],"killed_by":"Slime Boss","ascension_level":12}