{"gold_per_floor":[114,39,51,64,64,64,105,105,128,153,153,153,174,194,194,289,289,313,313,513,47,45,45,88,88,88,108,5,5,39,39,39,39],"floor_reached":33,"playtime":3058,"items_purged":["Strike_R","Strike_R"],"score":538,"play_id":"f0573c3d-16e6-4075-811a-f079c179d36a","local_time":"20190519150032","is_ascension_mode":true,"campfire_choices":[{"data":"Bash","floor":6.0,"key":"SMITH"},{"data":"Rampage","floor":8.0,"key":"SMITH"},{"data":"Clothesline","floor":12.0,"key":"SMITH"},{"floor":15.0,"key":"REST"},{"floor":23.0,"key":"REST"},{"floor":25,"key":"REST"},{"floor":32,"key":"REST"}],"neow_cost":"PERCENT_DAMAGE","seed_source_timestamp":328178965971115,"circlet_count":0,"master_deck":["AscendersBane","Strike_R","Strike_R","Defend_R","Defend_R","Defend_R","Defend_R","Bash+1","Spot Weakness","Rampage+1","Clothesline+1","Feel No Pain","Evolve","Sword Boomerang","Double Tap","Feel No Pain","Warcry","Armaments+1","Inflame","True Grit","Warcry","Feed"],"special_seed":0,"relics":["Burning Blood","Pocketwatch","Bloody Idol","Potion Belt","Anchor","PreservedInsect","Black Star","Bag of Preparation","Strawberry","Smiling Mask","Matryoshka","Sundial","Meat on the Bone"],"potions_floor_usage":[24,24,30,30],"damage_taken":[{"damage":3.0,"enemies":"2 Louse","floor":1.0,"turns":4.0},{"damage":4.0,"enemies":"Jaw Worm","floor":3.0,"turns":5.0},{"damage":7.0,"enemies":"Small Slimes","floor":4.0,"turns":4.0},{"damage":24.0,"enemies":"Gremlin Nob","floor":7.0,"turns":4.0},{"damage":0.0,"enemies":"Red Slaver","floor":10.0,"turns":3.0},{"damage":8.0,"enemies":"Looter","floor":13.0,"turns":4.0},{"damage":4.0,"enemies":"2 Fungi Beasts","floor":14.0,"turns":3.0},{"damage":58.0,"enemies":"Slime Boss","floor":16.0,"turns":8.0},{"damage":28.0,"enemies":"3 Byrds","floor":18.0,"turns":6.0},{"damage":14.0,"enemies":"2 Thieves","floor":22.0,"turns":4.0},{"damage":37,"enemies":"Book of Stabbing","floor":24,"turns":5},{"damage":10,"enemies":"Centurion and Healer","floor":27,"turns":8},{"damage":29,"enemies":"Gremlin Leader","floor":30,"turns":5},{"damage":62,"enemies":"Collector","floor":33,"turns":5}],"seed_played":"8360101320227902365","potions_obtained":[{"floor":7.0,"key":"Dexterity Potion"},{"floor":10.0,"key":"Regen Potion"},{"floor":16.0,"key":"Dexterity Potion"},{"floor":18.0,"key":"LiquidBronze"},{"floor":24,"key":"Energy Potion"}],"is_trial":false,"path_per_floor":["M","?","M","M","?","R","E","R","T","M","?","R","M","M","R","B",null,"M","?","?","$","M","R","E","R","T","M","$","?","E","?","R","B"],"character_chosen":"IRONCLAD","items_purchased":["Bag of Preparation","Feel No Pain","Warcry","Fruit Juice","Fire Potion"],"campfire_rested":4,"item_purchase_floors":[21,21,21,21,28],"current_hp_per_floor":[53,53,55,54,54,54,36,36,36,42,31,31,29,31,51,14,55,33,33,33,38,30,51,27,51,51,47,47,47,29,29,53,0],"gold":39,"neow_bonus":"ONE_RARE_RELIC","is_prod":false,"is_daily":false,"chose_seed":false,"campfire_upgraded":3,"win_rate":0,"timestamp":1558270832,"path_taken":["M","?","M","M","?","R","E","R","T","M","?","R","M","M","R","BOSS","M","?","?","$","?","R","E","R","T","M","?","?","E","?","R","BOSS"],"build_version":"2019-01-23","purchased_purges":2,"victory":false,"max_hp_per_floor":[75,75,75,75,68,68,68,68,68,68,68,68,68,68,68,68,68,68,68,68,73,73,73,80,80,80,80,80,80,80,80,80,80],"card_choices":[{"not_picked":["Shrug It Off","Body Slam"],"picked":"Spot Weakness","floor":1.0},{"not_picked":["Armaments","Carnage"],"picked":"Rampage","floor":3.0},{"not_picked":["Rupture","Armaments"],"picked":"Clothesline","floor":4.0},{"not_picked":["Twin Strike","Double Tap"],"picked":"Feel No Pain","floor":7.0},{"not_picked":["Body Slam","Sword Boomerang"],"picked":"Evolve","floor":10.0},{"not_picked":["Dual Wield","Body Slam"],"picked":"Sword Boomerang","floor":13.0},{"not_picked":["Cleave","Heavy Blade","Dropkick"],"picked":"SKIP","floor":14.0},{"not_picked":["Brutality","Reaper"],"picked":"Double Tap","floor":16.0},{"not_picked":["Pommel Strike","Rage","Perfected Strike"],"picked":"SKIP","floor":18.0},{"not_picked":["Searing Blow","Heavy Blade"],"picked":"Armaments+1","floor":22.0},{"not_picked":["Dropkick","Thunderclap"],"picked":"Inflame","floor":24},{"not_picked":["Body Slam","Headbutt"],"picked":"True Grit","floor":27},{"not_picked":["Havoc","Double Tap"],"picked":"Warcry","floor":30}],"player_experience":664022,"relics_obtained":[{"floor":7.0,"key":"Potion Belt"},{"floor":9.0,"key":"Anchor"},{"floor":24,"key":"Strawberry"},{"floor":24,"key":"Smiling Mask"},{"floor":26,"key":"Matryoshka"},{"floor":30,"key":"Sundial"},{"floor":30,"key":"Meat on the Bone"}],"event_choices":[{"cards_removed":["Strike_R"],"damage_healed":0.0,"max_hp_gain":0.0,"max_hp_loss":0.0,"gold_gain":0.0,"event_name":"The Cleric","player_choice":"Card Removal","floor":2.0,"gold_loss":75.0,"damage_taken":0.0},{"damage_healed":0.0,"max_hp_gain":0.0,"max_hp_loss":7.0,"gold_gain":0.0,"event_name":"Golden Idol","player_choice":"Lose Max HP","floor":5.0,"gold_loss":0.0,"damage_taken":0.0,"relics_obtained":["Golden Idol"]},{"damage_healed":0.0,"max_hp_gain":0.0,"max_hp_loss":0.0,"gold_gain":0.0,"event_name":"Scrap Ooze","player_choice":"Success","floor":11.0,"gold_loss":0.0,"damage_taken":11.0,"relics_obtained":["PreservedInsect"]},{"damage_healed":0.0,"max_hp_gain":0.0,"max_hp_loss":0.0,"gold_gain":0.0,"event_name":"Ghosts","player_choice":"Ignored","floor":19.0,"gold_loss":0.0,"damage_taken":0.0},{"damage_healed":0.0,"max_hp_gain":0.0,"max_hp_loss":0.0,"gold_gain":200.0,"event_name":"Wheel of Change","player_choice":"Gold","floor":20.0,"gold_loss":0.0,"damage_taken":0.0},{"damage_healed":0,"gold_gain":0,"player_choice":"Gave Idol","damage_taken":0,"relics_obtained":["Bloody Idol"],"max_hp_gain":0,"max_hp_loss":0,"event_name":"Forgotten Altar","floor":29,"relics_lost":["Golden Idol"],"gold_loss":0},{"damage_healed":0,"gold_gain":0,"player_choice":"1 cards matched","damage_taken":0,"max_hp_gain":0,"max_hp_loss":0,"event_name":"Match and Keep!","floor":31,"gold_loss":0,"cards_obtained":["Feed"]}],"is_beta":false,"boss_relics":[{"not_picked":["Tiny House","White Beast Statue"],"picked":"Black Star"}],"items_purged_floors":[21,28],"is_endless":false,"potions_floor_spawned":[7,10,16,18,24],"killed_by":"Collector","ascension_level":18}