{"gold_per_floor":[109,126,138,156,171,183,214,226,262,303,327,350,388,417,429,545,607,639,663,692,722,11,11,37,70,70,70,5,5,36,47,47,152,152,166,181,196,47,67,101,120,120,120,134,134,468,468,500,500,597,597,614,404,423,443,453,465,479,494,494,36,48,67,78,96,96,200,200,211,229,36,46,57,57,57,73,102,122,132,150,176,195,195,295,295,314,4,14,27,75,75,75,109,159,159,191,44,71,106,106,203,203,221,26,101,101,101,132,132,192,230,266,266,307,338,513,513,634,634,658,109,109,30,43,43,76,76,101,101,129,2,30,30,30,126,126,137,9,9,105,105,122,147,147,147,28,53],"floor_reached":147,"playtime":12488,"items_purged":["Strike_R","Strike_R","Strike_R","Defend_R","Flex+1","Caltrops+1","Strike_R","Doubt","Strike_R+1","Writhe","Defend_R+1"],"score":4511,"play_id":"f851bb34-b16d-467d-8980-87f78e6fe267","local_time":"20190211165956","daily_mods":["Vintage","Red Cards","Green Cards","Blue Cards","Colorless Cards","Heirloom","Flight"],"is_ascension_mode":false,"campfire_choices":[{"data":"Bash","floor":6,"key":"SMITH"},{"floor":15,"key":"REST"},{"floor":23,"key":"REST"},{"floor":27,"key":"REST"},{"floor":29,"key":"REST"},{"floor":32,"key":"REST"},{"floor":42,"key":"REST"},{"data":"1","floor":45,"key":"LIFT"},{"data":"2","floor":47,"key":"LIFT"},{"data":"3","floor":49,"key":"LIFT"},{"data":"Pommel Strike","floor":66,"key":"SMITH"},{"floor":74,"key":"DIG"},{"floor":75,"key":"DIG"},{"floor":83,"key":"DIG"},{"floor":91,"key":"DIG"},{"floor":92,"key":"DIG"},{"floor":100,"key":"DIG"},{"floor":117,"key":"DIG"},{"floor":125,"key":"DIG"},{"floor":127,"key":"DIG"},{"floor":134,"key":"DIG"}],"neow_cost":"","seed_source_timestamp":0,"circlet_count":15,"master_deck":["Defend_R+1","Defend_R+1","Bash+1","Dual Wield+1","Disarm+1","Secret Weapon+1","Sword Boomerang+1","Pommel Strike+1","Finesse+1","Magnetism+1","Footwork+1","FTL+1","Conserve Battery+1","Warcry+1","Flying Knee+1","Amplify+1","Clothesline+1","Battle Trance+1","Force Field+1","Echo Form+1","FTL","Backflip+1","Fire Breathing+1","Panache+1","Warcry+1","Terror+1","Demon Form+1","Finesse+1","Infernal Blade+1","Warcry+1","Metallicize+1","Panache+1","Shrug It Off+1","Secret Technique+1","After Image+1","White Noise+1","Deep Breath+1","Capacitor+1","White Noise+1","Acrobatics+1","Feel No Pain+1","Master of Strategy+1","Feel No Pain+1","Adrenaline+1","Panache+1"],"relics":["Black Blood","Thread and Needle","Toxic Egg 2","Red Skull","Ancient Tea Set","Dodecahedron","MawBank","Pear","Bronze Scales","Regal Pillow","Bag of Preparation","Frozen Egg 2","Paper Frog","StoneCalendar","Magic Flower","Tiny House","Whetstone","Incense Burner","Pantograph","Smiling Mask","Dream Catcher","Membership Card","Question Card","Vajra","Boot","Bag of Marbles","Strawberry","Oddly Smooth Stone","Philosopher\u0027s Stone","War Paint","PreservedInsect","Girya","Medical Kit","Happy Flower","Bottled Lightning","Du-Vu Doll","Torii","Matryoshka","Old Coin","Pen Nib","Sozu","Lantern","Letter Opener","Anchor","Orichalcum","Kunai","Bird Faced Urn","Mummified Hand","Ornamental Fan","Juzu Bracelet","Blood Vial","Shuriken","Blue Candle","ClockworkSouvenir","Meat on the Bone","Omamori","Gremlin Horn","Centennial Puzzle","Art of War","Potion Belt","Nunchaku","Pocketwatch","Shovel","Bottled Flame","Mercury Hourglass","Calipers","Dead Branch","FossilizedHelix","Gambling Chip","Prayer Wheel","Champion Belt","Orrery","Ice Cream","Turnip","Circlet","Brimstone","Runic Dome","Darkstone Periapt","Tiny Chest","Ginger","Bloody Idol","Self Forming Clay","Odd Mushroom","The Courier","Singing Bowl","Cursed Key","Sundial","Mango","PrismaticShard","MealTicket","Red Mask","Coffee Dripper","OrangePellets","Bottled Tornado","Unceasing Top"],"potions_floor_usage":[4,10,12,21,21,25,36,40,48],"damage_taken":[{"damage":0,"enemies":"Small Slimes","floor":1,"turns":4},{"damage":0,"enemies":"2 Louse","floor":2,"turns":3},{"damage":0,"enemies":"Cultist","floor":3,"turns":5},{"damage":0,"enemies":"3 Louse","floor":4,"turns":4},{"damage":0,"enemies":"Exordium Wildlife","floor":5,"turns":3},{"damage":0,"enemies":"Gremlin Gang","floor":7,"turns":6},{"damage":0,"enemies":"Gremlin Nob","floor":10,"turns":3},{"damage":9,"enemies":"3 Louse","floor":11,"turns":3},{"damage":6,"enemies":"Large Slime","floor":12,"turns":8},{"damage":40,"enemies":"Lagavulin","floor":13,"turns":5},{"damage":0,"enemies":"Exordium Wildlife","floor":14,"turns":4},{"damage":22,"enemies":"The Guardian","floor":16,"turns":9},{"damage":0,"enemies":"Shell Parasite","floor":18,"turns":5},{"damage":0,"enemies":"Chosen","floor":19,"turns":4},{"damage":6,"enemies":"Shelled Parasite and Fungi","floor":20,"turns":6},{"damage":9,"enemies":"3 Cultists","floor":21,"turns":6},{"damage":0,"enemies":"Book of Stabbing","floor":24,"turns":4},{"damage":36,"enemies":"Gremlin Leader","floor":25,"turns":8},{"damage":0,"enemies":"Slavers","floor":30,"turns":4},{"damage":3,"enemies":"Snake Plant","floor":31,"turns":2},{"damage":2,"enemies":"Automaton","floor":33,"turns":9},{"damage":0,"enemies":"Orb Walker","floor":35,"turns":3},{"damage":2,"enemies":"3 Darklings","floor":36,"turns":3},{"damage":0,"enemies":"Sphere and 2 Shapes","floor":37,"turns":7},{"damage":24,"enemies":"Transient","floor":39,"turns":5},{"damage":8,"enemies":"Giant Head","floor":40,"turns":7},{"damage":0,"enemies":"Maw","floor":41,"turns":7},{"damage":0,"enemies":"Spire Growth","floor":44,"turns":4},{"damage":0,"enemies":"Nemesis","floor":46,"turns":3},{"damage":10,"enemies":"Reptomancer","floor":48,"turns":7},{"damage":47,"enemies":"Time Eater","floor":50,"turns":9},{"damage":0,"enemies":"Small Slimes","floor":52,"turns":1},{"damage":0,"enemies":"Cultist","floor":54,"turns":1},{"damage":0,"enemies":"2 Louse","floor":55,"turns":1},{"damage":0,"enemies":"Exordium Wildlife","floor":56,"turns":1},{"damage":0,"enemies":"Blue Slaver","floor":57,"turns":1},{"damage":0,"enemies":"2 Fungi Beasts","floor":58,"turns":1},{"damage":0,"enemies":"Exordium Wildlife","floor":59,"turns":1},{"damage":0,"enemies":"Large Slime","floor":62,"turns":1},{"damage":0,"enemies":"Red Slaver","floor":63,"turns":1},{"damage":0,"enemies":"Exordium Thugs","floor":64,"turns":2},{"damage":0,"enemies":"Blue Slaver","floor":65,"turns":1},{"damage":0,"enemies":"Slime Boss","floor":67,"turns":1},{"damage":0,"enemies":"Spheric Guardian","floor":69,"turns":1},{"damage":0,"enemies":"Chosen","floor":70,"turns":2},{"damage":0,"enemies":"Snake Plant","floor":72,"turns":2},{"damage":0,"enemies":"Chosen and Byrds","floor":73,"turns":2},{"damage":0,"enemies":"3 Cultists","floor":76,"turns":2},{"damage":0,"enemies":"Gremlin Leader","floor":77,"turns":2},{"damage":0,"enemies":"Shelled Parasite and Fungi","floor":78,"turns":2},{"damage":0,"enemies":"Snake Plant","floor":79,"turns":1},{"damage":0,"enemies":"Centurion and Healer","floor":80,"turns":1},{"damage":0,"enemies":"Slavers","floor":81,"turns":1},{"damage":0,"enemies":"Chosen and Byrds","floor":82,"turns":1},{"damage":0,"enemies":"Collector","floor":84,"turns":2},{"damage":0,"enemies":"3 Shapes","floor":86,"turns":1},{"damage":0,"enemies":"3 Darklings","floor":88,"turns":1},{"damage":0,"enemies":"Transient","floor":89,"turns":4},{"damage":0,"enemies":"2 Orb Walkers","floor":90,"turns":1},{"damage":0,"enemies":"Nemesis","floor":93,"turns":1},{"damage":0,"enemies":"Reptomancer","floor":94,"turns":2},{"damage":0,"enemies":"Giant Head","floor":96,"turns":3},{"damage":0,"enemies":"Nemesis","floor":98,"turns":1},{"damage":0,"enemies":"Reptomancer","floor":99,"turns":2},{"damage":0,"enemies":"Awakened One","floor":101,"turns":3},{"damage":0,"enemies":"Jaw Worm","floor":103,"turns":1},{"damage":0,"enemies":"Lagavulin","floor":108,"turns":2},{"damage":0,"enemies":"Gremlin Nob","floor":110,"turns":2},{"damage":0,"enemies":"Lagavulin","floor":111,"turns":2},{"damage":0,"enemies":"The Mushroom Lair","floor":112,"turns":1},{"damage":0,"enemies":"Gremlin Nob","floor":114,"turns":2},{"damage":0,"enemies":"3 Sentries","floor":115,"turns":1},{"damage":0,"enemies":"The Guardian","floor":118,"turns":3},{"damage":0,"enemies":"2 Thieves","floor":120,"turns":2},{"damage":0,"enemies":"Spheric Guardian","floor":124,"turns":1},{"damage":28,"enemies":"Slavers","floor":126,"turns":2},{"damage":0,"enemies":"Book of Stabbing","floor":128,"turns":2},{"damage":0,"enemies":"Slavers","floor":130,"turns":1},{"damage":0,"enemies":"Masked Bandits","floor":132,"turns":1},{"damage":0,"enemies":"Champ","floor":135,"turns":4},{"damage":0,"enemies":"3 Darklings","floor":137,"turns":2},{"damage":18,"enemies":"Time Eater","floor":140,"turns":4},{"damage":0,"enemies":"Small Slimes","floor":142,"turns":1},{"damage":0,"enemies":"The Mushroom Lair","floor":143,"turns":1},{"damage":0,"enemies":"3 Sentries","floor":147,"turns":1}],"seed_played":"-8001886672061435212","potions_obtained":[{"floor":3,"key":"SteroidPotion"},{"floor":5,"key":"SkillPotion"},{"floor":7,"key":"SteroidPotion"},{"floor":14,"key":"FairyPotion"},{"floor":16,"key":"Explosive Potion"},{"floor":17,"key":"Dexterity Potion"},{"floor":18,"key":"PowerPotion"},{"floor":24,"key":"Swift Potion"},{"floor":37,"key":"Regen Potion"},{"floor":39,"key":"SkillPotion"},{"floor":44,"key":"PowerPotion"},{"floor":46,"key":"FearPotion"}],"is_trial":true,"path_per_floor":["M","M","M","M","M","R","M","?","T","E","M","M","E","M","R","B",null,"M","M","M","M","$","R","E","E","T","R","?","R","E","M","R","B",null,"M","M","M","$","M","E","M","R","T","M","R","E","R","E","R","B",null,"M","$","M","M","M","M","M","M","T","$","M","M","M","M","R","B",null,"M","M","$","M","M","R","R","M","E","M","M","M","E","M","R","B",null,"M","$","M","M","?","R","R","E","E","?","E","$","E","E","R","B",null,"M","$","?","?","?","E","?","E","E","?","?","E","E","?","R","B",null,"M","$","?","$","M","R","E","R","E","?","E","$","?","?","R","B",null,"M","$","?","B",null,"M","?","?","?","$","E"],"character_chosen":"IRONCLAD","items_purchased":["Pommel Strike","Finesse+1","Magnetism+1","Dream Catcher","Membership Card","Medical Kit","Letter Opener","FTL","Shuriken","Backflip+1","Fire Breathing+1","Blue Candle","ClockworkSouvenir","Nunchaku","Metallicize+1","Panache+1","Turnip","Brimstone","Tiny Chest","Ginger","Feel No Pain+1","Mango","Master of Strategy+1","PrismaticShard","Feel No Pain+1","Circlet","Adrenaline+1","MealTicket","OrangePellets","Unceasing Top"],"campfire_rested":6,"item_purchase_floors":[22,22,22,22,22,38,53,53,61,61,61,61,61,71,87,87,87,97,104,104,121,121,121,121,121,121,123,131,138,146],"current_hp_per_floor":[80,80,80,80,80,80,90,90,90,90,87,87,53,59,90,77,95,95,95,95,95,95,95,95,68,68,95,95,95,102,102,102,102,102,102,102,102,102,87,88,97,102,102,102,102,102,102,101,101,64,102,102,102,102,102,102,102,102,102,102,102,102,102,102,102,102,102,102,102,102,102,102,102,102,102,102,102,102,102,102,102,102,102,102,102,102,102,102,102,102,102,102,102,102,97,97,97,97,97,97,97,97,97,97,88,88,88,97,97,97,97,97,90,97,97,103,103,105,105,105,119,119,119,119,119,119,119,123,129,131,131,133,133,133,133,133,133,133,133,135,135,135,135,135,135,135,135],"gold":53,"neow_bonus":"","is_prod":false,"is_daily":false,"chose_seed":false,"campfire_upgraded":2,"win_rate":0,"timestamp":1549900796,"path_taken":["M","M","M","M","M","R","M","?","T","E","M","M","E","M","R","BOSS","M","M","M","M","$","R","E","E","T","R","?","R","E","M","R","BOSS","M","M","M","$","M","E","M","R","T","M","R","E","R","E","R","BOSS","M","$","M","M","M","M","M","M","T","$","M","M","M","M","R","BOSS","M","M","$","M","M","R","R","M","E","M","M","M","E","M","R","BOSS","M","$","M","M","?","R","R","E","E","?","E","$","E","E","R","BOSS","M","$","?","?","?","E","?","E","E","?","?","E","E","?","R","BOSS","M","$","?","$","M","R","E","R","E","?","E","?","?","?","R","BOSS","M","?","?","BOSS","M","?","?","?","$","E"],"build_version":"2019-01-23","purchased_purges":11,"victory":false,"max_hp_per_floor":[80,80,80,80,80,80,90,90,90,90,90,90,90,90,90,90,95,95,95,95,95,95,95,95,95,95,95,95,95,102,102,102,102,102,102,102,102,102,102,102,102,102,102,102,102,102,102,102,102,102,102,102,102,102,102,102,102,102,102,102,102,102,102,102,102,102,102,102,102,102,102,102,102,102,102,102,102,102,102,102,102,102,102,102,102,102,102,102,102,102,102,102,102,102,97,97,97,97,97,97,97,97,97,97,97,97,97,97,97,97,97,97,97,97,97,103,103,105,105,105,119,119,119,119,119,121,121,123,129,131,131,133,133,133,133,133,133,133,133,135,135,135,135,135,135,135,135],"card_choices":[{"not_picked":["Deflect+1","Madness+1"],"picked":"Dual Wield+1","floor":10},{"not_picked":["Whirlwind","Blade Dance+1"],"picked":"Disarm+1","floor":13},{"not_picked":["Biased Cognition+1","Amplify+1"],"picked":"Secret Weapon+1","floor":16},{"not_picked":["Mind Blast","Recycle+1"],"picked":"Sword Boomerang","floor":17},{"not_picked":["Warcry+1","Quick Slash"],"picked":"Footwork+1","floor":23},{"not_picked":["Sadistic Nature+1","Enlightenment+1"],"picked":"FTL","floor":24},{"not_picked":["Second Wind+1","Beam Cell","Good Instincts+1"],"picked":"Conserve Battery+1","floor":25},{"not_picked":["Flying Knee+1","Blade Dance+1","Conserve Battery+1"],"picked":"Caltrops+1","floor":27},{"not_picked":["Redo+1","Heel Hook+1","Wild Strike"],"picked":"Warcry+1","floor":29},{"not_picked":["Warcry+1","Catalyst+1","Fiend Fire"],"picked":"Flex+1","floor":30},{"not_picked":["Underhanded Strike","Dagger Spray+1","Pommel Strike"],"picked":"Flying Knee","floor":32},{"not_picked":["Rainbow+1","Multi-Cast+1","Wraith Form v2+1"],"picked":"Amplify+1","floor":33},{"not_picked":["Undo+1","Gash+1","Headbutt+1"],"picked":"Clothesline+1","floor":40},{"not_picked":["Capacitor+1","Outmaneuver+1","Second Wind+1"],"picked":"Battle Trance+1","floor":42},{"not_picked":["Steam+1","Mayhem+1","Thunderclap+1"],"picked":"Force Field+1","floor":46},{"not_picked":["Melter+1","Jack Of All Trades+1","Rebound","Uppercut"],"picked":"SKIP","floor":48},{"not_picked":["Thunder Strike","Core Surge","Biased Cognition+1"],"picked":"Echo Form+1","floor":50},{"not_picked":["Magnetism+1","Venomology+1","Amplify+1"],"picked":"Panache+1","floor":67},{"not_picked":["BootSequence+1","Amplify+1","Swift Strike"],"picked":"Warcry+1","floor":77},{"not_picked":["Bane+1","Panacea+1","Die Die Die"],"picked":"Terror+1","floor":81},{"not_picked":["Malaise+1","Thunder Strike","Feed"],"picked":"Demon Form+1","floor":84},{"not_picked":["Steam Power+1","Coolheaded+1","Dodge and Roll+1"],"picked":"Finesse+1","floor":85},{"not_picked":["Thunderclap","Blind+1","A Thousand Cuts+1"],"picked":"Infernal Blade+1","floor":85},{"not_picked":["Flex+1","True Grit+1","Anger"],"picked":"Warcry+1","floor":85},{"not_picked":["Dramatic Entrance","Self Repair+1","Cloak And Dagger+1","Poisoned Stab"],"picked":"SKIP","floor":93},{"not_picked":["Dramatic Entrance","Self Repair+1","Cloak And Dagger+1","Poisoned Stab"],"picked":"SKIP","floor":93},{"not_picked":["Force Field+1","Sucker Punch+1","Ghostly Armor+1"],"picked":"Shrug It Off+1","floor":94},{"not_picked":["Stack+1","Wild Strike+1","Redo+1"],"picked":"Secret Technique+1","floor":96},{"not_picked":["Flying Knee+1","Underhanded Strike+1","Doom and Gloom+1","Seeing Red+1"],"picked":"SKIP","floor":98},{"not_picked":["Bane","Cleave","Headbutt","Eviscerate+1"],"picked":"SKIP","floor":99},{"not_picked":["Storm of Steel+1","Bludgeon","Thunder Strike"],"picked":"After Image+1","floor":101},{"not_picked":["Underhanded Strike","Deflect+1","Prepared+1","Twin Strike"],"picked":"SKIP","floor":108},{"not_picked":["Compile Driver","Deadly Poison+1","Shrug It Off+1"],"picked":"White Noise+1","floor":110},{"not_picked":["Ghostly Armor+1","Outmaneuver+1","Escape Plan+1"],"picked":"Deep Breath+1","floor":111},{"not_picked":["Tempest+1","Offering+1","Pommel Strike"],"picked":"Capacitor+1","floor":112},{"not_picked":["Deadly Poison+1","Sentinel+1","Dagger Spray"],"picked":"White Noise+1","floor":114},{"not_picked":["Steam Power+1","Force Field+1","Melter"],"picked":"Acrobatics+1","floor":115},{"not_picked":["Violence+1","Dark Embrace+1","After Image+1","Apotheosis+1"],"picked":"Singing Bowl","floor":118},{"not_picked":["Leg Sweep+1","Scrape+1","Compile Driver","Masterful Stab"],"picked":"Singing Bowl","floor":126},{"not_picked":["Sweeping Beam+1","Poisoned Stab+1","Shrug It Off+1","Concentrate+1"],"picked":"Singing Bowl","floor":128},{"not_picked":["Undo+1","Hologram+1","Havoc+1","Streamline"],"picked":"Singing Bowl","floor":130},{"not_picked":["Sucker Punch","Intimidate+1","Clash","Coolheaded+1"],"picked":"Singing Bowl","floor":132},{"not_picked":["Die Die Die","Reboot+1","Juggernaut+1"],"picked":"Panache+1","floor":135},{"not_picked":["Metamorphosis+1","Secret Technique+1","Adrenaline+1","Bullet Time+1"],"picked":"Singing Bowl","floor":140},{"not_picked":["Outmaneuver+1","Pommel Strike","Madness+1","Reprogram+1"],"picked":"Singing Bowl","floor":143},{"not_picked":["Recycle+1","Ghostly Armor+1","Immolate","Twin Strike"],"picked":"SKIP","floor":147},{"not_picked":["Recycle+1","Ghostly Armor+1","Immolate","Twin Strike"],"picked":"SKIP","floor":147},{"not_picked":["Recycle+1","Ghostly Armor+1","Immolate","Twin Strike"],"picked":"SKIP","floor":147}],"player_experience":216039,"relics_obtained":[{"floor":1,"key":"Toxic Egg 2"},{"floor":2,"key":"Red Skull"},{"floor":3,"key":"Ancient Tea Set"},{"floor":4,"key":"Dodecahedron"},{"floor":5,"key":"MawBank"},{"floor":7,"key":"Pear"},{"floor":9,"key":"Regal Pillow"},{"floor":10,"key":"Bag of Preparation"},{"floor":11,"key":"Frozen Egg 2"},{"floor":12,"key":"Paper Frog"},{"floor":13,"key":"StoneCalendar"},{"floor":14,"key":"Magic Flower"},{"floor":18,"key":"Whetstone"},{"floor":19,"key":"Incense Burner"},{"floor":20,"key":"Pantograph"},{"floor":21,"key":"Smiling Mask"},{"floor":24,"key":"Question Card"},{"floor":25,"key":"Vajra"},{"floor":26,"key":"Boot"},{"floor":30,"key":"Strawberry"},{"floor":31,"key":"Oddly Smooth Stone"},{"floor":35,"key":"War Paint"},{"floor":36,"key":"PreservedInsect"},{"floor":37,"key":"Girya"},{"floor":39,"key":"Happy Flower"},{"floor":40,"key":"Bottled Lightning"},{"floor":41,"key":"Du-Vu Doll"},{"floor":43,"key":"Torii"},{"floor":44,"key":"Matryoshka"},{"floor":46,"key":"Old Coin"},{"floor":48,"key":"Pen Nib"},{"floor":52,"key":"Lantern"},{"floor":54,"key":"Anchor"},{"floor":55,"key":"Orichalcum"},{"floor":56,"key":"Kunai"},{"floor":57,"key":"Bird Faced Urn"},{"floor":58,"key":"Mummified Hand"},{"floor":59,"key":"Ornamental Fan"},{"floor":60,"key":"Juzu Bracelet"},{"floor":60,"key":"Blood Vial"},{"floor":62,"key":"Meat on the Bone"},{"floor":63,"key":"Omamori"},{"floor":64,"key":"Gremlin Horn"},{"floor":65,"key":"Centennial Puzzle"},{"floor":69,"key":"Art of War"},{"floor":70,"key":"Potion Belt"},{"floor":72,"key":"Pocketwatch"},{"floor":73,"key":"Shovel"},{"floor":74,"key":"Bottled Flame"},{"floor":75,"key":"Mercury Hourglass"},{"floor":76,"key":"Calipers"},{"floor":78,"key":"Dead Branch"},{"floor":79,"key":"FossilizedHelix"},{"floor":80,"key":"Gambling Chip"},{"floor":82,"key":"Prayer Wheel"},{"floor":83,"key":"Champion Belt"},{"floor":86,"key":"Ice Cream"},{"floor":88,"key":"Circlet"},{"floor":89,"key":"Circlet"},{"floor":90,"key":"Circlet"},{"floor":91,"key":"Circlet"},{"floor":92,"key":"Circlet"},{"floor":100,"key":"Circlet"},{"floor":103,"key":"Darkstone Periapt"},{"floor":112,"key":"Odd Mushroom"},{"floor":117,"key":"Singing Bowl"},{"floor":120,"key":"Sundial"},{"floor":124,"key":"Circlet"},{"floor":125,"key":"Circlet"},{"floor":127,"key":"Circlet"},{"floor":132,"key":"Red Mask"},{"floor":134,"key":"Circlet"},{"floor":137,"key":"Circlet"},{"floor":142,"key":"Bottled Tornado"},{"floor":143,"key":"Circlet"}],"event_choices":[{"damage_healed":0,"gold_gain":0,"player_choice":"Searched \u00272\u0027 times","damage_taken":0,"relics_obtained":["Bronze Scales"],"max_hp_gain":0,"max_hp_loss":0,"event_name":"Dead Adventurer","floor":8,"gold_loss":0},{"damage_healed":0,"gold_gain":0,"player_choice":"Paid Gold","damage_taken":0,"relics_obtained":["Bag of Marbles"],"max_hp_gain":0,"max_hp_loss":0,"event_name":"WeMeetAgain","floor":28,"gold_loss":65},{"damage_healed":0,"gold_gain":0,"player_choice":"Fight","damage_taken":0,"max_hp_gain":0,"max_hp_loss":0,"event_name":"Mysterious Sphere","floor":90,"gold_loss":0},{"damage_healed":0,"gold_gain":0,"player_choice":"Max HP","damage_taken":0,"max_hp_gain":0,"max_hp_loss":5,"event_name":"Winding Halls","floor":95,"gold_loss":0},{"damage_healed":0,"gold_gain":75,"player_choice":"Touch","damage_taken":9,"max_hp_gain":0,"max_hp_loss":0,"event_name":"FaceTrader","floor":105,"gold_loss":0},{"damage_healed":0,"gold_gain":0,"player_choice":"Grow","damage_taken":0,"max_hp_gain":0,"max_hp_loss":0,"event_name":"Living Wall","floor":106,"gold_loss":0,"cards_upgraded":["FTL"]},{"damage_healed":0,"gold_gain":0,"player_choice":"Take Wound","damage_taken":0,"relics_obtained":["Golden Idol"],"max_hp_gain":0,"max_hp_loss":0,"event_name":"Golden Idol","floor":107,"gold_loss":0,"cards_obtained":["Injury"]},{"damage_healed":0,"gold_gain":0,"player_choice":"Box","damage_taken":0,"relics_obtained":["Self Forming Clay"],"max_hp_gain":0,"max_hp_loss":0,"event_name":"Big Fish","floor":109,"gold_loss":0,"cards_obtained":["Regret"]},{"damage_healed":0,"gold_gain":0,"player_choice":"Fought Mushrooms","damage_taken":0,"max_hp_gain":0,"max_hp_loss":0,"event_name":"Mushrooms","floor":112,"gold_loss":0},{"damage_healed":0,"gold_gain":0,"player_choice":"Success","damage_taken":7,"relics_obtained":["The Courier"],"max_hp_gain":0,"max_hp_loss":0,"event_name":"Scrap Ooze","floor":113,"gold_loss":0},{"damage_healed":0,"gold_gain":175,"player_choice":"AGREE","damage_taken":0,"max_hp_gain":0,"max_hp_loss":0,"event_name":"Liars Game","floor":116,"gold_loss":0,"cards_obtained":["Doubt"]},{"damage_healed":0,"gold_gain":0,"player_choice":"Gave Idol","damage_taken":0,"relics_obtained":["Bloody Idol"],"max_hp_gain":0,"max_hp_loss":0,"event_name":"Forgotten Altar","floor":122,"relics_lost":["Golden Idol"],"gold_loss":0},{"damage_healed":0,"gold_gain":0,"player_choice":"Opened","damage_taken":0,"relics_obtained":["Circlet"],"max_hp_gain":0,"max_hp_loss":0,"event_name":"The Mausoleum","floor":129,"gold_loss":0,"cards_obtained":["Writhe"]},{"damage_healed":0,"gold_gain":0,"player_choice":"Fought Bandits","damage_taken":0,"max_hp_gain":0,"max_hp_loss":0,"event_name":"Masked Bandits","floor":132,"gold_loss":0},{"damage_healed":0,"gold_gain":0,"player_choice":"Gave Potion","damage_taken":0,"relics_obtained":["Circlet"],"max_hp_gain":0,"max_hp_loss":0,"event_name":"WeMeetAgain","floor":133,"gold_loss":0},{"damage_healed":0,"gold_gain":0,"player_choice":"Took Portal","damage_taken":0,"max_hp_gain":0,"max_hp_loss":0,"event_name":"SecretPortal","floor":139,"gold_loss":0},{"damage_healed":0,"gold_gain":0,"player_choice":"Fought Mushrooms","damage_taken":0,"max_hp_gain":0,"max_hp_loss":0,"event_name":"Mushrooms","floor":143,"gold_loss":0},{"damage_healed":0,"gold_gain":0,"player_choice":"Grow","damage_taken":0,"max_hp_gain":0,"max_hp_loss":0,"event_name":"Living Wall","floor":144,"gold_loss":0,"cards_upgraded":["Flying Knee"]},{"damage_healed":0,"gold_gain":0,"player_choice":"Ignored","damage_taken":0,"max_hp_gain":0,"max_hp_loss":0,"event_name":"Shining Light","floor":145,"gold_loss":0}],"is_beta":false,"boss_relics":[{"not_picked":["Fusion Hammer","Busted Crown"],"picked":"Tiny House"},{"not_picked":["Astrolabe","Cursed Key"],"picked":"Philosopher\u0027s Stone"},{"not_picked":["Runic Cube","Runic Pyramid"],"picked":"Sozu"},{"not_picked":["Snecko Eye","Astrolabe","White Beast Statue"]},{"not_picked":["Runic Pyramid","Empty Cage"],"picked":"Orrery"},{"not_picked":["Calling Bell","Busted Crown"],"picked":"Runic Dome"},{"not_picked":["Empty Cage","Ectoplasm"],"picked":"Cursed Key"},{"not_picked":["Lizard Tail","Busted Crown"],"picked":"Coffee Dripper"},{"not_picked":["Runic Pyramid","Astrolabe"],"picked":"Black Blood"}],"items_purged_floors":[22,38,53,61,71,87,97,121,123,131,138],"is_endless":true,"potions_floor_spawned":[3,5,7,14,16,18,19,24,37,39,44,46,52,57,58,65,67,76,77,78,80,82,89,90,94,98,110,114,118,126,128,132,135,143],"killed_by":"3 Sentries","ascension_level":0}