{"gold_per_floor":[119,44,61,76,76,76,102,102,102,122,138,95,95],"floor_reached":13,"playtime":977,"items_purged":[],"score":157,"play_id":"ba28fd70-c817-4db9-9242-621a0d2d391a","local_time":"20190602124900","is_ascension_mode":true,"campfire_choices":[{"data":"Dualcast","floor":6,"key":"SMITH"},{"floor":8,"key":"REST"}],"neow_cost":"NONE","seed_source_timestamp":1532061165872583,"circlet_count":0,"master_deck":["AscendersBane","Strike_B","Strike_B","Strike_B","Defend_B","Defend_B","Defend_B","Defend_B","Zap+1","Dualcast+1","Gash","Glacier","Cold Snap","Electrodynamics","Compile Driver","Ball Lightning"],"relics":["Cracked Core","Lantern","Dodecahedron","Incense Burner"],"potions_floor_usage":[10],"damage_taken":[{"damage":8,"enemies":"2 Louse","floor":1,"turns":3},{"damage":7,"enemies":"Small Slimes","floor":3,"turns":3},{"damage":2,"enemies":"Cultist","floor":4,"turns":4},{"damage":30,"enemies":"Gremlin Nob","floor":7,"turns":7},{"damage":11,"enemies":"Gremlin Gang","floor":10,"turns":4},{"damage":16,"enemies":"Large Slime","floor":11,"turns":4},{"damage":22,"enemies":"Exordium Wildlife","floor":13,"turns":1}],"seed_played":"8883478188480745964","potions_obtained":[{"floor":4,"key":"Block Potion"},{"floor":10,"key":"Energy Potion"},{"floor":11,"key":"Ancient Potion"}],"is_trial":false,"path_per_floor":["M","?","M","M","?","R","E","R","T","M","M","?","M"],"character_chosen":"DEFECT","items_purchased":[],"campfire_rested":1,"item_purchase_floors":[],"current_hp_per_floor":[56,56,49,47,47,47,17,38,38,27,11,11,0],"gold":95,"neow_bonus":"RANDOM_COMMON_RELIC","is_prod":false,"is_daily":false,"chose_seed":false,"campfire_upgraded":1,"win_rate":0,"timestamp":1559472540,"path_taken":["M","?","M","M","?","R","E","R","T","?","?","?","M"],"build_version":"2019-01-23","purchased_purges":0,"victory":false,"max_hp_per_floor":[71,71,71,71,71,71,71,71,71,71,71,71,71],"card_choices":[{"not_picked":["Go for the Eyes","Leap"],"picked":"Gash","floor":1},{"not_picked":["Storm","Steam"],"picked":"Glacier","floor":3},{"not_picked":["Capacitor","Beam Cell"],"picked":"Cold Snap","floor":4},{"not_picked":["Steam","Creative AI"],"picked":"Electrodynamics","floor":7},{"not_picked":["Steam Power","Sweeping Beam"],"picked":"Compile Driver","floor":10},{"not_picked":["Conserve Battery","Stack"],"picked":"Ball Lightning","floor":11}],"player_experience":774484,"relics_obtained":[{"floor":7,"key":"Dodecahedron"},{"floor":9,"key":"Incense Burner"}],"event_choices":[{"cards_removed":["Strike_B"],"damage_healed":0,"gold_gain":0,"player_choice":"Card Removal","damage_taken":0,"max_hp_gain":0,"max_hp_loss":0,"event_name":"The Cleric","floor":2,"gold_loss":75},{"damage_healed":0,"gold_gain":0,"player_choice":"Forge","damage_taken":0,"max_hp_gain":0,"max_hp_loss":0,"event_name":"Accursed Blacksmith","floor":5,"gold_loss":0,"cards_upgraded":["Zap"]},{"damage_healed":0,"gold_gain":0,"player_choice":"Left Gold","damage_taken":0,"max_hp_gain":0,"max_hp_loss":0,"event_name":"World of Goop","floor":12,"gold_loss":43}],"is_beta":false,"boss_relics":[],"items_purged_floors":[],"is_endless":false,"potions_floor_spawned":[4,10,11],"killed_by":"Exordium Wildlife","ascension_level":17}