{"gold_per_floor":[99],"floor_reached":0,"playtime":78,"items_purged":[],"score":0,"play_id":"3a483f00-0539-45c4-bfb8-b1690bc2911a","local_time":"20190210143529","daily_mods":["Draft","Vintage","Red Cards","Green Cards","Blue Cards","Colorless Cards","Heirloom","Flight","Elite Swarm"],"is_ascension_mode":false,"campfire_choices":[],"neow_cost":"","seed_source_timestamp":0,"circlet_count":0,"master_deck":["Heavy Blade","Backstab","Deflect","Self Repair","Headbutt","Calculated Gamble","Headbutt","Shockwave","Hello World","Deadly Poison","All Out Attack","Acrobatics","Sweeping Beam","Auto Shields","Dual Wield"],"relics":["Burning Blood","Prayer Wheel"],"potions_floor_usage":[],"damage_taken":[],"seed_played":"-2448196360081244391","potions_obtained":[],"is_trial":true,"path_per_floor":[],"character_chosen":"IRONCLAD","items_purchased":[],"campfire_rested":0,"item_purchase_floors":[],"current_hp_per_floor":[80],"gold":99,"neow_bonus":"","is_prod":false,"is_daily":false,"chose_seed":false,"campfire_upgraded":0,"win_rate":0,"timestamp":1549805729,"path_taken":[],"build_version":"2019-01-23","purchased_purges":0,"victory":false,"max_hp_per_floor":[80],"card_choices":[{"not_picked":["Coolheaded","Jack Of All Trades"],"picked":"Heavy Blade","floor":0},{"not_picked":["True Grit","Force Field"],"picked":"Backstab","floor":0},{"not_picked":["Warcry","Coolheaded"],"picked":"Deflect","floor":0},{"not_picked":["Blizzard","Blur"],"picked":"Self Repair","floor":0},{"not_picked":["Blood for Blood","Clothesline"],"picked":"Headbutt","floor":0},{"not_picked":["Conserve Battery","Reinforced Body"],"picked":"Calculated Gamble","floor":0},{"not_picked":["Underhanded Strike","Slice"],"picked":"Headbutt","floor":0},{"not_picked":["Steam","Slice"],"picked":"Shockwave","floor":0},{"not_picked":["Clothesline","Aggregate"],"picked":"Hello World","floor":0},{"not_picked":["Twin Strike","Beam Cell"],"picked":"Deadly Poison","floor":0},{"not_picked":["Coolheaded","Warcry"],"picked":"All Out Attack","floor":0},{"not_picked":["Wild Strike","Armaments"],"picked":"Acrobatics","floor":0},{"not_picked":["Pommel Strike","Self Repair"],"picked":"Sweeping Beam","floor":0},{"not_picked":["Iron Wave","Bouncing Flask"],"picked":"Auto Shields","floor":0},{"not_picked":["Steam","Turbo"],"picked":"Dual Wield","floor":0}],"player_experience":212509,"relics_obtained":[],"event_choices":[],"is_beta":false,"boss_relics":[],"items_purged_floors":[],"is_endless":true,"potions_floor_spawned":[],"ascension_level":0}