{"gold_per_floor":[115,115,127,147,161,192,192,220,247,262,262,262,262,279,279,378,378,391,411,411,178,189,189,189,189,212,212,242,258,287,298,298,394,394,413,413],"floor_reached":36,"playtime":1940,"items_purged":["Strike_G"],"score":563,"play_id":"480c7674-60cd-4ddf-8eec-a9a5bf665627","local_time":"20190105151043","is_ascension_mode":true,"campfire_choices":[{"data":"Deadly Poison","floor":7,"key":"SMITH"},{"floor":13,"key":"REST"},{"data":"Bouncing Flask","floor":15,"key":"SMITH"},{"data":"Crippling Poison","floor":23,"key":"SMITH"},{"data":"Adrenaline","floor":25,"key":"SMITH"},{"floor":27,"key":"REST"},{"data":"Cloak And Dagger","floor":32,"key":"SMITH"}],"neow_cost":"NONE","seed_source_timestamp":1322835862604655,"circlet_count":0,"master_deck":["Defend_G","Defend_G","Defend_G","Defend_G","Survivor","Neutralize","Burst+1","Flying Knee+1","Infinite Blades+1","Backflip","Crippling Poison+1","Backstab","Deadly Poison+1","Cloak And Dagger+1","Backflip","Parasite","Bouncing Flask+1","After Image","PiercingWail","After Image","Adrenaline+1","Backflip","Acrobatics","Glass Knife","Backflip"],"relics":["Astrolabe","Letter Opener","Happy Flower","WristBlade","FaceOfCleric","Pen Nib","Anchor","Snake Skull","Empty Cage"],"potions_floor_usage":[5,16,19,33,33],"damage_taken":[{"damage":4,"enemies":"Jaw Worm","floor":1,"turns":5},{"damage":1,"enemies":"Small Slimes","floor":3,"turns":4},{"damage":1,"enemies":"2 Louse","floor":4,"turns":3},{"damage":17,"enemies":"Exordium Thugs","floor":5,"turns":3},{"damage":14,"enemies":"Lagavulin","floor":6,"turns":10},{"damage":21,"enemies":"3 Sentries","floor":8,"turns":7},{"damage":3,"enemies":"Blue Slaver","floor":10,"turns":4},{"damage":3,"enemies":"Looter","floor":14,"turns":2},{"damage":24,"enemies":"The Guardian","floor":16,"turns":6},{"damage":3,"enemies":"Shell Parasite","floor":18,"turns":8},{"damage":21,"enemies":"Spheric Guardian","floor":19,"turns":4},{"damage":7,"enemies":"Snecko","floor":22,"turns":5},{"damage":5,"enemies":"Book of Stabbing","floor":28,"turns":4},{"damage":1,"enemies":"Centurion and Healer","floor":29,"turns":7},{"damage":7,"enemies":"Gremlin Leader","floor":30,"turns":5},{"damage":0,"enemies":"Chosen and Byrds","floor":31,"turns":4},{"damage":21,"enemies":"Automaton","floor":33,"turns":10},{"damage":5,"enemies":"3 Shapes","floor":35,"turns":4},{"damage":98,"enemies":"2 Orb Walkers","floor":36,"turns":5}],"seed_played":"1346653498457329066","potions_obtained":[{"floor":3,"key":"AttackPotion"},{"floor":10,"key":"Dexterity Potion"},{"floor":14,"key":"Poison Potion"},{"floor":16,"key":"Regen Potion"},{"floor":22,"key":"Explosive Potion"},{"floor":28,"key":"FairyPotion"}],"is_trial":false,"path_per_floor":["M","$","M","M","M","E","R","E","T","M","?","?","R","M","R","B",null,"M","M","?","$","M","R","?","R","T","R","E","M","E","M","R","B",null,"M","?"],"character_chosen":"THE_SILENT","items_purchased":["After Image"],"campfire_rested":2,"item_purchase_floors":[21],"current_hp_per_floor":[59,59,58,57,40,26,26,5,5,2,2,19,40,37,37,13,56,53,46,46,46,39,39,39,39,39,60,56,56,50,51,51,31,64,60,0],"gold":413,"neow_bonus":"BOSS_RELIC","is_prod":false,"is_daily":false,"chose_seed":false,"campfire_upgraded":5,"win_rate":0,"timestamp":1546729843,"path_taken":["M","$","M","M","M","E","R","E","T","M","?","?","R","M","R","BOSS","M","M","?","$","M","R","?","R","T","R","E","M","E","?","R","BOSS","M","?"],"build_version":"2019-01-03v4","purchased_purges":1,"victory":false,"max_hp_per_floor":[70,70,70,70,70,70,70,70,70,70,70,70,70,70,70,70,70,70,70,70,70,70,70,70,70,70,70,71,72,73,74,74,75,75,76,76],"card_choices":[{"not_picked":["Flying Knee","Dagger Throw"],"picked":"Backflip","floor":1},{"not_picked":["Sucker Punch","Finisher","Eviscerate"],"picked":"SKIP","floor":3},{"not_picked":["Outmaneuver","Acrobatics"],"picked":"Crippling Poison","floor":4},{"not_picked":["Acrobatics","Terror"],"picked":"Backstab","floor":5},{"not_picked":["Infinite Blades","After Image"],"picked":"Deadly Poison","floor":6},{"not_picked":["Flying Knee","Blade Dance"],"picked":"Cloak And Dagger","floor":8},{"not_picked":["Dash","Calculated Gamble"],"picked":"Backflip","floor":10},{"not_picked":["Concentrate","Prepared"],"picked":"Bouncing Flask","floor":14},{"not_picked":["Venomology","Glass Knife"],"picked":"After Image","floor":16},{"not_picked":["Prepared","Quick Slash+1"],"picked":"PiercingWail","floor":18},{"not_picked":["Underhanded Strike","Prepared+1","Bane"],"picked":"SKIP","floor":19},{"not_picked":["Backflip","Concentrate"],"picked":"Adrenaline","floor":22},{"not_picked":["Acrobatics","Poisoned Stab"],"picked":"Backflip","floor":28},{"not_picked":["Bullet Time","Prepared","Sucker Punch"],"picked":"SKIP","floor":29},{"not_picked":["Bullet Time","Blade Dance+1","Accuracy"],"picked":"SKIP","floor":30},{"not_picked":["Heel Hook","Underhanded Strike"],"picked":"Acrobatics","floor":31},{"not_picked":["Unload","Doppelganger"],"picked":"Glass Knife","floor":33},{"not_picked":["Prepared+1","Dodge and Roll"],"picked":"Backflip","floor":35}],"player_experience":273030,"relics_obtained":[{"floor":6,"key":"Letter Opener"},{"floor":8,"key":"Happy Flower"},{"floor":26,"key":"Pen Nib"},{"floor":28,"key":"Anchor"},{"floor":30,"key":"Snake Skull"}],"event_choices":[{"damage_healed":0,"gold_gain":0,"player_choice":"Ignored","damage_taken":0,"max_hp_gain":0,"max_hp_loss":0,"event_name":"Shining Light","floor":11,"gold_loss":0},{"damage_healed":17,"gold_gain":0,"player_choice":"Healed and dodged fight","damage_taken":0,"max_hp_gain":0,"max_hp_loss":0,"event_name":"Mushrooms","floor":12,"gold_loss":0,"cards_obtained":["Parasite"]},{"damage_healed":0,"gold_gain":0,"player_choice":"Ignored","damage_taken":0,"max_hp_gain":0,"max_hp_loss":0,"event_name":"Vampires","floor":20,"gold_loss":0},{"damage_healed":0,"gold_gain":0,"player_choice":"Trade","damage_taken":0,"relics_obtained":["FaceOfCleric"],"max_hp_gain":0,"max_hp_loss":0,"event_name":"FaceTrader","floor":24,"gold_loss":0},{"damage_healed":0,"gold_gain":0,"player_choice":"Fight","damage_taken":0,"max_hp_gain":0,"max_hp_loss":0,"event_name":"Mysterious Sphere","floor":36,"gold_loss":0}],"is_beta":false,"boss_relics":[{"not_picked":["Coffee Dripper","Fusion Hammer"],"picked":"WristBlade"},{"not_picked":["Runic Pyramid","HoveringKite"],"picked":"Empty Cage"}],"items_purged_floors":[21],"is_endless":false,"potions_floor_spawned":[3,10,14,16,22,28,29],"killed_by":"2 Orb Walkers","ascension_level":6}