{"gold_per_floor":[113,130,142,242,253,288,288,305,305,305,321,321,355,372,372,446,446,465,301,318,46,62,96,96,123,148,3,3],"floor_reached":28,"playtime":2617,"items_purged":["Strike_R","Strike_R","Strike_R"],"score":513,"play_id":"591bdd0a-28e0-4fec-94cb-60383566b071","local_time":"20190403111623","is_ascension_mode":true,"campfire_choices":[{"data":"Hemokinesis","floor":7.0,"key":"SMITH"},{"data":"Bash","floor":10.0,"key":"SMITH"},{"data":"Shrug It Off","floor":12.0,"key":"SMITH"},{"data":"Sever Soul","floor":15.0,"key":"SMITH"},{"data":"Carnage","floor":24.0,"key":"SMITH"}],"neow_cost":"NONE","seed_source_timestamp":1628321703165714,"circlet_count":0,"master_deck":["AscendersBane","Strike_R","Strike_R","Defend_R","Defend_R","Defend_R","Defend_R","Bash+1","Battle Trance","Shrug It Off+1","Hemokinesis+1","Power Through","Shrug It Off","Headbutt","Sever Soul+1","Rupture","Limit Break","Rupture","Feel No Pain","Clothesline","Carnage+1","Impervious","Parasite"],"special_seed":0,"relics":["Burning Blood","Charon\u0027s Ashes","PreservedInsect","Boot","Cursed Key","Membership Card","Paper Frog","Orichalcum","Pen Nib","Bag of Preparation"],"potions_floor_usage":[28],"damage_taken":[{"damage":7.0,"enemies":"Cultist","floor":1.0,"turns":4.0},{"damage":10.0,"enemies":"Small Slimes","floor":2.0,"turns":4.0},{"damage":0.0,"enemies":"2 Louse","floor":3.0,"turns":4.0},{"damage":27.0,"enemies":"Large Slime","floor":5.0,"turns":6.0},{"damage":18.0,"enemies":"Gremlin Nob","floor":6.0,"turns":4.0},{"damage":5.0,"enemies":"3 Louse","floor":8.0,"turns":5.0},{"damage":18.0,"enemies":"Gremlin Gang","floor":11.0,"turns":6.0},{"damage":6.0,"enemies":"3 Sentries","floor":13.0,"turns":6.0},{"damage":12.0,"enemies":"Exordium Thugs","floor":14.0,"turns":4.0},{"damage":14.0,"enemies":"Hexaghost","floor":16.0,"turns":9.0},{"damage":25.0,"enemies":"Shell Parasite","floor":18.0,"turns":5.0},{"damage":11.0,"enemies":"Spheric Guardian","floor":20.0,"turns":4.0},{"damage":14.0,"enemies":"Cultist and Chosen","floor":22.0,"turns":6.0},{"damage":31.0,"enemies":"Gremlin Leader","floor":23.0,"turns":5.0},{"damage":23.0,"enemies":"Book of Stabbing","floor":25.0,"turns":5.0},{"damage":19,"enemies":"Shelled Parasite and Fungi","floor":28,"turns":3}],"seed_played":"6916515165917260853","potions_obtained":[{"floor":5.0,"key":"Weak Potion"},{"floor":6.0,"key":"EntropicBrew"},{"floor":8.0,"key":"Regen Potion"},{"floor":11.0,"key":"Dexterity Potion"},{"floor":16.0,"key":"Regen Potion"},{"floor":18.0,"key":"Strength Potion"},{"floor":23.0,"key":"BloodPotion"}],"is_trial":false,"path_per_floor":["M","M","M","?","M","E","R","M","T","R","M","R","E","M","R","B",null,"M","$","M","$","M","E","R","E","T","$","M"],"character_chosen":"IRONCLAD","items_purchased":["Feel No Pain","Membership Card","Bag of Preparation"],"campfire_rested":0,"item_purchase_floors":[19,21,27],"current_hp_per_floor":[74,70,76,76,55,43,43,44,44,44,47,47,47,41,41,33,70,65,65,60,60,52,27,27,18,18,18,0],"gold":3,"neow_bonus":"TEN_PERCENT_HP_BONUS","is_prod":false,"is_daily":false,"chose_seed":false,"campfire_upgraded":5,"win_rate":0,"timestamp":1554282983,"path_taken":["M","?","M","?","M","E","R","M","T","R","M","R","E","M","R","BOSS","M","$","M","$","M","E","R","E","T","$","M"],"build_version":"2019-01-23","purchased_purges":3,"victory":false,"max_hp_per_floor":[82,82,82,82,82,82,82,82,82,82,82,82,82,82,82,82,82,82,82,82,82,82,82,82,82,82,82,82],"card_choices":[{"not_picked":["Sword Boomerang","Cleave"],"picked":"Battle Trance","floor":1.0},{"not_picked":["Evolve","Clash"],"picked":"Shrug It Off","floor":2.0},{"not_picked":["Anger","Perfected Strike"],"picked":"Hemokinesis","floor":3.0},{"not_picked":["Double Tap","Intimidate"],"picked":"Power Through","floor":5.0},{"not_picked":["Iron Wave","Blood for Blood"],"picked":"Shrug It Off","floor":6.0},{"not_picked":["Twin Strike","Rage"],"picked":"Headbutt","floor":8.0},{"not_picked":["Shrug It Off","Warcry","Heavy Blade"],"picked":"SKIP","floor":11.0},{"not_picked":["Sentinel","Anger"],"picked":"Sever Soul","floor":13.0},{"not_picked":["Dual Wield","Metallicize"],"picked":"Rupture","floor":14.0},{"not_picked":["Bludgeon","Fiend Fire"],"picked":"Limit Break","floor":16.0},{"not_picked":["Iron Wave","Body Slam"],"picked":"Rupture","floor":18.0},{"not_picked":["Intimidate","Evolve+1"],"picked":"Clothesline","floor":20.0},{"not_picked":["Warcry","Clash","Pommel Strike"],"picked":"SKIP","floor":22.0},{"not_picked":["Twin Strike","Reckless Charge"],"picked":"Carnage","floor":23.0},{"not_picked":["Headbutt","Clash"],"picked":"Impervious","floor":25.0}],"player_experience":386311,"relics_obtained":[{"floor":6.0,"key":"Charon\u0027s Ashes"},{"floor":9.0,"key":"PreservedInsect"},{"floor":13.0,"key":"Boot"},{"floor":23.0,"key":"Paper Frog"},{"floor":25.0,"key":"Orichalcum"},{"floor":26.0,"key":"Pen Nib"}],"event_choices":[{"damage_healed":0.0,"max_hp_gain":0.0,"max_hp_loss":0.0,"gold_gain":100.0,"event_name":"Wheel of Change","player_choice":"Gold","floor":4.0,"gold_loss":0.0,"damage_taken":0.0}],"is_beta":false,"boss_relics":[{"not_picked":["Ectoplasm","Black Blood"],"picked":"Cursed Key"}],"items_purged_floors":[19,21,27],"is_endless":false,"potions_floor_spawned":[5,6,8,11,16,18,23],"killed_by":"Shelled Parasite and Fungi","ascension_level":18}