{"gold_per_floor":[112,112,187,21,21,39,39,64,64,64,83,99,99,116,116,211,211,225,238,238,19,19,19,37,37,37,37,92,92,103,115,115,115],"floor_reached":33,"playtime":2863,"items_purged":["Strike_G"],"score":245,"play_id":"d004470d-654f-477e-9ae5-d20f9d35ea35","local_time":"20181203190851","is_ascension_mode":false,"campfire_choices":[{"data":"Underhanded Strike","floor":7,"key":"SMITH"},{"data":"Blade Dance","floor":10,"key":"SMITH"},{"data":"Tactician","floor":13,"key":"SMITH"},{"data":"Footwork","floor":15,"key":"SMITH"},{"data":"RitualDagger","floor":23,"key":"SMITH"},{"data":"Endless Agony","floor":25,"key":"SMITH"},{"data":"Noxious Fumes","floor":32,"key":"SMITH"}],"neow_cost":"NONE","seed_source_timestamp":1674799808872481,"circlet_count":0,"master_deck":["Defend_G","Defend_G","Defend_G","Defend_G","Strike_G","Strike_G","Strike_G","Survivor","Neutralize","Acrobatics+1","Bandage Up","Underhanded Strike+1","Blade Dance+1","Tactician+1","Infinite Blades","Footwork+1","Envenom","Blade Dance+1","Endless Agony+1","RitualDagger+1","Noxious Fumes+1","Blur","Riddle With Holes","Escape Plan","Slice+1","Setup+1"],"relics":["Empty Cage","Gremlin Horn","Question Card","WristBlade","Sundial","MutagenicStrength","Pen Nib","Thread and Needle"],"potions_floor_usage":[16,30],"damage_taken":[{"damage":2,"enemies":"Small Slimes","floor":1,"turns":4},{"damage":0,"enemies":"2 Louse","floor":6,"turns":3},{"damage":46,"enemies":"Gremlin Nob","floor":8,"turns":6},{"damage":0,"enemies":"Cultist","floor":11,"turns":3},{"damage":0,"enemies":"Exordium Wildlife","floor":12,"turns":3},{"damage":9,"enemies":"Looter","floor":14,"turns":4},{"damage":19,"enemies":"Hexaghost","floor":16,"turns":15},{"damage":18,"enemies":"Spheric Guardian","floor":18,"turns":5},{"damage":5,"enemies":"3 Byrds","floor":19,"turns":5},{"damage":19,"enemies":"Centurion and Healer","floor":24,"turns":7},{"damage":1,"enemies":"Snecko","floor":30,"turns":4},{"damage":0,"enemies":"Cultist and Chosen","floor":31,"turns":4},{"damage":42,"enemies":"Collector","floor":33,"turns":7}],"seed_played":"-4242668409612472021","potions_obtained":[{"floor":6,"key":"GhostInAJar"},{"floor":11,"key":"FearPotion"},{"floor":19,"key":"Weak Potion"}],"is_trial":false,"path_per_floor":["M","?","?","$","?","M","R","E","T","R","M","M","R","M","R","B",null,"M","M","?","$","?","R","M","R","T","?","T","?","M","M","R","B"],"character_chosen":"THE_SILENT","items_purchased":["Bandage Up","Noxious Fumes","Blur","Riddle With Holes"],"campfire_rested":0,"item_purchase_floors":[4,21,21,21],"current_hp_per_floor":[68,68,57,57,57,61,61,19,19,19,23,27,27,22,22,7,70,56,55,49,49,49,49,34,34,34,34,34,34,37,37,37,0],"gold":115,"neow_bonus":"BOSS_RELIC","is_prod":false,"is_daily":false,"chose_seed":false,"campfire_upgraded":7,"win_rate":0.0,"timestamp":1543892931,"path_taken":["M","?","?","$","?","M","R","E","T","R","M","M","R","M","R","BOSS","M","?","?","$","?","R","M","R","T","?","?","?","M","M","R","BOSS"],"build_version":"2018-11-15","purchased_purges":1,"victory":false,"max_hp_per_floor":[70,70,70,70,70,70,70,70,70,70,70,70,70,70,70,70,70,70,70,70,70,70,70,70,70,70,70,70,70,70,70,70,70],"card_choices":[{"not_picked":["Quick Slash","Riddle With Holes"],"picked":"Acrobatics","floor":1},{"not_picked":["Bouncing Flask","Slice"],"picked":"Underhanded Strike","floor":6},{"not_picked":["Poisoned Stab","Dagger Throw"],"picked":"Blade Dance","floor":8},{"not_picked":["Wraith Form v2","Prepared","Predator"],"picked":"Tactician","floor":11},{"not_picked":["Cloak And Dagger","Flechettes","Backflip"],"picked":"Infinite Blades","floor":12},{"not_picked":["Predator","Bane","Night Terror"],"picked":"Footwork","floor":14},{"not_picked":["Glass Knife","Corpse Explosion","Doppelganger"],"picked":"Envenom","floor":16},{"not_picked":["Heel Hook","Acrobatics+1","Dodge and Roll"],"picked":"Blade Dance+1","floor":18},{"not_picked":["Setup","Flying Knee","Eviscerate"],"picked":"Endless Agony","floor":19},{"not_picked":["Leg Sweep","Footwork+1","Reflex"],"picked":"Escape Plan","floor":24},{"not_picked":["Sucker Punch","Corpse Explosion","Footwork+1"],"picked":"Slice+1","floor":30},{"not_picked":["Underhanded Strike","Deadly Poison+1","Deflect+1"],"picked":"Setup+1","floor":31}],"player_experience":77015,"relics_obtained":[{"floor":8,"key":"Gremlin Horn"},{"floor":9,"key":"Question Card"},{"floor":26,"key":"Sundial"},{"floor":28,"key":"Pen Nib"}],"event_choices":[{"damage_healed":0,"gold_gain":0,"player_choice":"Grow","damage_taken":0,"max_hp_gain":0,"max_hp_loss":0,"event_name":"Living Wall","floor":2,"gold_loss":0,"cards_upgraded":["Acrobatics"]},{"damage_healed":0,"gold_gain":75,"player_choice":"Gather Gold","damage_taken":11,"max_hp_gain":0,"max_hp_loss":0,"event_name":"World of Goop","floor":3,"gold_loss":0},{"damage_healed":0,"gold_gain":0,"player_choice":"Ignored","damage_taken":0,"max_hp_gain":0,"max_hp_loss":0,"event_name":"NoteForYourself","floor":5,"gold_loss":0},{"damage_healed":0,"gold_gain":0,"player_choice":"Joined the Cult","damage_taken":6,"max_hp_gain":0,"max_hp_loss":0,"event_name":"Nest","floor":20,"gold_loss":0,"cards_obtained":["RitualDagger"]},{"damage_healed":0,"gold_gain":0,"player_choice":"Inject Mutagens","damage_taken":0,"relics_obtained":["MutagenicStrength"],"max_hp_gain":0,"max_hp_loss":0,"event_name":"Drug Dealer","floor":27,"gold_loss":0},{"damage_healed":0,"gold_gain":0,"player_choice":"Gave Potion","damage_taken":0,"relics_obtained":["Thread and Needle"],"max_hp_gain":0,"max_hp_loss":0,"event_name":"WeMeetAgain","floor":29,"gold_loss":0}],"is_beta":false,"boss_relics":[{"not_picked":["Black Star","Eternal Feather"],"picked":"WristBlade"}],"items_purged_floors":[4],"is_endless":false,"potions_floor_spawned":[6,11,19],"killed_by":"Collector","ascension_level":0}