{"gold_per_floor":[368,71,31,4,22,53,53,18,41,69,69,69,101,33,33,128,128,138,63,73,88,48,76,95,95,95,112,139,157,186,206,206,305,355,368,379,379,134,234,263,263,263,263,263,294,294,304,339,339,339],"floor_reached":51,"playtime":5761,"items_purged":["Strike_R","Strike_R"],"score":1265,"play_id":"d1e42939-a364-4e78-b891-0a33be4fc965","local_time":"20190204020931","is_ascension_mode":true,"campfire_choices":[{"data":"Pommel Strike","floor":12,"key":"SMITH"},{"floor":15,"key":"REST"},{"floor":25,"key":"REST"},{"floor":32,"key":"REST"},{"floor":41,"key":"REST"},{"data":"Anger","floor":44,"key":"SMITH"},{"data":"Master of Strategy","floor":46,"key":"SMITH"},{"floor":49,"key":"REST"}],"neow_cost":"PERCENT_DAMAGE","seed_source_timestamp":21346922251188,"circlet_count":0,"master_deck":["AscendersBane","Strike_R","Strike_R","Strike_R","Defend_R","Defend_R","Defend_R","Bash","Pommel Strike+1","Inflame","Finesse","Anger+1","Ghostly Armor","Intimidate","Uppercut","Power Through","Pommel Strike+1","Feed","Intimidate+1","Iron Wave","Metallicize+1","Disarm+1","Rage+1","Metallicize","Spot Weakness+1","Warcry+1","Master of Strategy+1","Spot Weakness","Inflame","Headbutt+1","Shrug It Off"],"relics":["Burning Blood","Potion Belt","Regal Pillow","Red Skull","Boot","Dream Catcher","Busted Crown","StoneCalendar","Shuriken","PreservedInsect","Pantograph","Tiny House","Vajra","Du-Vu Doll","Omamori","Bottled Lightning","Pen Nib","Self Forming Clay"],"potions_floor_usage":[5,6,10,13,13,16,20,23,33,33,35,39,47,50,50],"damage_taken":[{"damage":8,"enemies":"2 Louse","floor":1,"turns":4},{"damage":0,"enemies":"Cultist","floor":5,"turns":3},{"damage":15,"enemies":"Lagavulin","floor":6,"turns":5},{"damage":30,"enemies":"3 Sentries","floor":10,"turns":9},{"damage":28,"enemies":"Gremlin Nob","floor":13,"turns":4},{"damage":48,"enemies":"Hexaghost","floor":16,"turns":9},{"damage":16,"enemies":"3 Byrds","floor":18,"turns":7},{"damage":1,"enemies":"Shell Parasite","floor":20,"turns":4},{"damage":37,"enemies":"Centurion and Healer","floor":21,"turns":6},{"damage":36,"enemies":"Book of Stabbing","floor":23,"turns":6},{"damage":4,"enemies":"Chosen and Byrds","floor":24,"turns":6},{"damage":9,"enemies":"Snecko","floor":27,"turns":5},{"damage":17,"enemies":"Slavers","floor":28,"turns":6},{"damage":16,"enemies":"Shelled Parasite and Fungi","floor":29,"turns":6},{"damage":9,"enemies":"Gremlin Leader","floor":30,"turns":5},{"damage":0,"enemies":"3 Cultists","floor":31,"turns":5},{"damage":56,"enemies":"Automaton","floor":33,"turns":10},{"damage":36,"enemies":"3 Shapes","floor":35,"turns":7},{"damage":10,"enemies":"Orb Walker","floor":36,"turns":4},{"damage":19,"enemies":"Mind Bloom Boss Battle","floor":39,"turns":7},{"damage":36,"enemies":"Nemesis","floor":40,"turns":7},{"damage":7,"enemies":"Giant Head","floor":45,"turns":7},{"damage":0,"enemies":"4 Shapes","floor":47,"turns":7},{"damage":36,"enemies":"Reptomancer","floor":48,"turns":7},{"damage":89,"enemies":"Donu and Deca","floor":50,"turns":9}],"seed_played":"-218549875425733679","potions_obtained":[{"floor":1,"key":"Strength Potion"},{"floor":3,"key":"Regen Potion"},{"floor":3,"key":"SpeedPotion"},{"floor":3,"key":"SkillPotion"},{"floor":6,"key":"GamblersBrew"},{"floor":13,"key":"Energy Potion"},{"floor":16,"key":"Weak Potion"},{"floor":18,"key":"PowerPotion"},{"floor":27,"key":"FearPotion"},{"floor":28,"key":"Swift Potion"},{"floor":29,"key":"GamblersBrew"},{"floor":30,"key":"EssenceOfSteel"},{"floor":34,"key":"FairyPotion"},{"floor":35,"key":"Ancient Potion"},{"floor":36,"key":"PowerPotion"},{"floor":40,"key":"SteroidPotion"},{"floor":45,"key":"Explosive Potion"}],"is_trial":false,"path_per_floor":["M","$","?","$","M","E","$","?","T","E","?","R","E","$","R","B",null,"M","$","M","M","?","E","M","R","T","M","E","M","E","M","R","B",null,"M","M","?","$","?","E","R","?","T","R","E","R","M","E","R","B",null],"character_chosen":"IRONCLAD","items_purchased":["Potion Belt","Inflame","Finesse","Anger","Power Through","Vajra"],"campfire_rested":5,"item_purchase_floors":[2,2,2,4,14,38],"current_hp_per_floor":[49,49,49,49,64,55,55,75,75,51,51,51,29,29,68,26,67,60,60,65,37,37,10,15,57,57,54,43,33,30,39,82,45,88,58,57,57,57,69,39,84,84,84,84,86,86,95,65,109,26],"gold":339,"neow_bonus":"TWO_FIFTY_GOLD","is_prod":false,"is_daily":false,"chose_seed":false,"campfire_upgraded":3,"win_rate":0,"timestamp":1549242571,"path_taken":["M","$","?","?","M","E","$","?","T","E","?","R","E","$","R","BOSS","M","?","M","?","?","E","M","R","T","M","E","M","E","?","R","BOSS","M","M","?","$","?","E","R","?","T","R","E","R","M","E","R","BOSS"],"build_version":"2019-01-23","purchased_purges":2,"victory":true,"max_hp_per_floor":[80,80,80,80,80,80,80,80,80,80,80,80,80,80,80,80,80,83,83,83,86,86,89,92,92,92,92,92,92,92,95,95,95,100,100,103,103,103,103,103,103,103,103,103,106,106,109,109,109,109],"card_choices":[{"not_picked":["Thunderclap","True Grit"],"picked":"Pommel Strike","floor":1},{"not_picked":["True Grit","Warcry","Armaments"],"picked":"SKIP","floor":5},{"not_picked":["Carnage","Armaments"],"picked":"Ghostly Armor","floor":6},{"not_picked":["Heavy Blade","Dual Wield","Havoc"],"picked":"SKIP","floor":10},{"not_picked":["Juggernaut","Rampage"],"picked":"Uppercut","floor":13},{"not_picked":["Clash","Clothesline"],"picked":"Pommel Strike","floor":15},{"not_picked":["Barricade","Juggernaut"],"picked":"Feed","floor":16},{"not_picked":["Headbutt"],"picked":"SKIP","floor":18},{"not_picked":[],"picked":"Intimidate+1","floor":20},{"not_picked":["Heavy Blade"],"picked":"SKIP","floor":21},{"not_picked":["Armaments"],"picked":"SKIP","floor":23},{"not_picked":[],"picked":"Iron Wave","floor":24},{"not_picked":[],"picked":"Metallicize","floor":27},{"not_picked":[],"picked":"Disarm+1","floor":28},{"not_picked":["Flex"],"picked":"SKIP","floor":29},{"not_picked":[],"picked":"Rage+1","floor":30},{"not_picked":[],"picked":"Metallicize","floor":31},{"not_picked":[],"picked":"Spot Weakness+1","floor":35},{"not_picked":[],"picked":"Warcry+1","floor":36},{"not_picked":[],"picked":"Master of Strategy","floor":37},{"not_picked":[],"picked":"Spot Weakness","floor":40},{"not_picked":[],"picked":"Inflame","floor":41},{"not_picked":[],"picked":"Headbutt+1","floor":45},{"not_picked":[],"picked":"Shrug It Off","floor":47},{"not_picked":["Armaments"],"picked":"SKIP","floor":48}],"player_experience":130128,"relics_obtained":[{"floor":6,"key":"Regal Pillow"},{"floor":9,"key":"Red Skull"},{"floor":10,"key":"Boot"},{"floor":13,"key":"Dream Catcher"},{"floor":23,"key":"StoneCalendar"},{"floor":26,"key":"Shuriken"},{"floor":28,"key":"PreservedInsect"},{"floor":30,"key":"Pantograph"},{"floor":39,"key":"Du-Vu Doll"},{"floor":40,"key":"Omamori"},{"floor":43,"key":"Bottled Lightning"},{"floor":45,"key":"Pen Nib"},{"floor":48,"key":"Self Forming Clay"}],"event_choices":[{"damage_healed":0,"gold_gain":0,"player_choice":"Bought 3 Potions","damage_taken":0,"max_hp_gain":0,"max_hp_loss":0,"event_name":"The Woman in Blue","floor":3,"gold_loss":0},{"damage_healed":20,"gold_gain":0,"player_choice":"Healed","damage_taken":0,"max_hp_gain":0,"max_hp_loss":0,"event_name":"The Cleric","floor":8,"gold_loss":35},{"damage_healed":0,"gold_gain":0,"player_choice":"1 cards matched","damage_taken":0,"max_hp_gain":0,"max_hp_loss":0,"event_name":"Match and Keep!","floor":11,"gold_loss":0,"cards_obtained":["Intimidate"]},{"damage_healed":0,"gold_gain":0,"player_choice":"Upgrade","damage_taken":0,"max_hp_gain":0,"max_hp_loss":0,"event_name":"Designer","floor":22,"gold_loss":40,"cards_upgraded":["Pommel Strike"]},{"damage_healed":0,"gold_gain":0,"player_choice":"Memory 1","damage_taken":0,"max_hp_gain":0,"max_hp_loss":0,"event_name":"SensoryStone","floor":37,"gold_loss":0},{"damage_healed":0,"gold_gain":0,"player_choice":"Fight","damage_taken":0,"max_hp_gain":0,"max_hp_loss":0,"event_name":"MindBloom","floor":39,"gold_loss":0},{"cards_removed":["Defend_R"],"damage_healed":0,"gold_gain":0,"player_choice":"Removed Skill","damage_taken":0,"max_hp_gain":0,"max_hp_loss":0,"event_name":"Falling","floor":42,"gold_loss":0}],"is_beta":false,"boss_relics":[{"not_picked":["Calling Bell","Coffee Dripper"],"picked":"Busted Crown"},{"not_picked":["Lizard Tail","Eternal Feather"],"picked":"Tiny House"}],"items_purged_floors":[19,38],"is_endless":false,"potions_floor_spawned":[1,6,13,16,18,27,28,29,30,35,36,40,45],"ascension_level":11}