{"gold_per_floor":[114,132,47,7,7,7,40,40,64,84,84,108,108,129,129,253,253,276,295,311,0,23,23,23,23,23,46,24,24,0,0,0,119,182,200,15,33,0,25,25,43,43,98,98],"floor_reached":44,"playtime":2616,"items_purged":[],"score":458,"play_id":"459a15c3-6e6e-40ff-837b-9c1491605443","local_time":"20190615181741","is_ascension_mode":false,"campfire_choices":[{"floor":6,"key":"REST"},{"data":"BootSequence","floor":15,"key":"SMITH"},{"floor":23,"key":"REST"},{"floor":29,"key":"REST"},{"floor":32,"key":"REST"},{"floor":40,"key":"REST"},{"floor":42,"key":"REST"}],"neow_cost":"NONE","seed_source_timestamp":14070399388200,"circlet_count":0,"master_deck":["Strike_B+1","Strike_B+1","Strike_B+1","Strike_B+1","Defend_B+1","Defend_B+1","Defend_B+1","Defend_B+1","Zap+1","Dualcast","Beam Cell","BootSequence+1","Defragment","Conserve Battery","Compile Driver","Genetic Algorithm","FTL","Thunder Strike","White Noise","Conserve Battery","Melter+1","Dramatic Entrance","Streamline","Chrysalis","RitualDagger","Stack","Redo+1","Amplify","Leap","Coolheaded+1","Cold Snap","Capacitor","Dramatic Entrance","Melter","Parasite","Rebound","Steam+1"],"relics":["Cracked Core","NeowsBlessing","Golden Idol","Mercury Hourglass","Bronze Scales","Bottled Lightning","Busted Crown","Pantograph","Tiny House","Red Mask","Dream Catcher"],"potions_floor_usage":[16,16,16,27,27,27,27,27,33,35,39,41],"damage_taken":[{"damage":0,"enemies":"Jaw Worm","floor":1,"turns":1},{"damage":0,"enemies":"2 Louse","floor":2,"turns":1},{"damage":0,"enemies":"Lagavulin","floor":7,"turns":1},{"damage":0,"enemies":"Small Slimes","floor":10,"turns":2},{"damage":3,"enemies":"Red Slaver","floor":12,"turns":2},{"damage":11,"enemies":"Exordium Thugs","floor":14,"turns":4},{"damage":4,"enemies":"Slime Boss","floor":16,"turns":10},{"damage":0,"enemies":"Chosen","floor":18,"turns":4},{"damage":5,"enemies":"Shell Parasite","floor":19,"turns":4},{"damage":20,"enemies":"Snake Plant","floor":20,"turns":4},{"damage":13,"enemies":"Snecko","floor":22,"turns":4},{"damage":31,"enemies":"Cultist and Chosen","floor":27,"turns":6},{"damage":72,"enemies":"Champ","floor":33,"turns":11},{"damage":13,"enemies":"Orb Walker","floor":35,"turns":4},{"damage":21,"enemies":"3 Darklings","floor":37,"turns":5},{"damage":23,"enemies":"Writhing Mass","floor":39,"turns":8},{"damage":35,"enemies":"Transient","floor":41,"turns":5},{"damage":43,"enemies":"Maw","floor":44,"turns":8}],"seed_played":"-5206696660898438443","potions_obtained":[{"floor":10,"key":"FearPotion"},{"floor":12,"key":"SkillPotion"},{"floor":16,"key":"FocusPotion"},{"floor":19,"key":"EntropicBrew"},{"floor":20,"key":"Poison Potion"},{"floor":34,"key":"Swift Potion"},{"floor":37,"key":"Weak Potion"},{"floor":39,"key":"Poison Potion"}],"is_trial":false,"path_per_floor":["M","M","$","?","?","R","E","$","T","M","?","M","T","M","R","B",null,"M","M","M","$","M","R","?","?","T","M","$","R","?","$","R","B",null,"M","$","M","?","M","R","M","R","T","M"],"character_chosen":"DEFECT","items_purchased":["Defragment","Block Potion","Dramatic Entrance","Streamline","Chrysalis","Redo","Cold Snap","Capacitor","Dramatic Entrance"],"campfire_rested":6,"item_purchase_floors":[3,3,21,21,21,28,36,36,36],"current_hp_per_floor":[75,75,75,75,57,75,75,75,75,75,75,72,72,61,61,57,75,75,70,50,50,37,59,59,53,53,22,22,44,44,44,66,3,80,67,67,46,46,23,47,12,36,36,0],"gold":98,"neow_bonus":"THREE_ENEMY_KILL","is_prod":false,"is_daily":false,"chose_seed":false,"campfire_upgraded":1,"win_rate":0.0,"timestamp":1560619061,"path_taken":["M","M","$","?","?","R","E","?","T","M","?","?","?","M","R","BOSS","M","M","M","$","M","R","?","?","T","M","$","R","?","?","R","BOSS","M","$","M","?","M","R","M","R","T","M"],"build_version":"2019-01-23","purchased_purges":0,"victory":false,"max_hp_per_floor":[75,75,75,75,75,75,75,75,75,75,75,75,75,75,75,75,75,75,75,75,75,75,75,75,75,75,75,75,75,75,75,75,75,80,80,80,80,80,80,80,80,80,80,80],"card_choices":[{"not_picked":["Fusion","Chill"],"picked":"Beam Cell","floor":1},{"not_picked":["Compile Driver","Barrage"],"picked":"BootSequence","floor":2},{"not_picked":["Streamline","Rebound"],"picked":"Conserve Battery","floor":7},{"not_picked":["Defragment","Hologram"],"picked":"Compile Driver","floor":10},{"not_picked":["Beam Cell","Go for the Eyes"],"picked":"Genetic Algorithm","floor":12},{"not_picked":["Scrape","Redo"],"picked":"FTL","floor":14},{"not_picked":["Rainbow","Multi-Cast"],"picked":"Thunder Strike","floor":16},{"not_picked":[],"picked":"White Noise","floor":18},{"not_picked":[],"picked":"Conserve Battery","floor":19},{"not_picked":[],"picked":"Melter+1","floor":20},{"not_picked":["Streamline"],"picked":"SKIP","floor":22},{"not_picked":[],"picked":"Stack","floor":27},{"not_picked":[],"picked":"Amplify","floor":33},{"not_picked":[],"picked":"Leap","floor":34},{"not_picked":[],"picked":"Coolheaded+1","floor":35},{"not_picked":[],"picked":"Melter","floor":37},{"not_picked":[],"picked":"Rebound","floor":39},{"not_picked":[],"picked":"Steam+1","floor":41}],"player_experience":31176,"relics_obtained":[{"floor":7,"key":"Mercury Hourglass"},{"floor":9,"key":"Bronze Scales"},{"floor":13,"key":"Bottled Lightning"},{"floor":26,"key":"Pantograph"},{"floor":43,"key":"Dream Catcher"}],"event_choices":[{"damage_healed":0,"gold_gain":0,"player_choice":"Left Gold","damage_taken":0,"max_hp_gain":0,"max_hp_loss":0,"event_name":"World of Goop","floor":4,"gold_loss":40},{"damage_healed":0,"gold_gain":0,"player_choice":"Take Damage","damage_taken":18,"relics_obtained":["Golden Idol"],"max_hp_gain":0,"max_hp_loss":0,"event_name":"Golden Idol","floor":5,"gold_loss":0},{"damage_healed":0,"gold_gain":0,"player_choice":"Forge","damage_taken":0,"max_hp_gain":0,"max_hp_loss":0,"event_name":"Accursed Blacksmith","floor":11,"gold_loss":0,"cards_upgraded":["Zap"]},{"damage_healed":0,"gold_gain":0,"player_choice":"Simplicity","damage_taken":0,"max_hp_gain":0,"max_hp_loss":0,"event_name":"Back to Basics","floor":24,"gold_loss":0,"cards_upgraded":["Strike_B","Strike_B","Strike_B","Strike_B","Defend_B","Defend_B","Defend_B","Defend_B"]},{"damage_healed":0,"gold_gain":0,"player_choice":"Joined the Cult","damage_taken":6,"max_hp_gain":0,"max_hp_loss":0,"event_name":"Nest","floor":25,"gold_loss":0,"cards_obtained":["RitualDagger"]},{"damage_healed":0,"gold_gain":0,"player_choice":"Paid Fearfully","damage_taken":0,"max_hp_gain":0,"max_hp_loss":0,"event_name":"Masked Bandits","floor":30,"gold_loss":24},{"damage_healed":0,"gold_gain":0,"player_choice":"Paid","damage_taken":0,"relics_obtained":["Red Mask"],"max_hp_gain":0,"max_hp_loss":0,"event_name":"Tomb of Lord Red Mask","floor":38,"gold_loss":33}],"is_beta":false,"boss_relics":[{"not_picked":["Runic Pyramid","Philosopher\u0027s Stone"],"picked":"Busted Crown"},{"not_picked":["Black Star","Calling Bell"],"picked":"Tiny House"}],"items_purged_floors":[],"is_endless":false,"potions_floor_spawned":[10,12,16,19,20,22,37,39],"killed_by":"Maw","ascension_level":0}