{"gold_per_floor":[109,109,127,58,58,158,175,175,198,208,220,220,247,267,267,267],"floor_reached":16,"playtime":374,"items_purged":[],"score":158,"play_id":"163ca766-546c-4c72-8d7b-e92e9fe54262","local_time":"20190130202907","is_ascension_mode":true,"campfire_choices":[{"data":"Bouncing Flask","floor":8,"key":"SMITH"},{"floor":12,"key":"REST"},{"data":"Backflip","floor":15,"key":"SMITH"}],"neow_cost":"NONE","seed_source_timestamp":1934247662190203,"circlet_count":0,"master_deck":["AscendersBane","Defend_G","Defend_G","Defend_G","Defend_G","Defend_G","Strike_G","Strike_G","Strike_G","Strike_G","Survivor","Neutralize","Bouncing Flask+1","Noxious Fumes+1","Backflip+1","Well Laid Plans"],"relics":["Ring of the Snake","NeowsBlessing","Orichalcum","Bag of Marbles"],"potions_floor_usage":[10,13,16],"damage_taken":[{"damage":0,"enemies":"Cultist","floor":1,"turns":1},{"damage":0,"enemies":"Small Slimes","floor":3,"turns":1},{"damage":0,"enemies":"Jaw Worm","floor":7,"turns":1},{"damage":42,"enemies":"Gremlin Gang","floor":10,"turns":4},{"damage":4,"enemies":"Blue Slaver","floor":11,"turns":3},{"damage":14,"enemies":"Gremlin Nob","floor":13,"turns":4},{"damage":2,"enemies":"Large Slime","floor":14,"turns":7},{"damage":31,"enemies":"The Guardian","floor":16,"turns":2}],"seed_played":"2655152437168321926","potions_obtained":[{"floor":3,"key":"Block Potion"},{"floor":11,"key":"FearPotion"},{"floor":14,"key":"SkillPotion"}],"is_trial":false,"path_per_floor":["M","?","M","$","?","?","M","R","T","M","M","R","E","M","R","B"],"character_chosen":"THE_SILENT","items_purchased":["Noxious Fumes"],"campfire_rested":1,"item_purchase_floors":[4],"current_hp_per_floor":[63,63,63,63,63,63,63,63,63,21,17,38,24,22,22,0],"gold":267,"neow_bonus":"THREE_ENEMY_KILL","is_prod":false,"is_daily":false,"chose_seed":false,"campfire_upgraded":2,"win_rate":0,"timestamp":1548908947,"path_taken":["M","?","?","$","?","?","M","R","T","M","?","R","E","M","R","BOSS"],"build_version":"2019-01-23","purchased_purges":0,"victory":false,"max_hp_per_floor":[70,70,70,70,70,70,70,70,70,70,70,70,70,70,70,70],"card_choices":[{"not_picked":["Slice","Deflect","Bane"],"picked":"SKIP","floor":1},{"not_picked":["Quick Slash","Dodge and Roll"],"picked":"Bouncing Flask","floor":3},{"not_picked":["PiercingWail","Poisoned Stab","Envenom"],"picked":"SKIP","floor":7},{"not_picked":["Slice","Masterful Stab","Bane"],"picked":"SKIP","floor":10},{"not_picked":["Finisher","Deadly Poison"],"picked":"Backflip","floor":11},{"not_picked":["Slice","PiercingWail"],"picked":"Well Laid Plans","floor":13},{"not_picked":["Acrobatics","Slice","Sucker Punch"],"picked":"SKIP","floor":14}],"player_experience":442509,"relics_obtained":[{"floor":9,"key":"Orichalcum"},{"floor":13,"key":"Bag of Marbles"}],"event_choices":[{"cards_removed":["Strike_G"],"damage_healed":0,"gold_gain":0,"player_choice":"Purged","damage_taken":0,"max_hp_gain":0,"max_hp_loss":0,"event_name":"Purifier","floor":2,"gold_loss":0},{"damage_healed":0,"gold_gain":0,"player_choice":"Grow","damage_taken":0,"max_hp_gain":0,"max_hp_loss":0,"event_name":"Living Wall","floor":5,"gold_loss":0,"cards_upgraded":["Noxious Fumes"]},{"damage_healed":0,"gold_gain":100,"player_choice":"Pray","damage_taken":0,"max_hp_gain":0,"max_hp_loss":0,"event_name":"Golden Shrine","floor":6,"gold_loss":0}],"is_beta":false,"boss_relics":[],"items_purged_floors":[],"is_endless":false,"potions_floor_spawned":[3,11,14],"killed_by":"The Guardian","ascension_level":11}