{"gold_per_floor":[114,37,52,52,67,67,82,82,82,112,37,67,82,97,97,197,197,212,227,27,27,42,42,72,72,72,102,117,147,147],"floor_reached":30,"playtime":1308,"items_purged":[],"score":300,"play_id":"692ba5dc-a071-4798-b86b-8b29b1b4f444","local_time":"20190608021335","daily_mods":["Chimera","Diverse","DeadlyEvents"],"is_ascension_mode":false,"campfire_choices":[{"data":"Bash","floor":6,"key":"SMITH"},{"data":"Inflame","floor":8,"key":"SMITH"},{"data":"Spot Weakness","floor":15,"key":"SMITH"},{"data":"Metallicize","floor":23,"key":"SMITH"},{"data":"Hologram","floor":25,"key":"SMITH"}],"neow_cost":"","seed_source_timestamp":0,"circlet_count":0,"master_deck":["Bash+1","Survivor","Zap","Strike_R+1","Strike_G+1","Strike_B+1","Defend_R+1","Defend_G+1","Metallicize","Core Surge","Double Energy","Hologram","Inflame+1","Spot Weakness+1","Dagger Spray","Adrenaline","Metallicize+1","Spot Weakness+1","Hologram+1","Flame Barrier"],"special_seed":18055,"relics":["Burning Blood","Bottled Tornado","Vajra","Regal Pillow","Busted Crown","DollysMirror","Sundial","Meat on the Bone","Gambling Chip","Omamori"],"potions_floor_usage":[12,16,16,16,24,27,28],"damage_taken":[{"damage":0,"enemies":"2 Louse","floor":1,"turns":3},{"damage":14,"enemies":"Jaw Worm","floor":3,"turns":4},{"damage":0,"enemies":"Cultist","floor":5,"turns":3},{"damage":12,"enemies":"Blue Slaver","floor":7,"turns":3},{"damage":27,"enemies":"3 Sentries","floor":10,"turns":8},{"damage":15,"enemies":"Gremlin Nob","floor":12,"turns":4},{"damage":17,"enemies":"Exordium Wildlife","floor":13,"turns":3},{"damage":8,"enemies":"Red Slaver","floor":14,"turns":3},{"damage":5,"enemies":"The Guardian","floor":16,"turns":8},{"damage":10,"enemies":"3 Byrds","floor":18,"turns":3},{"damage":16,"enemies":"Shell Parasite","floor":19,"turns":3},{"damage":13,"enemies":"Sentry and Sphere","floor":22,"turns":4},{"damage":32,"enemies":"Slavers","floor":24,"turns":2},{"damage":11,"enemies":"Book of Stabbing","floor":27,"turns":4},{"damage":15,"enemies":"Centurion and Healer","floor":28,"turns":4},{"damage":20,"enemies":"Gremlin Leader","floor":29,"turns":5},{"damage":48,"enemies":"Slavers","floor":30,"turns":4}],"seed_played":"3869915423027512540","potions_obtained":[{"floor":5,"key":"Block Potion"},{"floor":10,"key":"LiquidBronze"},{"floor":12,"key":"Block Potion"},{"floor":13,"key":"Block Potion"},{"floor":19,"key":"FearPotion"},{"floor":24,"key":"EssenceOfSteel"},{"floor":27,"key":"Ancient Potion"},{"floor":28,"key":"Fruit Juice"}],"is_trial":false,"path_per_floor":["M","$","M","?","M","R","M","R","T","E","$","E","M","M","R","B",null,"M","M","$","?","M","R","E","R","T","E","M","E","E"],"character_chosen":"IRONCLAD","items_purchased":["Core Surge","Spot Weakness","DollysMirror"],"campfire_rested":0,"item_purchase_floors":[2,11,20],"current_hp_per_floor":[80,80,72,65,71,71,65,65,65,44,44,35,24,22,22,23,80,76,66,66,66,59,59,33,33,33,40,48,46,0],"gold":147,"neow_bonus":"","is_prod":false,"is_daily":true,"chose_seed":false,"campfire_upgraded":5,"win_rate":0,"timestamp":1559985215,"path_taken":["M","$","M","?","M","R","?","R","T","?","?","E","M","M","R","BOSS","M","M","$","?","M","R","E","R","T","E","?","?","E"],"build_version":"2019-01-23","purchased_purges":0,"victory":false,"max_hp_per_floor":[80,80,80,80,80,80,80,80,80,80,80,80,80,80,80,80,80,80,80,80,80,80,80,80,80,80,80,85,85,85],"card_choices":[{"not_picked":["Hologram","Perfected Strike"],"picked":"Metallicize","floor":1},{"not_picked":["Stack","Heavy Blade"],"picked":"Double Energy","floor":3},{"not_picked":["Heavy Blade","Headbutt"],"picked":"Hologram","floor":5},{"not_picked":["Bloodletting","Flex"],"picked":"Inflame","floor":7},{"not_picked":["Warcry","Creative AI","Steam"],"picked":"SKIP","floor":10},{"not_picked":["Electrodynamics","Infernal Blade"],"picked":"Dagger Spray","floor":12},{"not_picked":["Clash","Reflex","Gash"],"picked":"SKIP","floor":13},{"not_picked":["Dropkick","Choke","Quick Slash"],"picked":"SKIP","floor":14},{"not_picked":["Multi-Cast","Thunder Strike"],"picked":"Adrenaline","floor":16},{"not_picked":[],"picked":"Metallicize","floor":18},{"not_picked":["Beam Cell"],"picked":"SKIP","floor":19},{"not_picked":["Reflex"],"picked":"SKIP","floor":22},{"not_picked":[],"picked":"Hologram","floor":24},{"not_picked":["Glacier"],"picked":"SKIP","floor":27},{"not_picked":[],"picked":"Flame Barrier","floor":28},{"not_picked":["A Thousand Cuts"],"picked":"SKIP","floor":29}],"player_experience":625190,"relics_obtained":[{"floor":9,"key":"Bottled Tornado"},{"floor":10,"key":"Vajra"},{"floor":12,"key":"Regal Pillow"},{"floor":24,"key":"Sundial"},{"floor":26,"key":"Meat on the Bone"},{"floor":27,"key":"Gambling Chip"},{"floor":29,"key":"Omamori"}],"event_choices":[{"cards_removed":["Defend_B"],"damage_healed":0,"gold_gain":0,"player_choice":"Card Removal","damage_taken":7,"max_hp_gain":0,"max_hp_loss":0,"event_name":"Golden Wing","floor":4,"gold_loss":0},{"damage_healed":0,"gold_gain":0,"player_choice":"Simplicity","damage_taken":0,"max_hp_gain":0,"max_hp_loss":0,"event_name":"Back to Basics","floor":21,"gold_loss":0,"cards_upgraded":["Strike_R","Strike_G","Strike_B","Defend_R","Defend_G"]}],"is_beta":false,"boss_relics":[{"not_picked":["Runic Pyramid","Runic Cube"],"picked":"Busted Crown"}],"items_purged_floors":[],"is_endless":false,"potions_floor_spawned":[5,10,12,13,19,24,27,28],"killed_by":"Slavers","ascension_level":0}