{"gold_per_floor":[112,31,31,44,54,54,74,105,105,37,50,50,50,82,82,187,187,201,116,116,133,147,147,3,3,3,3,20,39,55,67,67,171,171,188,535,535,535],"floor_reached":38,"playtime":1655,"items_purged":["Strike_G"],"score":534,"play_id":"54351ea8-38f1-4d23-8001-abeb85f65bf7","local_time":"20190106181156","is_ascension_mode":true,"campfire_choices":[{"data":"Corpse Explosion","floor":6,"key":"SMITH"},{"data":"Catalyst","floor":13,"key":"SMITH"},{"data":"Noxious Fumes","floor":15,"key":"SMITH"},{"floor":23,"key":"REST"},{"data":"Noxious Fumes","floor":27,"key":"SMITH"},{"floor":32,"key":"REST"}],"neow_cost":"NONE","seed_source_timestamp":50913609299725,"circlet_count":0,"master_deck":["Defend_G","Defend_G","Defend_G","Defend_G","Defend_G","Strike_G","Strike_G","Survivor","Neutralize","Corpse Explosion+1","Poisoned Stab","Catalyst+1","Neutralize","Burst","Leg Sweep","Blade Dance","Bouncing Flask","Deadly Poison","Crippling Poison","Backflip","Noxious Fumes+1","Blur","After Image","Catalyst+1","Acrobatics","Noxious Fumes","Noxious Fumes+1","Deadly Poison+1","Adrenaline+1","Doubt","Pain","Writhe","Backflip+1","Enlightenment+1"],"relics":["Ring of the Snake","Art of War","Bronze Scales","Shuriken","Empty Cage","Letter Opener","Toxic Egg 2","Calling Bell","Happy Flower","Kunai","Ice Cream","Old Coin"],"potions_floor_usage":[8,16,21,29,31,33,33,36],"damage_taken":[{"damage":2,"enemies":"Jaw Worm","floor":1,"turns":5},{"damage":2,"enemies":"Cultist","floor":4,"turns":5},{"damage":0,"enemies":"Small Slimes","floor":5,"turns":3},{"damage":0,"enemies":"2 Fungi Beasts","floor":7,"turns":3},{"damage":15,"enemies":"Lagavulin","floor":8,"turns":4},{"damage":5,"enemies":"Large Slime","floor":11,"turns":7},{"damage":14,"enemies":"3 Sentries","floor":14,"turns":4},{"damage":15,"enemies":"Hexaghost","floor":16,"turns":6},{"damage":10,"enemies":"Shell Parasite","floor":18,"turns":4},{"damage":27,"enemies":"2 Thieves","floor":21,"turns":4},{"damage":13,"enemies":"Sentry and Sphere","floor":22,"turns":5},{"damage":26,"enemies":"Snake Plant","floor":28,"turns":3},{"damage":17,"enemies":"Centurion and Healer","floor":29,"turns":3},{"damage":16,"enemies":"Sentry and Sphere","floor":30,"turns":5},{"damage":2,"enemies":"Snecko","floor":31,"turns":5},{"damage":16,"enemies":"Champ","floor":33,"turns":5},{"damage":2,"enemies":"3 Shapes","floor":35,"turns":4},{"damage":51,"enemies":"2 Orb Walkers","floor":36,"turns":4},{"damage":7,"enemies":"Mind Bloom Boss Battle","floor":38,"turns":2}],"seed_played":"3951204496568054951","potions_obtained":[{"floor":1,"key":"Strength Potion"},{"floor":5,"key":"Energy Potion"},{"floor":8,"key":"Ancient Potion"},{"floor":16,"key":"Regen Potion"},{"floor":22,"key":"Weak Potion"},{"floor":28,"key":"SteroidPotion"},{"floor":29,"key":"Fruit Juice"},{"floor":31,"key":"AttackPotion"},{"floor":35,"key":"SpeedPotion"}],"is_trial":false,"path_per_floor":["M","$","?","M","M","R","M","E","T","$","M","?","R","E","R","B",null,"M","?","?","M","M","R","$","?","T","R","M","M","M","M","R","B",null,"M","?","?","?"],"character_chosen":"THE_SILENT","items_purchased":["Catalyst","Noxious Fumes","Noxious Fumes"],"campfire_rested":2,"item_purchase_floors":[2,10,24],"current_hp_per_floor":[61,61,61,59,59,59,59,44,44,44,39,39,39,25,25,10,55,45,45,45,32,19,40,40,63,63,63,37,25,9,7,29,13,60,58,7,7,0],"gold":535,"neow_bonus":"ONE_RANDOM_RARE_CARD","is_prod":false,"is_daily":false,"chose_seed":false,"campfire_upgraded":4,"win_rate":0,"timestamp":1546827116,"path_taken":["M","$","?","M","M","R","M","E","T","?","M","?","R","E","R","BOSS","M","?","?","M","?","R","?","?","T","R","M","M","M","M","R","BOSS","M","?","?","?"],"build_version":"2019-01-03v4","purchased_purges":1,"victory":false,"max_hp_per_floor":[70,70,70,70,70,70,70,70,70,70,70,70,70,70,70,70,70,70,70,70,70,70,70,70,70,70,70,70,75,75,75,75,75,75,75,75,75,75],"card_choices":[{"not_picked":["Finisher","Backstab"],"picked":"Poisoned Stab","floor":1},{"not_picked":["Flying Knee","Expertise"],"picked":"Bouncing Flask","floor":4},{"not_picked":["Acrobatics","Flechettes"],"picked":"Deadly Poison","floor":5},{"not_picked":["Dagger Spray","Prepared"],"picked":"Crippling Poison","floor":7},{"not_picked":["Backstab","Quick Slash"],"picked":"Backflip","floor":8},{"not_picked":["Heel Hook","Finisher"],"picked":"Blur","floor":11},{"not_picked":["Expertise","Outmaneuver","Predator"],"picked":"SKIP","floor":14},{"not_picked":["Grand Finale","Burst"],"picked":"After Image","floor":16},{"not_picked":["Terror","Outmaneuver","Dagger Throw"],"picked":"SKIP","floor":18},{"not_picked":["Slice","Underhanded Strike"],"picked":"Acrobatics","floor":21},{"not_picked":["Deadly Poison","Sucker Punch"],"picked":"Noxious Fumes","floor":22},{"not_picked":["Doppelganger+1","Predator","Dagger Throw+1"],"picked":"SKIP","floor":28},{"not_picked":["Sucker Punch","PiercingWail+1","Tactician+1"],"picked":"SKIP","floor":29},{"not_picked":["Underhanded Strike","Riddle With Holes"],"picked":"Deadly Poison+1","floor":30},{"not_picked":["Dash","Skewer","Prepared+1"],"picked":"SKIP","floor":31},{"not_picked":["Doppelganger+1","Bullet Time+1"],"picked":"Adrenaline+1","floor":33},{"not_picked":["Blade Dance+1","Prepared+1","Bane+1"],"picked":"SKIP","floor":35},{"not_picked":["Bane","Backstab+1"],"picked":"Backflip+1","floor":36},{"not_picked":["Violence+1","Trip+1"],"picked":"Enlightenment+1","floor":37}],"player_experience":287511,"relics_obtained":[{"floor":8,"key":"Art of War"},{"floor":9,"key":"Bronze Scales"},{"floor":14,"key":"Shuriken"},{"floor":26,"key":"Toxic Egg 2"},{"floor":34,"key":"Happy Flower"},{"floor":34,"key":"Kunai"},{"floor":34,"key":"Ice Cream"},{"floor":36,"key":"Old Coin"}],"event_choices":[{"damage_healed":0,"gold_gain":0,"player_choice":"4 cards matched","damage_taken":0,"max_hp_gain":0,"max_hp_loss":0,"event_name":"Match and Keep!","floor":3,"gold_loss":0,"cards_obtained":["Neutralize","Burst","Leg Sweep","Blade Dance"]},{"damage_healed":0,"gold_gain":0,"player_choice":"4 cards matched","damage_taken":0,"max_hp_gain":0,"max_hp_loss":0,"event_name":"Match and Keep!","floor":3,"gold_loss":0,"cards_obtained":["Neutralize","Burst","Leg Sweep","Blade Dance"]},{"damage_healed":0,"gold_gain":0,"player_choice":"Ignored","damage_taken":0,"max_hp_gain":0,"max_hp_loss":0,"event_name":"Liars Game","floor":12,"gold_loss":0},{"damage_healed":0,"gold_gain":0,"player_choice":"Obtained Relic","damage_taken":0,"relics_obtained":["Letter Opener"],"max_hp_gain":0,"max_hp_loss":0,"event_name":"Addict","floor":19,"gold_loss":85},{"damage_healed":0,"gold_gain":0,"player_choice":"Copied","damage_taken":0,"max_hp_gain":0,"max_hp_loss":0,"event_name":"Duplicator","floor":20,"gold_loss":0,"cards_obtained":["Catalyst"]},{"damage_healed":23,"gold_gain":0,"player_choice":"Heal","damage_taken":0,"max_hp_gain":0,"max_hp_loss":0,"event_name":"The Library","floor":25,"gold_loss":0},{"damage_healed":0,"gold_gain":0,"player_choice":"Fight","damage_taken":0,"max_hp_gain":0,"max_hp_loss":0,"event_name":"Mysterious Sphere","floor":36,"gold_loss":0},{"damage_healed":0,"gold_gain":0,"player_choice":"Memory 1","damage_taken":0,"max_hp_gain":0,"max_hp_loss":0,"event_name":"SensoryStone","floor":37,"gold_loss":0},{"damage_healed":0,"gold_gain":0,"player_choice":"Fight","damage_taken":0,"max_hp_gain":0,"max_hp_loss":0,"event_name":"MindBloom","floor":38,"gold_loss":0}],"is_beta":false,"boss_relics":[{"not_picked":["Snecko Eye","Tiny House"],"picked":"Empty Cage"},{"not_picked":["Busted Crown","WristBlade"],"picked":"Calling Bell"}],"items_purged_floors":[24],"is_endless":false,"potions_floor_spawned":[1,5,8,16,22,28,29,31,35],"killed_by":"Mind Bloom Boss Battle","ascension_level":6}