{"gold_per_floor":[111,131,145,145,160,160,172,199,223,257,270,270,304,334,334,431,431,451,376,388,388,398,430,430,30,30,30,42,72,72,98,98,194,194,209,223,274,174,174,201,201,216,241,269,279,310,329,342,342,342],"floor_reached":51,"playtime":6861,"items_purged":["Strike_B","Doubt"],"score":976,"play_id":"0347cddb-de83-42d1-92c6-7048a4a84d80","local_time":"20190126105617","is_ascension_mode":true,"campfire_choices":[{"data":"Self Repair","floor":6.0,"key":"SMITH"},{"data":"Rainbow","floor":12.0,"key":"SMITH"},{"floor":15.0,"key":"REST"},{"data":"Biased Cognition","floor":24.0,"key":"SMITH"},{"data":"Genetic Algorithm","floor":30.0,"key":"SMITH"},{"data":"Rainbow","floor":32.0,"key":"SMITH"},{"data":"Strike_B+1","floor":41.0,"key":"PURGE"},{"floor":49,"key":"REST"}],"neow_cost":"NONE","seed_source_timestamp":0,"circlet_count":0,"master_deck":["Defend_B+1","Defend_B+1","Defend_B+1","Zap+1","Dualcast","Auto Shields","Coolheaded","Self Repair+1","Conserve Battery","Leap","Biased Cognition+1","Rainbow+1","Ball Lightning","Skim","Rainbow+1","Skim","Self Repair","Conserve Battery","Melter","Loop","Genetic Algorithm+1","Redo+1","Buffer+1","Redo+1","Ball Lightning+1","Sweeping Beam+1","Redo+1","Capacitor+1","FTL+1","Doubt","FTL","Consume+1","Capacitor+1","Loop+1","Leap+1"],"special_seed":0,"relics":["Cracked Core","Mercury Hourglass","Bronze Scales","Vajra","Boot","Happy Flower","Cursed Key","Pear","Frozen Egg 2","Lantern","Peace Pipe","Darkstone Periapt","Orrery","Prayer Wheel","Shuriken","Ancient Tea Set","Smiling Mask","Singing Bowl"],"potions_floor_usage":[50,50],"damage_taken":[{"damage":0.0,"enemies":"2 Louse","floor":1.0,"turns":2.0},{"damage":1.0,"enemies":"Cultist","floor":2.0,"turns":3.0},{"damage":0.0,"enemies":"Jaw Worm","floor":3.0,"turns":3.0},{"damage":7.0,"enemies":"2 Fungi Beasts","floor":5.0,"turns":3.0},{"damage":4.0,"enemies":"3 Louse","floor":7.0,"turns":4.0},{"damage":38.0,"enemies":"Gremlin Nob","floor":8.0,"turns":5.0},{"damage":9.0,"enemies":"3 Sentries","floor":10.0,"turns":6.0},{"damage":6.0,"enemies":"Looter","floor":11.0,"turns":2.0},{"damage":15.0,"enemies":"Gremlin Nob","floor":13.0,"turns":4.0},{"damage":10.0,"enemies":"Hexaghost","floor":16.0,"turns":7.0},{"damage":0.0,"enemies":"Spheric Guardian","floor":18.0,"turns":2.0},{"damage":1.0,"enemies":"Shell Parasite","floor":20.0,"turns":4.0},{"damage":28.0,"enemies":"Centurion and Healer","floor":22.0,"turns":6.0},{"damage":12.0,"enemies":"Slavers","floor":23.0,"turns":4.0},{"damage":1.0,"enemies":"Chosen and Byrds","floor":28.0,"turns":4.0},{"damage":0.0,"enemies":"Gremlin Leader","floor":29.0,"turns":6.0},{"damage":12.0,"enemies":"Slavers","floor":31.0,"turns":4.0},{"damage":36.0,"enemies":"Automaton","floor":33.0,"turns":11.0},{"damage":0.0,"enemies":"3 Shapes","floor":35.0,"turns":4.0},{"damage":9.0,"enemies":"3 Darklings","floor":36.0,"turns":5.0},{"damage":52.0,"enemies":"2 Orb Walkers","floor":37.0,"turns":5.0},{"damage":0.0,"enemies":"Nemesis","floor":40.0,"turns":7.0},{"damage":8.0,"enemies":"Sphere and 2 Shapes","floor":42.0,"turns":4.0},{"damage":8.0,"enemies":"Giant Head","floor":44.0,"turns":11.0},{"damage":17.0,"enemies":"Spire Growth","floor":45.0,"turns":5.0},{"damage":0.0,"enemies":"Reptomancer","floor":46.0,"turns":5.0},{"damage":42,"enemies":"3 Darklings","floor":47,"turns":5},{"damage":9,"enemies":"4 Shapes","floor":48,"turns":5},{"damage":98,"enemies":"Awakened One","floor":50,"turns":13}],"seed_played":"-7921794008863150662","potions_obtained":[{"floor":5.0,"key":"Dexterity Potion"},{"floor":7.0,"key":"SkillPotion"},{"floor":11.0,"key":"Block Potion"},{"floor":13.0,"key":"Dexterity Potion"},{"floor":18.0,"key":"EntropicBrew"},{"floor":33.0,"key":"Swift Potion"},{"floor":42.0,"key":"Energy Potion"},{"floor":44.0,"key":"LiquidBronze"},{"floor":48,"key":"PowerPotion"}],"is_trial":false,"path_per_floor":["M","M","M","?","M","R","M","E","T","E","M","R","E","?","R","B",null,"M","?","M","?","M","E","R","$","T","?","M","E","R","E","R","B",null,"M","M","?","$","?","E","R","M","T","E","M","E","M","M","R","B",null],"character_chosen":"DEFECT","items_purchased":["Loop","Frozen Egg 2"],"campfire_rested":2,"item_purchase_floors":[25,25],"current_hp_per_floor":[75,74,74,74,67,67,73,45,45,46,40,40,35,35,57,57,75,75,75,75,75,54,69,69,69,69,69,85,85,85,80,80,54,85,85,85,50,50,50,67,67,76,82,91,91,91,59,69,93,26],"gold":342,"neow_bonus":"UPGRADE_CARD","is_prod":false,"is_daily":false,"chose_seed":false,"campfire_upgraded":5,"win_rate":0,"timestamp":1548489377,"path_taken":["M","M","M","?","M","R","M","E","T","E","?","R","E","?","R","BOSS","M","?","M","?","M","E","R","$","T","?","M","E","R","E","R","BOSS","M","M","?","$","?","E","R","M","T","E","?","E","M","M","R","BOSS"],"build_version":"2019-01-17v2","purchased_purges":2,"victory":true,"max_hp_per_floor":[75,75,75,75,75,75,75,75,75,75,75,75,75,75,75,75,75,75,75,75,75,75,85,85,85,85,85,85,85,85,85,85,85,85,85,85,85,85,85,85,85,85,91,91,91,91,91,93,93,93],"card_choices":[{"not_picked":["Redo","Leap"],"picked":"Auto Shields","floor":1.0},{"not_picked":["Turbo","Glacier"],"picked":"Coolheaded","floor":2.0},{"not_picked":["Leap","Redo"],"picked":"Self Repair","floor":3.0},{"not_picked":["Coolheaded","Streamline"],"picked":"Conserve Battery","floor":5.0},{"not_picked":["Scrape","Static Discharge"],"picked":"Leap","floor":7.0},{"not_picked":["Sweeping Beam","Cold Snap"],"picked":"Biased Cognition","floor":8.0},{"not_picked":["Conserve Battery","All For One"],"picked":"Rainbow","floor":10.0},{"not_picked":["Consume","Gash"],"picked":"Ball Lightning","floor":11.0},{"not_picked":["Beam Cell","Conserve Battery"],"picked":"Skim","floor":13.0},{"not_picked":["Amplify","Meteor Strike"],"picked":"Rainbow","floor":16.0},{"not_picked":["Cold Snap+1","Redo"],"picked":"Skim","floor":18.0},{"not_picked":["Ball Lightning","Recycle"],"picked":"Self Repair","floor":20.0},{"not_picked":["Beam Cell","Streamline"],"picked":"Conserve Battery","floor":22.0},{"not_picked":["Barrage+1","Gash"],"picked":"Melter","floor":23.0},{"not_picked":["Darkness","Barrage"],"picked":"Genetic Algorithm","floor":28.0},{"not_picked":["Tempest","Barrage"],"picked":"Redo+1","floor":29.0},{"not_picked":["Stack","Skim"],"picked":"Buffer+1","floor":31.0},{"not_picked":["Chill","Coolheaded"],"picked":"Redo+1","floor":34.0},{"not_picked":["Redo","Steam"],"picked":"Ball Lightning+1","floor":34.0},{"not_picked":["Compile Driver","Steam Power+1"],"picked":"Sweeping Beam+1","floor":35.0},{"not_picked":["Rebound+1","Consume"],"picked":"Redo+1","floor":36.0},{"not_picked":["Chill","Storm+1"],"picked":"Capacitor+1","floor":37.0},{"not_picked":["Go for the Eyes","Self Repair+1"],"picked":"FTL+1","floor":40.0},{"not_picked":["Rainbow","Coolheaded","Rip and Tear"],"picked":"SKIP","floor":42.0},{"not_picked":["Self Repair+1","Beam Cell+1","Steam"],"picked":"SKIP","floor":42.0},{"not_picked":["Double Energy+1","Barrage+1","Steam+1"],"picked":"SKIP","floor":44.0},{"not_picked":["Cold Snap+1","Redo"],"picked":"FTL","floor":45.0},{"not_picked":["Conserve Battery","Double Energy"],"picked":"Consume+1","floor":45.0},{"not_picked":["Rainbow","Beam Cell"],"picked":"Capacitor+1","floor":46.0},{"not_picked":["Undo+1","Ball Lightning"],"picked":"Loop+1","floor":47},{"not_picked":["Streamline+1","Go for the Eyes","Steam+1"],"picked":"SKIP","floor":47},{"not_picked":["Hologram","Barrage+1"],"picked":"Leap+1","floor":48},{"not_picked":["Ball Lightning+1","Sweeping Beam","Chaos"],"picked":"Singing Bowl","floor":48}],"player_experience":104331,"relics_obtained":[{"floor":8.0,"key":"Mercury Hourglass"},{"floor":9.0,"key":"Bronze Scales"},{"floor":10.0,"key":"Vajra"},{"floor":13.0,"key":"Boot"},{"floor":23.0,"key":"Pear"},{"floor":26.0,"key":"Lantern"},{"floor":29.0,"key":"Peace Pipe"},{"floor":31.0,"key":"Darkstone Periapt"},{"floor":37.0,"key":"Prayer Wheel"},{"floor":40.0,"key":"Shuriken"},{"floor":43.0,"key":"Ancient Tea Set"},{"floor":44.0,"key":"Smiling Mask"},{"floor":46.0,"key":"Singing Bowl"}],"event_choices":[{"cards_removed":["Defend_B"],"damage_healed":0.0,"max_hp_gain":0.0,"max_hp_loss":0.0,"gold_gain":0.0,"event_name":"Wheel of Change","player_choice":"Card Removal","floor":4.0,"gold_loss":0.0,"damage_taken":0.0},{"damage_healed":0.0,"max_hp_gain":0.0,"max_hp_loss":0.0,"gold_gain":30.0,"event_name":"Dead Adventurer","player_choice":"Searched \u00273\u0027 times","floor":14.0,"gold_loss":0.0,"damage_taken":0.0,"relics_obtained":["Happy Flower"]},{"cards_removed":["Strike_B"],"damage_healed":0.0,"max_hp_gain":0.0,"max_hp_loss":0.0,"gold_gain":0.0,"event_name":"Beggar","player_choice":"Gave Gold","floor":19.0,"gold_loss":75.0,"damage_taken":0.0},{"damage_healed":0.0,"max_hp_gain":0.0,"max_hp_loss":0.0,"gold_gain":0.0,"event_name":"Ghosts","player_choice":"Ignored","floor":21.0,"gold_loss":0.0,"damage_taken":0.0},{"damage_healed":0.0,"max_hp_gain":0.0,"max_hp_loss":0.0,"gold_gain":0.0,"event_name":"Back to Basics","player_choice":"Simplicity","floor":27.0,"gold_loss":0.0,"damage_taken":0.0,"cards_upgraded":["Strike_B","Strike_B","Defend_B","Defend_B","Defend_B"]},{"damage_healed":0.0,"max_hp_gain":0.0,"max_hp_loss":0.0,"gold_gain":0.0,"event_name":"Mysterious Sphere","player_choice":"Fight","floor":37.0,"gold_loss":0.0,"damage_taken":0.0},{"cards_removed":["Strike_B"],"damage_healed":0.0,"max_hp_gain":0.0,"max_hp_loss":0.0,"gold_gain":0.0,"event_name":"Purifier","player_choice":"Purged","floor":39.0,"gold_loss":0.0,"damage_taken":0.0}],"is_beta":false,"boss_relics":[{"not_picked":["Fusion Hammer","Ectoplasm"],"picked":"Cursed Key"},{"not_picked":["White Beast Statue","Snecko Eye"],"picked":"Orrery"}],"items_purged_floors":[25,38],"is_endless":false,"potions_floor_spawned":[5,7,11,13,18,28,33,36,40,42,44,47,48],"ascension_level":2}