{"gold_per_floor":[117,134,24,35,11,37,37,52,102,137,137,170,170,202,214,328,340,364,44,44,59,59,59,90,90,115,175,189,209,223,253,253,350,350,365,382,202,217,217,550,550,568,568,362,362,379,394,426,426,426,426,426,224,253,253],"floor_reached":56,"playtime":15590,"items_purged":["Strike_G","Strike_G","Strike_G+1","Infinite Blades"],"score":1606,"play_id":"c672b53b-7800-4bce-b971-1af3f22550fe","local_time":"20190408030405","is_ascension_mode":true,"campfire_choices":[{"data":"Neutralize","floor":7,"key":"SMITH"},{"data":"Poisoned Stab","floor":11,"key":"SMITH"},{"floor":13,"key":"REST"},{"data":"Footwork","floor":15,"key":"SMITH"},{"data":"Footwork","floor":23,"key":"SMITH"},{"data":"Crippling Poison","floor":25,"key":"SMITH"},{"data":"Catalyst","floor":32,"key":"SMITH"},{"floor":41,"key":"RECALL"},{"data":"Wraith Form v2","floor":49,"key":"SMITH"},{"data":"Wraith Form v2","floor":52,"key":"SMITH"}],"neow_cost":"NONE","seed_source_timestamp":354500621116469,"circlet_count":0,"master_deck":["Defend_G+1","Defend_G+1","Defend_G+1","Defend_G+1","Defend_G+1","Survivor","Neutralize+1","Blur","Footwork+1","Poisoned Stab+1","Backflip","Dash","Backstab","Footwork+1","Corpse Explosion+1","Crippling Poison+1","Dash","Acrobatics+1","Good Instincts","Caltrops+1","Dagger Spray+1","Catalyst+1","Noxious Fumes+1","Wraith Form v2+1","PiercingWail","Well Laid Plans","Wraith Form v2+1","Noxious Fumes","Acrobatics+1"],"relics":["Ring of the Snake","Sundial","Bronze Scales","Regal Pillow","Pocketwatch","MawBank","Velvet Choker","Membership Card","Bag of Marbles","Strawberry","Tiny Chest","Oddly Smooth Stone","Empty Cage","War Paint","Old Coin","TwistedFunnel","Lantern","Molten Egg 2","Pear","Bag of Preparation"],"potions_floor_usage":[8],"damage_taken":[{"damage":1,"enemies":"Cultist","floor":1,"turns":4},{"damage":4,"enemies":"Small Slimes","floor":2,"turns":5},{"damage":0,"enemies":"2 Louse","floor":4,"turns":5},{"damage":22,"enemies":"Lagavulin","floor":6,"turns":11},{"damage":8,"enemies":"Exordium Thugs","floor":8,"turns":6},{"damage":7,"enemies":"Gremlin Nob","floor":10,"turns":4},{"damage":1,"enemies":"3 Sentries","floor":12,"turns":8},{"damage":6,"enemies":"Lagavulin","floor":14,"turns":5},{"damage":19,"enemies":"Slime Boss","floor":16,"turns":10},{"damage":0,"enemies":"Chosen","floor":18,"turns":5},{"damage":0,"enemies":"3 Byrds","floor":21,"turns":3},{"damage":3,"enemies":"Gremlin Leader","floor":24,"turns":6},{"damage":2,"enemies":"Slavers","floor":27,"turns":6},{"damage":0,"enemies":"Snake Plant","floor":28,"turns":3},{"damage":0,"enemies":"Snecko","floor":29,"turns":4},{"damage":0,"enemies":"Centurion and Healer","floor":30,"turns":5},{"damage":4,"enemies":"Book of Stabbing","floor":31,"turns":6},{"damage":0,"enemies":"Automaton","floor":33,"turns":7},{"damage":3,"enemies":"3 Darklings","floor":35,"turns":4},{"damage":0,"enemies":"3 Shapes","floor":36,"turns":3},{"damage":2,"enemies":"Writhing Mass","floor":38,"turns":5},{"damage":3,"enemies":"Giant Head","floor":40,"turns":8},{"damage":0,"enemies":"Jaw Worm Horde","floor":42,"turns":4},{"damage":2,"enemies":"3 Darklings","floor":46,"turns":5},{"damage":0,"enemies":"Maw","floor":47,"turns":7},{"damage":2,"enemies":"Nemesis","floor":48,"turns":7},{"damage":25,"enemies":"Awakened One","floor":50,"turns":17},{"damage":8,"enemies":"Shield and Spear","floor":54,"turns":2},{"damage":16,"enemies":"The Heart","floor":55,"turns":10}],"seed_played":"5183316664781235570","potions_obtained":[{"floor":4,"key":"GamblersBrew"},{"floor":6,"key":"Explosive Potion"},{"floor":10,"key":"Strength Potion"},{"floor":14,"key":"Dexterity Potion"},{"floor":27,"key":"Swift Potion"},{"floor":36,"key":"GhostInAJar"},{"floor":38,"key":"Ancient Potion"}],"is_trial":false,"path_per_floor":["M","M","$","M","$","E","R","M","T","E","R","E","R","E","R","B",null,"M","$","?","M","?","R","E","R","T","E","M","M","M","E","R","B",null,"M","M","$","M","?","E","R","M","T","$","?","M","M","E","R","B",null,"R","$","E","B",null],"character_chosen":"THE_SILENT","items_purchased":["Infinite Blades","Backflip","Membership Card","Crippling Poison","Dash","War Paint","Well Laid Plans","TwistedFunnel","Noxious Fumes","Lantern","Pear"],"campfire_rested":1,"item_purchase_floors":[3,5,19,19,19,37,37,44,44,44,53],"current_hp_per_floor":[76,72,72,72,72,50,50,42,42,35,35,34,72,66,66,47,70,70,70,70,70,56,56,53,53,60,58,58,58,58,54,54,54,77,74,74,74,72,72,69,69,69,69,69,69,67,67,65,65,40,73,73,83,75,59],"gold":253,"neow_bonus":"TEN_PERCENT_HP_BONUS","is_prod":false,"is_daily":false,"chose_seed":false,"campfire_upgraded":8,"win_rate":0,"timestamp":1554685445,"path_taken":["M","M","?","M","?","E","R","M","T","E","R","E","R","E","R","BOSS","M","$","?","M","?","R","E","R","T","E","M","M","?","E","R","BOSS","M","?","$","M","?","E","R","M","T","$","?","?","M","E","R","BOSS","R","$","E","BOSS"],"build_version":"2019-01-23","purchased_purges":4,"victory":true,"max_hp_per_floor":[77,77,77,77,77,77,77,77,77,77,77,77,77,77,77,77,77,77,77,77,77,77,77,77,77,84,84,84,84,84,84,84,84,84,84,84,84,84,84,84,84,84,84,84,84,84,84,84,84,84,84,84,94,94,94],"card_choices":[{"not_picked":["Dagger Throw","PiercingWail"],"picked":"Blur","floor":1},{"not_picked":["Choke","Underhanded Strike"],"picked":"Footwork","floor":2},{"not_picked":["Prepared","Flying Knee"],"picked":"Poisoned Stab","floor":4},{"not_picked":["Distraction","Wraith Form v2"],"picked":"Dash","floor":6},{"not_picked":["Catalyst","Blade Dance"],"picked":"Backstab","floor":8},{"not_picked":["Outmaneuver","Quick Slash"],"picked":"Footwork","floor":10},{"not_picked":["Cloak And Dagger","Infinite Blades"],"picked":"Corpse Explosion","floor":12},{"not_picked":["Endless Agony","Bane","Slice"],"picked":"SKIP","floor":14},{"not_picked":["Underhanded Strike","Dagger Throw","Prepared"],"picked":"SKIP","floor":18},{"not_picked":["Venomology","Endless Agony"],"picked":"Acrobatics","floor":21},{"not_picked":["Slice","Riddle With Holes+1","Eviscerate+1"],"picked":"SKIP","floor":24},{"not_picked":["Flying Knee+1","Dagger Throw+1"],"picked":"Caltrops+1","floor":27},{"not_picked":["Sucker Punch","Bouncing Flask+1"],"picked":"Dagger Spray+1","floor":28},{"not_picked":["Dagger Throw+1","Flying Knee","Quick Slash"],"picked":"SKIP","floor":29},{"not_picked":["Blade Dance","Outmaneuver"],"picked":"Catalyst","floor":30},{"not_picked":["Die Die Die","Cloak And Dagger"],"picked":"Noxious Fumes+1","floor":31},{"not_picked":["Envenom","Unload"],"picked":"Wraith Form v2","floor":33},{"not_picked":["Slice","Underhanded Strike+1","Backflip"],"picked":"SKIP","floor":35},{"not_picked":["Riddle With Holes+1","Dodge and Roll"],"picked":"PiercingWail","floor":36},{"not_picked":["Backstab","Caltrops+1"],"picked":"Wraith Form v2","floor":38},{"not_picked":["Deflect","All Out Attack+1","Dagger Spray"],"picked":"SKIP","floor":40},{"not_picked":["Cloak And Dagger","Quick Slash","Acrobatics+1"],"picked":"SKIP","floor":42},{"not_picked":["Dagger Throw","Storm of Steel"],"picked":"Acrobatics+1","floor":46},{"not_picked":["Cloak And Dagger","Caltrops+1","Quick Slash"],"picked":"SKIP","floor":47},{"not_picked":["Outmaneuver+1","Flying Knee","Blade Dance+1"],"picked":"SKIP","floor":48},{"not_picked":["Setup+1","Acrobatics+1","Slice+1"],"picked":"SKIP","floor":54}],"player_experience":394225,"relics_obtained":[{"floor":6,"key":"Sundial"},{"floor":9,"key":"Bronze Scales"},{"floor":10,"key":"Regal Pillow"},{"floor":12,"key":"Pocketwatch"},{"floor":14,"key":"MawBank"},{"floor":24,"key":"Bag of Marbles"},{"floor":26,"key":"Strawberry"},{"floor":27,"key":"Tiny Chest"},{"floor":31,"key":"Oddly Smooth Stone"},{"floor":40,"key":"Old Coin"},{"floor":48,"key":"Molten Egg 2"},{"floor":54,"key":"Bag of Preparation"}],"event_choices":[{"damage_healed":0,"gold_gain":0,"player_choice":"Simplicity","damage_taken":0,"max_hp_gain":0,"max_hp_loss":0,"event_name":"Back to Basics","floor":20,"gold_loss":0,"cards_upgraded":["Defend_G","Defend_G","Defend_G","Defend_G","Defend_G","Strike_G","Strike_G","Strike_G"]},{"damage_healed":0,"gold_gain":0,"player_choice":"CARD ","damage_taken":14,"max_hp_gain":0,"max_hp_loss":0,"event_name":"Knowing Skull","floor":22,"potions_obtained":[],"gold_loss":0,"cards_obtained":["Good Instincts"]},{"damage_healed":0,"gold_gain":0,"player_choice":"CARD ","damage_taken":14,"max_hp_gain":0,"max_hp_loss":0,"event_name":"Knowing Skull","floor":22,"potions_obtained":[],"gold_loss":0,"cards_obtained":["Good Instincts"]},{"damage_healed":0,"gold_gain":0,"player_choice":"Ignored","damage_taken":0,"max_hp_gain":0,"max_hp_loss":0,"event_name":"Tomb of Lord Red Mask","floor":39,"gold_loss":0},{"damage_healed":0,"gold_gain":0,"player_choice":"Got Potions","damage_taken":0,"max_hp_gain":0,"max_hp_loss":0,"event_name":"Lab","floor":45,"gold_loss":0}],"is_beta":false,"boss_relics":[{"not_picked":["Fusion Hammer","Astrolabe"],"picked":"Velvet Choker"},{"not_picked":["Sozu","Busted Crown"],"picked":"Empty Cage"}],"items_purged_floors":[3,19,37,53],"is_endless":false,"potions_floor_spawned":[4,6,10,14,18,24,27,29,31,36,38,42,48],"ascension_level":5}