{"gold_per_floor":[117,130,142,142,142,142,176,193,193,212,212,387,400,411,411,510,510,521,521,26,30,40,40,69,69],"floor_reached":25,"playtime":1904,"items_purged":[],"score":225,"play_id":"fe744776-05f1-42df-ba26-fd0977586403","local_time":"20190616125634","is_ascension_mode":false,"campfire_choices":[{"data":"Undo","floor":6,"key":"SMITH"},{"floor":11,"key":"REST"},{"floor":15,"key":"REST"},{"floor":23,"key":"REST"}],"neow_cost":"NONE","seed_source_timestamp":1298502909200,"circlet_count":0,"master_deck":["Strike_B","Strike_B","Strike_B","Strike_B","Defend_B","Defend_B","Defend_B","Defend_B","Zap","Dualcast","Gash","Rebound","Undo+1","Heatsinks","BootSequence","Gash","Doubt","Stack","Redo","Multi-Cast","Cold Snap+1","Buffer","Aggregate","Go for the Eyes","Deep Breath","Sadistic Nature","BootSequence","Ball Lightning","Cold Snap"],"relics":["Cracked Core","NeowsBlessing","StoneCalendar","Incense Burner","Calipers","Eternal Feather","MutagenicStrength","Torii"],"potions_floor_usage":[16,16,24,25],"damage_taken":[{"damage":0,"enemies":"Cultist","floor":1,"turns":1},{"damage":0,"enemies":"2 Louse","floor":2,"turns":1},{"damage":0,"enemies":"Jaw Worm","floor":3,"turns":1},{"damage":29,"enemies":"Gremlin Nob","floor":7,"turns":5},{"damage":10,"enemies":"Looter","floor":8,"turns":3},{"damage":3,"enemies":"Red Slaver","floor":10,"turns":4},{"damage":0,"enemies":"3 Louse","floor":13,"turns":4},{"damage":6,"enemies":"Lots of Slimes","floor":14,"turns":6},{"damage":36,"enemies":"The Guardian","floor":16,"turns":15},{"damage":22,"enemies":"Chosen","floor":18,"turns":7},{"damage":14,"enemies":"2 Thieves","floor":21,"turns":5},{"damage":29,"enemies":"Snake Plant","floor":22,"turns":7},{"damage":39,"enemies":"Slavers","floor":24,"turns":7},{"damage":30,"enemies":"Sentry and Sphere","floor":25,"turns":5}],"seed_played":"-4357079900918937584","potions_obtained":[{"floor":3,"key":"Dexterity Potion"},{"floor":13,"key":"LiquidBronze"},{"floor":14,"key":"Fruit Juice"},{"floor":16,"key":"FairyPotion"},{"floor":21,"key":"FocusPotion"},{"floor":24,"key":"Weak Potion"}],"is_trial":false,"path_per_floor":["M","M","M","?","?","R","E","M","T","M","R","?","M","M","R","B",null,"M","?","$","M","M","R","E","M"],"character_chosen":"DEFECT","items_purchased":["Buffer","Aggregate","Go for the Eyes","Deep Breath","Sadistic Nature"],"campfire_rested":3,"item_purchase_floors":[20,20,20,20,20],"current_hp_per_floor":[75,75,75,75,72,72,43,33,33,30,52,52,52,46,68,37,80,58,58,58,44,15,54,15,0],"gold":69,"neow_bonus":"THREE_ENEMY_KILL","is_prod":false,"is_daily":false,"chose_seed":false,"campfire_upgraded":1,"win_rate":0.0,"timestamp":1560686194,"path_taken":["M","M","M","?","?","R","E","M","T","M","R","?","M","M","R","BOSS","M","?","$","M","M","R","E","M"],"build_version":"2019-01-23","purchased_purges":0,"victory":false,"max_hp_per_floor":[75,75,75,75,75,75,75,75,75,75,75,75,75,75,75,80,80,80,80,80,80,80,80,80,80],"card_choices":[{"not_picked":["Rebound","Go for the Eyes"],"picked":"Gash","floor":1},{"not_picked":["Storm","All For One"],"picked":"Rebound","floor":2},{"not_picked":["Turbo","Rebound"],"picked":"Undo","floor":3},{"not_picked":["Streamline","Sweeping Beam"],"picked":"Heatsinks","floor":7},{"not_picked":["Leap","Chaos"],"picked":"BootSequence","floor":8},{"not_picked":["Beam Cell","Tempest"],"picked":"Gash","floor":10},{"not_picked":["Barrage","Hello World"],"picked":"Stack","floor":13},{"not_picked":["Ball Lightning","Compile Driver"],"picked":"Redo","floor":14},{"not_picked":["Amplify","All For One"],"picked":"Multi-Cast","floor":16},{"not_picked":["Go for the Eyes","Loop"],"picked":"Cold Snap+1","floor":18},{"not_picked":["Coolheaded","Streamline"],"picked":"BootSequence","floor":21},{"not_picked":["Stack","Beam Cell"],"picked":"Ball Lightning","floor":22},{"not_picked":["Lockon","Beam Cell"],"picked":"Cold Snap","floor":24}],"player_experience":53424,"relics_obtained":[{"floor":7,"key":"Incense Burner"},{"floor":9,"key":"Calipers"},{"floor":24,"key":"Torii"}],"event_choices":[{"damage_healed":0,"gold_gain":0,"player_choice":"Ignored","damage_taken":0,"max_hp_gain":0,"max_hp_loss":0,"event_name":"Golden Idol","floor":4,"gold_loss":0},{"damage_healed":0,"gold_gain":0,"player_choice":"Success","damage_taken":3,"relics_obtained":["StoneCalendar"],"max_hp_gain":0,"max_hp_loss":0,"event_name":"Scrap Ooze","floor":5,"gold_loss":0},{"damage_healed":0,"gold_gain":175,"player_choice":"AGREE","damage_taken":0,"max_hp_gain":0,"max_hp_loss":0,"event_name":"Liars Game","floor":12,"gold_loss":0,"cards_obtained":["Doubt"]},{"damage_healed":0,"gold_gain":0,"player_choice":"Inject Mutagens","damage_taken":0,"relics_obtained":["MutagenicStrength"],"max_hp_gain":0,"max_hp_loss":0,"event_name":"Drug Dealer","floor":19,"gold_loss":0}],"is_beta":false,"boss_relics":[{"not_picked":["Tiny House","Fusion Hammer"],"picked":"Eternal Feather"}],"items_purged_floors":[],"is_endless":false,"potions_floor_spawned":[3,13,14,16,21,24],"killed_by":"Sentry and Sphere","ascension_level":0}