{"gold_per_floor":[114,114,114,36,51,51,14,14,39,89,89,119,149,164,164,264,264,279,279,79,94,109,139,154,169,219,234,264,114,114,114,114,214,214,229,29,44,59,59,59,74,74,74,104,119,119,149,149,149,149],"floor_reached":50,"playtime":2105,"items_purged":[],"score":848,"play_id":"63bf98a6-bd55-4497-8d9f-e46dbbb213a7","local_time":"20190105200413","daily_mods":["Cursed Run","Hoarder","DeadlyEvents"],"is_ascension_mode":false,"campfire_choices":[{"data":"Melter","floor":6,"key":"SMITH"},{"data":"White Noise","floor":8,"key":"SMITH"},{"data":"Zap","floor":11,"key":"SMITH"},{"data":"Cold Snap","floor":15,"key":"SMITH"},{"data":"Loop","floor":30,"key":"SMITH"},{"floor":32,"key":"REST"},{"floor":40,"key":"REST"},{"floor":42,"key":"REST"},{"floor":46,"key":"REST"},{"floor":49,"key":"REST"}],"neow_cost":"","seed_source_timestamp":1338143308268166,"circlet_count":0,"master_deck":["Strike_B","Strike_B","Strike_B","Defend_B","Defend_B","Defend_B","Zap+1","Dualcast","Rebound","Rebound","Rebound","Self Repair","Self Repair","Self Repair","Melter","Melter","Melter+1","White Noise+1","White Noise","White Noise","Normality","Normality","Normality","Shame","Shame","Shame","Cold Snap+1","Cold Snap","Cold Snap","Loop","Loop","Loop+1","Storm","Storm","Storm","Doubt","Doubt","Doubt","Electrodynamics","Electrodynamics","Electrodynamics","Go for the Eyes","Go for the Eyes","Go for the Eyes","Capacitor","Capacitor","Capacitor","Self Repair","Self Repair","Self Repair","Cold Snap","Cold Snap","Cold Snap","Shame","Shame","Shame","Rainbow","Rainbow","Rainbow","Writhe","Writhe","Writhe","Doubt","Doubt","Doubt","Parasite","Parasite","Parasite","Regret","Regret","Regret","Compile Driver+1","Compile Driver+1","Compile Driver+1"],"special_seed":17902,"relics":["Cursed Key","Darkstone Periapt","Du-Vu Doll","Strawberry","Vajra","Potion Belt","Calipers","Velvet Choker","Medical Kit","Blue Candle","DataDisk","Orichalcum","Bronze Scales","Blood Vial","Nuclear Battery","PrismaticShard","Pantograph","Frozen Egg 2","Gremlin Horn"],"potions_floor_usage":[12,23,47,50,50],"damage_taken":[{"damage":1,"enemies":"Jaw Worm","floor":1,"turns":3},{"damage":8,"enemies":"2 Louse","floor":5,"turns":3},{"damage":16,"enemies":"3 Sentries","floor":12,"turns":5},{"damage":10,"enemies":"Gremlin Nob","floor":13,"turns":3},{"damage":0,"enemies":"Small Slimes","floor":14,"turns":2},{"damage":51,"enemies":"Hexaghost","floor":16,"turns":7},{"damage":5,"enemies":"Spheric Guardian","floor":18,"turns":3},{"damage":12,"enemies":"Chosen","floor":21,"turns":4},{"damage":16,"enemies":"3 Cultists","floor":22,"turns":5},{"damage":20,"enemies":"Slavers","floor":23,"turns":3},{"damage":16,"enemies":"Centurion and Healer","floor":24,"turns":3},{"damage":30,"enemies":"Cultist and Chosen","floor":25,"turns":5},{"damage":21,"enemies":"Sentry and Sphere","floor":27,"turns":4},{"damage":15,"enemies":"Gremlin Leader","floor":28,"turns":5},{"damage":28,"enemies":"Automaton","floor":33,"turns":6},{"damage":10,"enemies":"Orb Walker","floor":35,"turns":4},{"damage":52,"enemies":"3 Darklings","floor":37,"turns":5},{"damage":40,"enemies":"Spire Growth","floor":38,"turns":4},{"damage":10,"enemies":"Writhing Mass","floor":41,"turns":4},{"damage":76,"enemies":"Reptomancer","floor":44,"turns":5},{"damage":7,"enemies":"3 Darklings","floor":45,"turns":3},{"damage":89,"enemies":"Nemesis","floor":47,"turns":7},{"damage":102,"enemies":"Donu and Deca","floor":50,"turns":6}],"seed_played":"7362796189856692124","potions_obtained":[{"floor":1,"key":"Fire Potion"},{"floor":5,"key":"Fire Potion"},{"floor":16,"key":"EssenceOfSteel"},{"floor":24,"key":"Strength Potion"},{"floor":25,"key":"SpeedPotion"},{"floor":27,"key":"SkillPotion"},{"floor":28,"key":"SpeedPotion"}],"is_trial":false,"path_per_floor":["M","?","?","$","M","R","$","R","T","T","R","E","E","M","R","B",null,"M","?","$","M","M","E","M","M","T","M","E","$","R","?","R","B",null,"M","$","M","M","$","R","M","R","T","E","M","R","E","?","R","B"],"character_chosen":"DEFECT","items_purchased":["Self Repair","White Noise","Medical Kit","Bronze Scales","PrismaticShard"],"campfire_rested":5,"item_purchase_floors":[4,7,20,29,36],"current_hp_per_floor":[74,79,72,72,80,80,80,80,93,99,99,97,99,99,99,75,105,105,105,105,100,105,85,76,67,73,73,86,86,86,92,117,102,123,113,113,70,32,32,68,66,104,110,57,59,99,33,33,73,0],"gold":149,"neow_bonus":"","is_prod":false,"is_daily":true,"chose_seed":false,"campfire_upgraded":5,"win_rate":0,"timestamp":1546747453,"path_taken":["M","?","?","$","M","R","$","R","T","?","R","?","E","M","R","BOSS","M","?","$","M","M","E","M","M","T","M","E","$","R","?","R","BOSS","M","$","M","M","$","R","M","R","T","E","M","R","E","?","R","BOSS"],"build_version":"2019-01-03v4","purchased_purges":0,"victory":false,"max_hp_per_floor":[75,80,80,80,80,80,80,80,93,99,99,99,99,99,99,105,105,105,105,105,105,105,105,105,105,111,111,111,111,111,117,117,123,123,123,123,123,123,123,123,129,129,135,135,135,135,135,135,135,135],"card_choices":[{"not_picked":["Beam Cell","Gash"],"picked":"Rebound","floor":1},{"not_picked":["Streamline","Compile Driver"],"picked":"Melter","floor":5},{"not_picked":["Barrage","Turbo"],"picked":"Cold Snap","floor":12},{"not_picked":["Sweeping Beam","FTL"],"picked":"Loop","floor":13},{"not_picked":["Rainbow","Hologram"],"picked":"Storm","floor":14},{"not_picked":["Meteor Strike","Fission"],"picked":"Electrodynamics","floor":16},{"not_picked":["Ball Lightning","Melter"],"picked":"Go for the Eyes","floor":18},{"not_picked":["Compile Driver","Sweeping Beam","Consume"],"picked":"SKIP","floor":21},{"not_picked":["Streamline","Genetic Algorithm","Tempest+1"],"picked":"SKIP","floor":22},{"not_picked":["Stack","Streamline"],"picked":"Self Repair","floor":23},{"not_picked":["Hologram","Conserve Battery","Gash"],"picked":"SKIP","floor":24},{"not_picked":["Turbo+1","Barrage"],"picked":"Cold Snap","floor":25},{"not_picked":["Ball Lightning","Compile Driver"],"picked":"Rainbow","floor":27},{"not_picked":["Multi-Cast","Hologram+1","Go for the Eyes"],"picked":"SKIP","floor":28},{"not_picked":["Beam Cell","Sweeping Beam+1","Hello World"],"picked":"SKIP","floor":35},{"not_picked":["Deflect","Hologram","Bane"],"picked":"SKIP","floor":37},{"not_picked":["Flying Knee","Perfected Strike","Venomology"],"picked":"SKIP","floor":38},{"not_picked":["True Grit","Riddle With Holes","Impatience+1"],"picked":"SKIP","floor":41},{"not_picked":["True Grit","Riddle With Holes","Impatience+1"],"picked":"SKIP","floor":41},{"not_picked":["Dagger Spray","Coolheaded+1"],"picked":"Compile Driver+1","floor":44},{"not_picked":["Finisher+1","Dodge and Roll+1","Terror+1"],"picked":"SKIP","floor":45},{"not_picked":["Cleave+1","Venomology","Blade Dance+1"],"picked":"SKIP","floor":47}],"player_experience":276917,"relics_obtained":[{"floor":9,"key":"Strawberry"},{"floor":10,"key":"Vajra"},{"floor":12,"key":"Potion Belt"},{"floor":13,"key":"Calipers"},{"floor":23,"key":"Blue Candle"},{"floor":26,"key":"DataDisk"},{"floor":28,"key":"Orichalcum"},{"floor":43,"key":"Pantograph"},{"floor":44,"key":"Frozen Egg 2"},{"floor":47,"key":"Gremlin Horn"}],"event_choices":[{"damage_healed":0,"gold_gain":0,"player_choice":"Donut","damage_taken":0,"max_hp_gain":5,"max_hp_loss":0,"event_name":"Big Fish","floor":2,"gold_loss":0},{"cards_removed":["Strike_B"],"damage_healed":0,"gold_gain":0,"player_choice":"Card Removal","damage_taken":7,"max_hp_gain":0,"max_hp_loss":0,"event_name":"Golden Wing","floor":3,"gold_loss":0},{"damage_healed":0,"gold_gain":0,"player_choice":"Read","damage_taken":0,"max_hp_gain":0,"max_hp_loss":0,"event_name":"The Library","floor":19,"gold_loss":0,"cards_obtained":["Capacitor"]},{"damage_healed":0,"gold_gain":0,"player_choice":"Opened","damage_taken":0,"relics_obtained":["Blood Vial"],"max_hp_gain":0,"max_hp_loss":0,"event_name":"The Mausoleum","floor":31,"gold_loss":0,"cards_obtained":["Writhe"]},{"cards_removed":["Defend_B"],"damage_healed":0,"gold_gain":0,"player_choice":"Removed Skill","damage_taken":0,"max_hp_gain":0,"max_hp_loss":0,"event_name":"Falling","floor":48,"gold_loss":0}],"is_beta":false,"boss_relics":[{"not_picked":["Coffee Dripper","Orrery"],"picked":"Velvet Choker"},{"not_picked":["Empty Cage","Astrolabe"],"picked":"Nuclear Battery"}],"items_purged_floors":[],"is_endless":false,"potions_floor_spawned":[1,5,16,24,25,27,28,38,45],"killed_by":"Donu and Deca","ascension_level":0}