{"gold_per_floor":[111,186,61,61,61,61,77,100,100,100,100,100,135,0,0,120,183,196,117,117,142,24,24,45,68,68,68,30,30,5,5,5,128,128,146,0,0,125,0,0,40,40,40,40],"floor_reached":44,"playtime":1669,"items_purged":["Strike_G","Strike_G","Strike_G"],"score":556,"play_id":"a4475dd0-5598-4b62-b4c5-408693636f6b","local_time":"20190106114432","is_ascension_mode":true,"campfire_choices":[{"data":"Deadly Poison","floor":6,"key":"SMITH"},{"data":"Deadly Poison","floor":10,"key":"SMITH"},{"data":"Deadly Poison","floor":12,"key":"SMITH"},{"data":"Caltrops","floor":15,"key":"SMITH"},{"data":"Noxious Fumes","floor":23,"key":"SMITH"},{"floor":27,"key":"REST"},{"data":"Noxious Fumes","floor":32,"key":"SMITH"},{"data":"Noxious Fumes","floor":40,"key":"SMITH"}],"neow_cost":"NONE","seed_source_timestamp":27655616650018,"circlet_count":0,"master_deck":["Defend_G","Defend_G","Defend_G","Defend_G","Defend_G","Strike_G","Survivor","Neutralize+1","Deadly Poison+1","Deadly Poison+1","Deadly Poison+1","Infinite Blades","Caltrops+1","Quick Slash","Blade Dance+1","Infinite Blades","Backflip+1","Noxious Fumes+1","Backflip","Footwork","After Image","Noxious Fumes+1","Cloak And Dagger+1","Corpse Explosion+1","Dodge and Roll+1","Noxious Fumes+1","Acrobatics+1"],"relics":["Ring of the Snake","Anchor","Golden Idol","Kunai","Mercury Hourglass","Tiny House","Strawberry","Toxic Egg 2","Sozu","Red Mask","Prayer Wheel","Juzu Bracelet","Pantograph"],"potions_floor_usage":[18,18,25,25,42],"damage_taken":[{"damage":0,"enemies":"Jaw Worm","floor":1,"turns":4},{"damage":0,"enemies":"2 Louse","floor":7,"turns":2},{"damage":0,"enemies":"Small Slimes","floor":8,"turns":3},{"damage":9,"enemies":"3 Sentries","floor":13,"turns":10},{"damage":15,"enemies":"The Guardian","floor":16,"turns":7},{"damage":17,"enemies":"3 Byrds","floor":18,"turns":3},{"damage":15,"enemies":"Shell Parasite","floor":21,"turns":4},{"damage":12,"enemies":"Snake Plant","floor":24,"turns":4},{"damage":2,"enemies":"Cultist and Chosen","floor":25,"turns":5},{"damage":36,"enemies":"Automaton","floor":33,"turns":10},{"damage":24,"enemies":"Orb Walker","floor":35,"turns":4},{"damage":0,"enemies":"Mind Bloom Boss Battle","floor":38,"turns":6},{"damage":20,"enemies":"Giant Head","floor":41,"turns":8},{"damage":5,"enemies":"3 Darklings","floor":42,"turns":2},{"damage":18,"enemies":"Spire Growth","floor":44,"turns":3}],"seed_played":"2053977513857918424","potions_obtained":[{"floor":8,"key":"PowerPotion"},{"floor":16,"key":"SmokeBomb"},{"floor":17,"key":"Block Potion"},{"floor":18,"key":"Poison Potion"},{"floor":21,"key":"Block Potion"},{"floor":25,"key":"Dexterity Potion"}],"is_trial":false,"path_per_floor":["M","?","$","?","?","R","M","M","T","R","?","R","E","$","R","B",null,"M","$","?","M","$","R","M","M","T","R","$","?","$","?","R","B",null,"M","?","$","?","$","R","E","M","T","M"],"character_chosen":"THE_SILENT","items_purchased":["Deadly Poison","Caltrops","Infinite Blades","Noxious Fumes","Backflip","Noxious Fumes","Cloak And Dagger+1"],"campfire_rested":1,"item_purchase_floors":[3,14,19,22,22,28,30],"current_hp_per_floor":[63,52,52,35,58,58,58,58,58,58,58,58,49,49,49,34,66,49,49,49,34,34,34,22,20,27,51,51,51,51,51,51,15,65,41,41,41,41,41,41,21,16,16,0],"gold":40,"neow_bonus":"RANDOM_COMMON_RELIC","is_prod":false,"is_daily":false,"chose_seed":false,"campfire_upgraded":7,"win_rate":0,"timestamp":1546803872,"path_taken":["M","?","$","?","?","R","M","?","T","R","?","R","E","?","R","BOSS","M","$","?","M","?","R","M","?","T","R","$","?","?","?","R","BOSS","M","?","$","?","$","R","E","M","T","M"],"build_version":"2019-01-03v4","purchased_purges":3,"victory":false,"max_hp_per_floor":[70,70,70,70,70,70,70,70,70,70,70,70,70,70,70,70,75,75,75,75,75,75,75,75,75,82,82,82,82,82,82,82,82,82,82,82,82,82,82,82,82,82,82,82],"card_choices":[{"not_picked":["Flying Knee","Underhanded Strike"],"picked":"Deadly Poison","floor":1},{"not_picked":["Slice","Cloak And Dagger"],"picked":"Deadly Poison","floor":7},{"not_picked":["Slice","Dagger Spray","Deflect"],"picked":"SKIP","floor":8},{"not_picked":["Venomology","Masterful Stab"],"picked":"Infinite Blades","floor":13},{"not_picked":["Bane","Eviscerate"],"picked":"Quick Slash","floor":17},{"not_picked":["Deadly Poison","Cloak And Dagger"],"picked":"Blade Dance+1","floor":18},{"not_picked":["Dagger Throw","Quick Slash"],"picked":"Backflip+1","floor":21},{"not_picked":["Bane+1","Outmaneuver"],"picked":"Footwork","floor":24},{"not_picked":["Dagger Throw+1","Dodge and Roll"],"picked":"After Image","floor":25},{"not_picked":["A Thousand Cuts","Die Die Die"],"picked":"Corpse Explosion+1","floor":33},{"not_picked":["Outmaneuver+1","Poisoned Stab+1"],"picked":"Dodge and Roll+1","floor":35},{"not_picked":["Poisoned Stab+1","Heel Hook+1"],"picked":"Noxious Fumes","floor":38},{"not_picked":["Deflect+1","Outmaneuver+1"],"picked":"Acrobatics+1","floor":41}],"player_experience":281319,"relics_obtained":[{"floor":9,"key":"Kunai"},{"floor":13,"key":"Mercury Hourglass"},{"floor":26,"key":"Strawberry"},{"floor":38,"key":"Prayer Wheel"},{"floor":41,"key":"Juzu Bracelet"},{"floor":43,"key":"Pantograph"}],"event_choices":[{"damage_healed":0,"gold_gain":75,"player_choice":"Gather Gold","damage_taken":11,"max_hp_gain":0,"max_hp_loss":0,"event_name":"World of Goop","floor":2,"gold_loss":0},{"damage_healed":0,"gold_gain":0,"player_choice":"Take Damage","damage_taken":17,"relics_obtained":["Golden Idol"],"max_hp_gain":0,"max_hp_loss":0,"event_name":"Golden Idol","floor":4,"gold_loss":0},{"damage_healed":23,"gold_gain":0,"player_choice":"Banana","damage_taken":0,"max_hp_gain":0,"max_hp_loss":0,"event_name":"Big Fish","floor":5,"gold_loss":0},{"cards_removed":["Strike_G"],"damage_healed":0,"gold_gain":0,"player_choice":"Forget","damage_taken":0,"max_hp_gain":0,"max_hp_loss":0,"event_name":"Living Wall","floor":11,"gold_loss":0},{"damage_healed":0,"gold_gain":0,"player_choice":"Bought 0 Potions","damage_taken":0,"max_hp_gain":0,"max_hp_loss":0,"event_name":"The Woman in Blue","floor":20,"gold_loss":0},{"damage_healed":0,"gold_gain":0,"player_choice":"Gave Potion","damage_taken":0,"relics_obtained":["Toxic Egg 2"],"max_hp_gain":0,"max_hp_loss":0,"event_name":"WeMeetAgain","floor":29,"gold_loss":0},{"damage_healed":0,"gold_gain":0,"player_choice":"Ignored","damage_taken":0,"max_hp_gain":0,"max_hp_loss":0,"event_name":"Beggar","floor":31,"gold_loss":0},{"damage_healed":0,"gold_gain":0,"player_choice":"Paid","damage_taken":0,"relics_obtained":["Red Mask"],"max_hp_gain":0,"max_hp_loss":0,"event_name":"Tomb of Lord Red Mask","floor":36,"gold_loss":146},{"damage_healed":0,"gold_gain":0,"player_choice":"Fight","damage_taken":0,"max_hp_gain":0,"max_hp_loss":0,"event_name":"MindBloom","floor":38,"gold_loss":0}],"is_beta":false,"boss_relics":[{"not_picked":["Velvet Choker","White Beast Statue"],"picked":"Tiny House"},{"not_picked":["Ring of the Serpent","Eternal Feather"],"picked":"Sozu"}],"items_purged_floors":[3,14,39],"is_endless":false,"potions_floor_spawned":[8,16,18,21,25,35,38],"killed_by":"Spire Growth","ascension_level":6}