{"gold_per_floor":[118,137,155,68,143,168,181,106,106,141,106,132,132,149,149,253,253,273,24,42,42,42,42,68,68,68,102,113,145,145,155,155,257,257,272,147,147,161,11,11,11,39,118,138,152,152,5,5,5,5],"floor_reached":50,"playtime":3333,"items_purged":["Strike_R","Strike_R","Normality","Normality"],"score":842,"play_id":"a6e8cb11-18e6-428e-99cc-6f9a57c7cdaa","local_time":"20190119011419","is_ascension_mode":true,"campfire_choices":[{"floor":15.0,"key":"REST"},{"data":"Rampage","floor":23.0,"key":"SMITH"},{"data":"Offering","floor":25.0,"key":"SMITH"},{"floor":30,"key":"REST"},{"data":"Bash","floor":32,"key":"SMITH"},{"floor":40,"key":"REST"},{"floor":46,"key":"REST"},{"data":"Uppercut","floor":49,"key":"SMITH"}],"neow_cost":"NONE","seed_source_timestamp":0,"circlet_count":0,"master_deck":["Strike_R","Strike_R","Strike_R","Defend_R","Defend_R","Defend_R","Defend_R","Bash+1","Headbutt","Iron Wave","Iron Wave","Dramatic Entrance","Ghostly Armor","Intimidate","Anger","Uppercut+1","Rampage+1","Uppercut","Offering+1","Dropkick","Rampage","Spot Weakness+1","Pommel Strike","Corruption","Dual Wield+1","Feel No Pain","Havoc","Offering","Writhe","Havoc","Barricade","Inflame+1","Offering+1","Dropkick","Thunderclap+1","Feel No Pain","True Grit+1"],"special_seed":0,"relics":["Burning Blood","Centennial Puzzle","Lantern","Question Card","Regal Pillow","Dream Catcher","Mark of Pain","Bag of Preparation","Pear","Torii","Blood Vial","Peace Pipe","Calling Bell","Omamori","Sundial","Charon\u0027s Ashes","Red Skull","Mummified Hand","Oddly Smooth Stone"],"potions_floor_usage":[27,27,33,44,50,50],"damage_taken":[{"damage":0.0,"enemies":"Small Slimes","floor":1.0,"turns":4.0},{"damage":7.0,"enemies":"2 Louse","floor":2.0,"turns":3.0},{"damage":7.0,"enemies":"Jaw Worm","floor":3.0,"turns":2.0},{"damage":27.0,"enemies":"Lagavulin","floor":6.0,"turns":6.0},{"damage":0.0,"enemies":"Exordium Wildlife","floor":7.0,"turns":3.0},{"damage":15.0,"enemies":"Gremlin Nob","floor":10.0,"turns":4.0},{"damage":20.0,"enemies":"3 Sentries","floor":12.0,"turns":8.0},{"damage":11.0,"enemies":"Exordium Thugs","floor":14.0,"turns":5.0},{"damage":60.0,"enemies":"Hexaghost","floor":16.0,"turns":9.0},{"damage":6.0,"enemies":"3 Byrds","floor":18.0,"turns":4.0},{"damage":6.0,"enemies":"Shell Parasite","floor":20.0,"turns":3.0},{"damage":22.0,"enemies":"Slavers","floor":24.0,"turns":5.0},{"damage":4,"enemies":"Book of Stabbing","floor":27,"turns":3},{"damage":11,"enemies":"Shelled Parasite and Fungi","floor":28,"turns":4},{"damage":37,"enemies":"Gremlin Leader","floor":29,"turns":5},{"damage":7,"enemies":"Snecko","floor":31,"turns":4},{"damage":72,"enemies":"Champ","floor":33,"turns":9},{"damage":32,"enemies":"3 Shapes","floor":35,"turns":4},{"damage":21,"enemies":"3 Darklings","floor":38,"turns":5},{"damage":45,"enemies":"Giant Head","floor":42,"turns":6},{"damage":30,"enemies":"Sphere and 2 Shapes","floor":44,"turns":3},{"damage":12,"enemies":"Jaw Worm Horde","floor":45,"turns":3},{"damage":96,"enemies":"Time Eater","floor":50,"turns":9}],"seed_played":"-8075859423278007380","potions_obtained":[{"floor":0.0,"key":"FearPotion"},{"floor":0.0,"key":"SpeedPotion"},{"floor":0.0,"key":"Swift Potion"},{"floor":7.0,"key":"Weak Potion"},{"floor":10.0,"key":"Regen Potion"},{"floor":14.0,"key":"SteroidPotion"},{"floor":16.0,"key":"AttackPotion"},{"floor":18.0,"key":"Block Potion"},{"floor":24.0,"key":"FearPotion"},{"floor":29,"key":"Regen Potion"},{"floor":31,"key":"Fruit Juice"},{"floor":38,"key":"Explosive Potion"},{"floor":45,"key":"Fire Potion"}],"is_trial":false,"path_per_floor":["M","M","M","$","?","E","M","$","T","E","?","E","?","M","R","B",null,"M","$","M","?","?","R","E","R","T","E","M","E","R","M","R","B",null,"M","$","?","M","$","R","?","E","T","M","M","R","$","?","R","B"],"character_chosen":"IRONCLAD","items_purchased":["Dramatic Entrance","Bag of Preparation","Oddly Smooth Stone"],"campfire_rested":4,"item_purchase_floors":[4,19,47],"current_hp_per_floor":[78,77,76,76,65,44,50,50,50,41,61,62,55,50,80,26,67,67,67,67,67,67,67,61,61,61,63,60,31,73,74,74,15,75,51,51,51,38,38,81,81,44,44,31,27,70,70,94,94,0],"gold":5,"neow_bonus":"THREE_SMALL_POTIONS","is_prod":false,"is_daily":false,"chose_seed":false,"campfire_upgraded":4,"win_rate":0,"timestamp":1547849659,"path_taken":["M","M","M","$","?","E","M","$","T","E","?","E","?","M","R","BOSS","M","$","M","?","?","R","E","R","T","E","M","E","R","M","R","BOSS","M","$","?","M","$","R","?","E","T","?","M","R","?","?","R","BOSS"],"build_version":"2019-01-17v2","purchased_purges":4,"victory":false,"max_hp_per_floor":[80,80,80,80,80,80,80,80,80,80,80,80,80,80,80,80,80,80,80,80,80,80,80,90,90,90,90,90,90,90,90,90,95,95,95,95,95,95,95,95,95,95,95,95,95,95,95,95,95,95],"card_choices":[{"not_picked":["Sword Boomerang","Clash"],"picked":"Headbutt","floor":1.0},{"not_picked":["Perfected Strike","Thunderclap"],"picked":"Iron Wave","floor":2.0},{"not_picked":["Rage","Cleave"],"picked":"Iron Wave","floor":3.0},{"not_picked":["Feel No Pain","Bludgeon"],"picked":"Ghostly Armor","floor":6.0},{"not_picked":["Warcry","Rupture"],"picked":"Intimidate","floor":7.0},{"not_picked":["Sever Soul","Fiend Fire"],"picked":"Anger","floor":10.0},{"not_picked":["Anger","Warcry","Flex"],"picked":"Uppercut","floor":12.0},{"not_picked":["Cleave","Anger","Carnage"],"picked":"Rampage","floor":14.0},{"not_picked":["Armaments","Blood for Blood","Infernal Blade"],"picked":"Uppercut","floor":15.0},{"not_picked":["Impervious","Dark Embrace","Double Tap"],"picked":"Offering","floor":16.0},{"not_picked":["Rupture","Anger","Twin Strike"],"picked":"Dropkick","floor":18.0},{"not_picked":["Heavy Blade","Perfected Strike","True Grit+1","Twin Strike"],"picked":"SKIP","floor":20.0},{"not_picked":["Headbutt","Warcry","Sentinel"],"picked":"Spot Weakness+1","floor":24.0},{"not_picked":["Exhume","Fire Breathing","Combust"],"picked":"Pommel Strike","floor":27},{"not_picked":["Havoc","Cleave","Clash"],"picked":"Corruption","floor":28},{"not_picked":["Evolve+1","Limit Break","Clothesline"],"picked":"Dual Wield+1","floor":29},{"not_picked":["Cleave","Wild Strike","Clash+1"],"picked":"Feel No Pain","floor":30},{"not_picked":["Thunderclap","Blood for Blood+1","True Grit+1"],"picked":"Havoc","floor":31},{"not_picked":["Juggernaut","Brutality","Double Tap"],"picked":"Offering","floor":33},{"not_picked":["Perfected Strike+1","True Grit","Clash"],"picked":"Havoc","floor":35},{"not_picked":["Clash","Cleave","Anger+1"],"picked":"Barricade","floor":38},{"not_picked":["Fire Breathing+1","Thunderclap+1","Rampage+1"],"picked":"Inflame+1","floor":40},{"not_picked":["Corruption","Fire Breathing+1","Shrug It Off"],"picked":"Dropkick","floor":42},{"not_picked":["Combust","Clash","Hemokinesis+1"],"picked":"Thunderclap+1","floor":44},{"not_picked":["Wild Strike+1","Warcry","Havoc"],"picked":"Feel No Pain","floor":45},{"not_picked":["Warcry","Entrench","Clash+1"],"picked":"True Grit+1","floor":46}],"player_experience":60648,"relics_obtained":[{"floor":6.0,"key":"Centennial Puzzle"},{"floor":9.0,"key":"Lantern"},{"floor":10.0,"key":"Question Card"},{"floor":12.0,"key":"Regal Pillow"},{"floor":24.0,"key":"Pear"},{"floor":26.0,"key":"Torii"},{"floor":27,"key":"Blood Vial"},{"floor":29,"key":"Peace Pipe"},{"floor":34,"key":"Omamori"},{"floor":34,"key":"Sundial"},{"floor":34,"key":"Charon\u0027s Ashes"},{"floor":42,"key":"Red Skull"},{"floor":43,"key":"Mummified Hand"}],"event_choices":[{"damage_healed":0.0,"max_hp_gain":0.0,"max_hp_loss":0.0,"gold_gain":75.0,"event_name":"World of Goop","player_choice":"Gather Gold","floor":5.0,"gold_loss":0.0,"damage_taken":11.0},{"damage_healed":20.0,"max_hp_gain":0.0,"max_hp_loss":0.0,"gold_gain":0.0,"event_name":"The Cleric","player_choice":"Healed","floor":11.0,"gold_loss":35.0,"damage_taken":0.0},{"damage_healed":0.0,"max_hp_gain":0.0,"max_hp_loss":0.0,"gold_gain":0.0,"event_name":"Scrap Ooze","player_choice":"Success","floor":13.0,"gold_loss":0.0,"damage_taken":7.0,"relics_obtained":["Dream Catcher"]},{"damage_healed":0.0,"max_hp_gain":0.0,"max_hp_loss":0.0,"gold_gain":0.0,"event_name":"The Library","player_choice":"Read","floor":21.0,"gold_loss":0.0,"damage_taken":0.0,"cards_obtained":["Rampage"]},{"damage_healed":0.0,"max_hp_gain":0.0,"max_hp_loss":0.0,"gold_gain":0.0,"event_name":"Beggar","player_choice":"Ignored","floor":22.0,"gold_loss":0.0,"damage_taken":0.0},{"damage_healed":0,"gold_gain":0,"player_choice":"Ignored","damage_taken":0,"max_hp_gain":0,"max_hp_loss":0,"event_name":"Tomb of Lord Red Mask","floor":37,"gold_loss":0},{"damage_healed":0,"gold_gain":0,"player_choice":"Copied","damage_taken":0,"max_hp_gain":0,"max_hp_loss":0,"event_name":"Duplicator","floor":41,"gold_loss":0,"cards_obtained":["Offering"]},{"damage_healed":24,"gold_gain":0,"player_choice":"Writhe","damage_taken":0,"max_hp_gain":0,"max_hp_loss":0,"event_name":"Winding Halls","floor":48,"gold_loss":0,"cards_obtained":["Writhe"]}],"is_beta":false,"boss_relics":[{"not_picked":["Astrolabe","Runic Dome"],"picked":"Mark of Pain"},{"not_picked":["Empty Cage","Lizard Tail"],"picked":"Calling Bell"}],"items_purged_floors":[8,19,36,39],"is_endless":false,"potions_floor_spawned":[3,7,10,14,16,18,24,29,31,38,45],"killed_by":"Time Eater","ascension_level":9}