{"gold_per_floor":[119,44,44,144,155,155,187,198,198,62,87,87,112,12,12,107,107,126,176,21,21,49,49,79,79,161,186,204,232,246,274,274,376,376,388,406,406,418,7,7,38,38,38,38,65,65,65,65,65,65],"floor_reached":51,"playtime":3511,"items_purged":["Strike_R","Defend_R","Defend_R"],"score":1007,"play_id":"8bcead4f-6500-415a-a276-d759d9327dbf","local_time":"20190113165905","is_ascension_mode":true,"campfire_choices":[{"data":"Spot Weakness","floor":6.0,"key":"SMITH"},{"data":"Pommel Strike","floor":15.0,"key":"SMITH"},{"data":"Metallicize","floor":23.0,"key":"SMITH"},{"data":"Limit Break","floor":25.0,"key":"SMITH"},{"data":"Pommel Strike","floor":32.0,"key":"SMITH"},{"data":"Secret Technique","floor":40,"key":"SMITH"},{"floor":42,"key":"REST"},{"data":"Bash","floor":44,"key":"SMITH"},{"data":"Metallicize","floor":46,"key":"SMITH"},{"data":"Shrug It Off","floor":49,"key":"SMITH"}],"neow_cost":"NONE","seed_source_timestamp":0,"circlet_count":0,"master_deck":["Strike_R","Strike_R","Strike_R","Defend_R","Defend_R","Bash+1","Spot Weakness+1","Spot Weakness","Anger","Limit Break+1","Pommel Strike+1","Metallicize+1","Feed","Body Slam+1","Shrug It Off+1","Shrug It Off+1","Anger","Dropkick+1","Offering+1","Pommel Strike+1","Shrug It Off+1","Heavy Blade+1","Heavy Blade+1","Secret Technique+1","Ghostly Armor+1","Pommel Strike+1","Dramatic Entrance","Metallicize+1"],"special_seed":0,"relics":["Burning Blood","NeowsBlessing","Shuriken","Centennial Puzzle","Lantern","Orichalcum","Sozu","Vajra","Red Mask","Anchor","Question Card","Prayer Wheel","Thread and Needle","PreservedInsect","Lizard Tail","Toolbox","Dodecahedron","Mercury Hourglass","Pear"],"potions_floor_usage":[],"damage_taken":[{"damage":0.0,"enemies":"Cultist","floor":1.0,"turns":1.0},{"damage":0.0,"enemies":"Small Slimes","floor":5.0,"turns":1.0},{"damage":0.0,"enemies":"Gremlin Nob","floor":7.0,"turns":1.0},{"damage":9.0,"enemies":"2 Louse","floor":8.0,"turns":3.0},{"damage":31.0,"enemies":"Lagavulin","floor":11.0,"turns":5.0},{"damage":11.0,"enemies":"3 Sentries","floor":13.0,"turns":5.0},{"damage":25.0,"enemies":"Slime Boss","floor":16.0,"turns":9.0},{"damage":4.0,"enemies":"Chosen","floor":18.0,"turns":3.0},{"damage":5.0,"enemies":"Masked Bandits","floor":22.0,"turns":3.0},{"damage":12.0,"enemies":"Book of Stabbing","floor":24.0,"turns":3.0},{"damage":11.0,"enemies":"Slavers","floor":27.0,"turns":5.0},{"damage":13.0,"enemies":"3 Byrds","floor":28.0,"turns":4.0},{"damage":13.0,"enemies":"Book of Stabbing","floor":29.0,"turns":5.0},{"damage":0.0,"enemies":"Cultist and Chosen","floor":30.0,"turns":3.0},{"damage":13.0,"enemies":"Gremlin Leader","floor":31.0,"turns":5.0},{"damage":6.0,"enemies":"Automaton","floor":33.0,"turns":5.0},{"damage":17.0,"enemies":"3 Darklings","floor":35.0,"turns":4.0},{"damage":18.0,"enemies":"3 Shapes","floor":36.0,"turns":5.0},{"damage":6.0,"enemies":"3 Darklings","floor":38.0,"turns":3.0},{"damage":6,"enemies":"Giant Head","floor":41,"turns":5},{"damage":0,"enemies":"Nemesis","floor":45,"turns":3},{"damage":17,"enemies":"Donu and Deca","floor":50,"turns":5}],"seed_played":"4683071800889126107","potions_obtained":[{"floor":5.0,"key":"Dexterity Potion"},{"floor":7.0,"key":"SpeedPotion"},{"floor":16.0,"key":"SkillPotion"}],"is_trial":false,"path_per_floor":["M","$","$","?","M","R","E","M","T","$","E","?","E","$","R","B",null,"M","?","$","?","?","R","E","R","T","E","M","E","M","E","R","B",null,"M","M","?","M","$","R","E","R","T","R","E","R","?","?","R","B",null],"character_chosen":"IRONCLAD","items_purchased":["Limit Break","Vajra","Dramatic Entrance","Toolbox"],"campfire_rested":1,"item_purchase_floors":[10,20,39,39],"current_hp_per_floor":[80,80,80,80,80,80,80,77,77,77,52,52,47,47,47,28,80,80,80,80,80,83,83,80,80,80,75,71,64,70,63,63,63,89,78,66,66,66,66,66,66,89,89,89,99,99,94,94,94,83],"gold":65,"neow_bonus":"THREE_ENEMY_KILL","is_prod":false,"is_daily":false,"chose_seed":false,"campfire_upgraded":9,"win_rate":0,"timestamp":1547387945,"path_taken":["M","?","$","?","M","R","E","?","T","$","E","?","E","$","R","BOSS","M","?","?","?","?","R","E","R","T","E","M","E","M","E","R","BOSS","M","M","?","M","$","R","E","R","T","R","E","R","?","?","R","BOSS"],"build_version":"2019-01-10","purchased_purges":3,"victory":true,"max_hp_per_floor":[80,80,80,80,80,80,80,80,80,80,80,80,80,80,80,80,80,80,80,80,80,83,83,86,86,86,86,89,89,89,89,89,89,89,89,89,89,89,89,89,89,89,89,89,99,99,94,94,94,94],"card_choices":[{"not_picked":["Armaments","Rupture","Sever Soul"],"picked":"SKIP","floor":1.0},{"not_picked":["Rage","Shockwave"],"picked":"Spot Weakness","floor":5.0},{"not_picked":["Immolate","Ghostly Armor"],"picked":"Spot Weakness","floor":7.0},{"not_picked":["Headbutt","Cleave"],"picked":"Anger","floor":8.0},{"not_picked":["Reckless Charge","Thunderclap"],"picked":"Pommel Strike","floor":11.0},{"not_picked":["Blood for Blood","Battle Trance"],"picked":"Metallicize","floor":13.0},{"not_picked":["Reaper","Juggernaut"],"picked":"Feed","floor":16.0},{"not_picked":["Sword Boomerang","Whirlwind+1"],"picked":"Body Slam+1","floor":18.0},{"not_picked":["Wild Strike","Headbutt"],"picked":"Shrug It Off","floor":22.0},{"not_picked":["Feed","Combust+1"],"picked":"Shrug It Off+1","floor":24.0},{"not_picked":["True Grit+1","Corruption","Headbutt","Wild Strike"],"picked":"SKIP","floor":27.0},{"not_picked":["True Grit+1","Flex","Shockwave"],"picked":"Anger","floor":28.0},{"not_picked":["Sever Soul","True Grit+1","Perfected Strike"],"picked":"Dropkick+1","floor":28.0},{"not_picked":["Dropkick","Uppercut","Body Slam"],"picked":"Offering","floor":29.0},{"not_picked":["Dual Wield+1","Combust+1","Flex"],"picked":"Pommel Strike","floor":30.0},{"not_picked":["Perfected Strike","Flex+1","Warcry","Sword Boomerang"],"picked":"SKIP","floor":30.0},{"not_picked":["Anger","Wild Strike","Feel No Pain"],"picked":"Shrug It Off+1","floor":31.0},{"not_picked":["Clothesline+1","Feel No Pain+1","Clash"],"picked":"Heavy Blade+1","floor":35.0},{"not_picked":["Clothesline","Perfected Strike+1","Flex+1","Body Slam"],"picked":"SKIP","floor":35.0},{"not_picked":["Pommel Strike","Ghostly Armor+1","Warcry"],"picked":"Heavy Blade+1","floor":36.0},{"not_picked":["Intimidate","Heavy Blade","Wild Strike","Warcry+1"],"picked":"SKIP","floor":36.0},{"not_picked":["Dark Shackles","Forethought","Chrysalis"],"picked":"Secret Technique","floor":37.0},{"not_picked":["Infernal Blade+1","Iron Wave","Body Slam"],"picked":"Ghostly Armor+1","floor":38.0},{"not_picked":["Flex+1","Entrench","Clothesline"],"picked":"Pommel Strike+1","floor":38.0},{"not_picked":["Rampage+1","Clothesline+1","Double Tap","Reckless Charge+1"],"picked":"SKIP","floor":41},{"not_picked":["Iron Wave","Carnage","Dropkick+1"],"picked":"Metallicize","floor":45}],"player_experience":22202,"relics_obtained":[{"floor":7.0,"key":"Shuriken"},{"floor":9.0,"key":"Centennial Puzzle"},{"floor":11.0,"key":"Lantern"},{"floor":13.0,"key":"Orichalcum"},{"floor":22.0,"key":"Red Mask"},{"floor":24.0,"key":"Anchor"},{"floor":26.0,"key":"Question Card"},{"floor":27.0,"key":"Prayer Wheel"},{"floor":29.0,"key":"Thread and Needle"},{"floor":31.0,"key":"PreservedInsect"},{"floor":41,"key":"Dodecahedron"},{"floor":43,"key":"Mercury Hourglass"},{"floor":45,"key":"Pear"}],"event_choices":[{"damage_healed":0.0,"max_hp_gain":0.0,"max_hp_loss":0.0,"gold_gain":100.0,"event_name":"Golden Shrine","player_choice":"Pray","floor":4.0,"gold_loss":0.0,"damage_taken":0.0},{"cards_removed":["Strike_R"],"damage_healed":0.0,"max_hp_gain":0.0,"max_hp_loss":0.0,"gold_gain":0.0,"event_name":"Living Wall","player_choice":"Forget","floor":12.0,"gold_loss":0.0,"damage_taken":0.0},{"damage_healed":0.0,"max_hp_gain":0.0,"max_hp_loss":0.0,"gold_gain":100.0,"event_name":"The Joust","player_choice":"Bet on Murderer","floor":19.0,"gold_loss":50.0,"damage_taken":0.0},{"damage_healed":0.0,"max_hp_gain":0.0,"max_hp_loss":0.0,"gold_gain":0.0,"event_name":"Beggar","player_choice":"Ignored","floor":21.0,"gold_loss":0.0,"damage_taken":0.0},{"damage_healed":0.0,"max_hp_gain":0.0,"max_hp_loss":0.0,"gold_gain":0.0,"event_name":"Masked Bandits","player_choice":"Fought Bandits","floor":22.0,"gold_loss":0.0,"damage_taken":0.0},{"damage_healed":0.0,"max_hp_gain":0.0,"max_hp_loss":0.0,"gold_gain":0.0,"event_name":"SensoryStone","player_choice":"Memory 1","floor":37.0,"gold_loss":0.0,"damage_taken":0.0},{"damage_healed":0,"gold_gain":0,"player_choice":"Max HP","damage_taken":0,"max_hp_gain":0,"max_hp_loss":5,"event_name":"Winding Halls","floor":47,"gold_loss":0},{"damage_healed":0,"gold_gain":0,"player_choice":"Forge","damage_taken":0,"max_hp_gain":0,"max_hp_loss":0,"event_name":"Accursed Blacksmith","floor":48,"gold_loss":0,"cards_upgraded":["Offering"]}],"is_beta":false,"boss_relics":[{"not_picked":["Cursed Key","Eternal Feather"],"picked":"Sozu"},{"not_picked":["Snecko Eye","Velvet Choker"],"picked":"Lizard Tail"}],"items_purged_floors":[2,14,39],"is_endless":false,"potions_floor_spawned":[5,7,16,18,27,35,41,45],"ascension_level":2}