{"gold_per_floor":[113,7,82,107,121,148,159,159,159,52,52,81,24,52,52,126,126,146,146,161,161,161,195,209,209,209,72,107,123,123,136,136,207,207,218,25,79,94,16,45,45,75,75,75,75,100,50,62,62,62],"floor_reached":51,"playtime":9633,"items_purged":["Strike_R","Strike_R+1","Strike_R+1"],"score":1422,"play_id":"db557447-ef50-48fd-ab9f-33f493f7bf57","local_time":"20190206144701","is_ascension_mode":true,"campfire_choices":[{"floor":15.0,"key":"REST"},{"floor":25.0,"key":"REST"},{"floor":32.0,"key":"REST"},{"data":"Battle Trance","floor":41,"key":"SMITH"},{"data":"Barricade","floor":44,"key":"SMITH"},{"floor":49,"key":"REST"}],"neow_cost":"NONE","seed_source_timestamp":0,"circlet_count":0,"master_deck":["AscendersBane","Strike_R+1","Strike_R+1","Defend_R+1","Defend_R+1","Defend_R+1","Defend_R+1","Bash","Shrug It Off","Trip","Spot Weakness+1","Inflame","Body Slam+1","Corruption","Shrug It Off","Havoc","Barricade+1","Entrench","Body Slam+1","Pommel Strike+1","Battle Trance+1","Intimidate","Power Through","Burning Pact","Heavy Blade+1","Impervious","Iron Wave+1","Feel No Pain","Flash of Steel+1","Body Slam+1","Disarm","Shrug It Off","Warcry","Pommel Strike+1","Pommel Strike+1","Flash of Steel+1","Thinking Ahead","Limit Break","Havoc+1"],"special_seed":0,"relics":["Burning Blood","Smiling Mask","Anchor","Molten Egg 2","Red Skull","Darkstone Periapt","Mark of Pain","Art of War","Ginger","Matryoshka","Nloth\u0027s Gift","Runic Dome","Unceasing Top","Bronze Scales","Omamori","Strawberry","Pear","Kunai"],"potions_floor_usage":[33,37,42,46,50],"damage_taken":[{"damage":9.0,"enemies":"Jaw Worm","floor":1.0,"turns":4.0},{"damage":0.0,"enemies":"Small Slimes","floor":5.0,"turns":4.0},{"damage":60.0,"enemies":"Lagavulin","floor":6.0,"turns":8.0},{"damage":0.0,"enemies":"Cultist","floor":7.0,"turns":3.0},{"damage":26.0,"enemies":"Gremlin Nob","floor":12.0,"turns":4.0},{"damage":9.0,"enemies":"3 Sentries","floor":14.0,"turns":5.0},{"damage":66.0,"enemies":"Slime Boss","floor":16.0,"turns":12.0},{"damage":27.0,"enemies":"Spheric Guardian","floor":18.0,"turns":5.0},{"damage":7.0,"enemies":"2 Thieves","floor":20.0,"turns":4.0},{"damage":20.0,"enemies":"Slavers","floor":23.0,"turns":6.0},{"damage":2.0,"enemies":"Shelled Parasite and Fungi","floor":24.0,"turns":3.0},{"damage":20.0,"enemies":"Book of Stabbing","floor":28.0,"turns":5.0},{"damage":7.0,"enemies":"Centurion and Healer","floor":29.0,"turns":5.0},{"damage":20.0,"enemies":"Chosen and Byrds","floor":31.0,"turns":6.0},{"damage":31,"enemies":"Collector","floor":33,"turns":7},{"damage":0,"enemies":"3 Shapes","floor":35,"turns":5},{"damage":36,"enemies":"2 Orb Walkers","floor":37,"turns":5},{"damage":5,"enemies":"Orb Walker","floor":38,"turns":3},{"damage":2,"enemies":"Giant Head","floor":40,"turns":7},{"damage":32,"enemies":"Nemesis","floor":42,"turns":7},{"damage":14,"enemies":"Reptomancer","floor":46,"turns":5},{"damage":0,"enemies":"Spire Growth","floor":48,"turns":2},{"damage":59,"enemies":"Donu and Deca","floor":50,"turns":7}],"seed_played":"7506340734213742963","potions_obtained":[{"floor":6.0,"key":"Regen Potion"},{"floor":12.0,"key":"Regen Potion"},{"floor":14.0,"key":"Strength Potion"},{"floor":23.0,"key":"Dexterity Potion"},{"floor":31.0,"key":"Strength Potion"},{"floor":33,"key":"Regen Potion"},{"floor":35,"key":"Swift Potion"},{"floor":38,"key":"Explosive Potion"},{"floor":46,"key":"Fire Potion"}],"is_trial":false,"path_per_floor":["M","$","?","T","M","E","M","?","T","$","?","E","$","E","R","B",null,"M","?","M","?","T","E","M","R","T","$","E","M","?","M","R","B",null,"M","$","?","M","$","E","R","E","T","R","?","E","$","M","R","B",null],"character_chosen":"IRONCLAD","items_purchased":["Trip","Body Slam+1","Shrug It Off","Power Through","Feel No Pain","Flash of Steel+1","Shrug It Off","Warcry"],"campfire_rested":4,"item_purchase_floors":[2,10,13,27,36,36,39,39],"current_hp_per_floor":[72,72,61,61,67,13,28,28,28,28,55,35,35,46,70,10,64,43,43,42,42,42,28,32,56,56,56,42,41,41,27,51,26,68,74,74,44,45,45,49,49,38,55,55,45,37,37,43,72,19],"gold":62,"neow_bonus":"TEN_PERCENT_HP_BONUS","is_prod":false,"is_daily":false,"chose_seed":false,"campfire_upgraded":2,"win_rate":0,"timestamp":1549460821,"path_taken":["M","$","?","?","M","E","M","?","T","?","?","E","$","E","R","BOSS","M","?","?","?","?","E","M","R","T","$","E","M","?","M","R","BOSS","M","?","?","M","$","E","R","E","T","R","?","E","?","M","R","BOSS"],"build_version":"2019-01-23","purchased_purges":3,"victory":true,"max_hp_per_floor":[82,82,82,82,82,82,82,82,82,82,82,82,82,82,82,82,82,82,82,82,82,82,82,82,82,82,82,82,82,82,82,82,82,82,82,82,82,82,82,82,82,82,99,99,99,99,99,99,99,99],"card_choices":[{"not_picked":["Wild Strike","Flame Barrier"],"picked":"Shrug It Off","floor":1.0},{"not_picked":["Armaments","Warcry"],"picked":"Spot Weakness","floor":5.0},{"not_picked":["Bloodletting","Dark Embrace","Armaments"],"picked":"SKIP","floor":6.0},{"not_picked":["Evolve","Shrug It Off"],"picked":"Inflame","floor":7.0},{"not_picked":["Battle Trance","Armaments"],"picked":"Corruption","floor":12.0},{"not_picked":["Clothesline+1","Carnage+1"],"picked":"Havoc","floor":14.0},{"not_picked":["Fiend Fire+1","Bludgeon+1"],"picked":"Barricade","floor":16.0},{"not_picked":["Blood for Blood+1","Headbutt+1"],"picked":"Entrench","floor":18.0},{"not_picked":["Clash+1","Twin Strike+1"],"picked":"Pommel Strike+1","floor":20.0},{"not_picked":["Ghostly Armor","Intimidate+1"],"picked":"Battle Trance","floor":23.0},{"not_picked":["Uppercut+1","Entrench"],"picked":"Intimidate","floor":24.0},{"not_picked":["Reckless Charge+1","True Grit","Hemokinesis+1"],"picked":"SKIP","floor":28.0},{"not_picked":["Shockwave","Perfected Strike+1"],"picked":"Burning Pact","floor":29.0},{"not_picked":["Havoc","Perfected Strike+1"],"picked":"Heavy Blade+1","floor":31.0},{"not_picked":["Reaper+1","Feed+1"],"picked":"Impervious","floor":33},{"not_picked":["Sword Boomerang+1","Power Through"],"picked":"Iron Wave+1","floor":35},{"not_picked":["Limit Break","Flex"],"picked":"Body Slam+1","floor":37},{"not_picked":["Sword Boomerang+1","Clothesline+1"],"picked":"Disarm","floor":38},{"not_picked":["Dual Wield","Havoc"],"picked":"Pommel Strike+1","floor":40},{"not_picked":["Thunderclap+1","Corruption"],"picked":"Pommel Strike+1","floor":42},{"not_picked":["Bandage Up","Finesse"],"picked":"Flash of Steel+1","floor":45},{"not_picked":["Purity","Blind"],"picked":"Thinking Ahead","floor":45},{"not_picked":["Warcry","Perfected Strike+1"],"picked":"Limit Break","floor":46},{"not_picked":["Bloodletting","Berserk"],"picked":"Havoc+1","floor":48}],"player_experience":177410,"relics_obtained":[{"floor":4.0,"key":"Smiling Mask"},{"floor":6.0,"key":"Anchor"},{"floor":9.0,"key":"Molten Egg 2"},{"floor":12.0,"key":"Red Skull"},{"floor":14.0,"key":"Darkstone Periapt"},{"floor":22.0,"key":"Calipers"},{"floor":23.0,"key":"Art of War"},{"floor":26.0,"key":"Ginger"},{"floor":28.0,"key":"Matryoshka"},{"floor":37,"key":"Unceasing Top"},{"floor":40,"key":"Bronze Scales"},{"floor":42,"key":"Omamori"},{"floor":43,"key":"Strawberry"},{"floor":43,"key":"Pear"},{"floor":46,"key":"Kunai"}],"event_choices":[{"damage_healed":0.0,"max_hp_gain":0.0,"max_hp_loss":0.0,"gold_gain":75.0,"event_name":"World of Goop","player_choice":"Gather Gold","floor":3.0,"gold_loss":0.0,"damage_taken":11.0},{"damage_healed":0.0,"max_hp_gain":0.0,"max_hp_loss":0.0,"gold_gain":0.0,"event_name":"Living Wall","player_choice":"Grow","floor":8.0,"gold_loss":0.0,"damage_taken":0.0,"cards_upgraded":["Spot Weakness"]},{"damage_healed":27.0,"max_hp_gain":0.0,"max_hp_loss":0.0,"gold_gain":0.0,"event_name":"Big Fish","player_choice":"Banana","floor":11.0,"gold_loss":0.0,"damage_taken":0.0},{"damage_healed":0.0,"max_hp_gain":0.0,"max_hp_loss":0.0,"gold_gain":0.0,"event_name":"Duplicator","player_choice":"Copied","floor":19.0,"gold_loss":0.0,"damage_taken":0.0,"cards_obtained":["Body Slam"]},{"damage_healed":0.0,"max_hp_gain":0.0,"max_hp_loss":0.0,"gold_gain":0.0,"event_name":"Back to Basics","player_choice":"Simplicity","floor":21.0,"gold_loss":0.0,"damage_taken":0.0,"cards_upgraded":["Strike_R","Strike_R","Strike_R","Strike_R","Defend_R","Defend_R","Defend_R","Defend_R"]},{"damage_healed":0.0,"max_hp_gain":0.0,"max_hp_loss":0.0,"gold_gain":0.0,"event_name":"N\u0027loth","player_choice":"Traded Relic","floor":30.0,"relics_lost":["Calipers"],"gold_loss":0.0,"damage_taken":0.0,"relics_obtained":["Nloth\u0027s Gift"]},{"damage_healed":0,"gold_gain":0,"player_choice":"Fight","damage_taken":0,"max_hp_gain":0,"max_hp_loss":0,"event_name":"Mysterious Sphere","floor":37,"gold_loss":0},{"damage_healed":0,"gold_gain":0,"player_choice":"Memory 3","damage_taken":10,"max_hp_gain":0,"max_hp_loss":0,"event_name":"SensoryStone","floor":45,"gold_loss":0}],"is_beta":false,"boss_relics":[{"not_picked":["Coffee Dripper","Pandora\u0027s Box"],"picked":"Mark of Pain"},{"not_picked":["Black Blood","Velvet Choker"],"picked":"Runic Dome"}],"items_purged_floors":[10,27,47],"is_endless":false,"potions_floor_spawned":[6,12,14,23,31,33,35,38,46],"ascension_level":16}