{"gold_per_floor":[111,111,61,74,74,74,90,147,172,172,206,3,14,34,34,139,139,149,149,167,1,1,1,18,34,57,92,92,122,35,52,52,153,153,164,264,264,0,0,0,0,0,0,10,28,55,14,42,42,42],"floor_reached":51,"playtime":4030,"items_purged":["Strike_B","Strike_B+1"],"score":926,"play_id":"6f9dacf4-5c52-466e-82d7-8e3ab0bbe49b","local_time":"20190313205037","is_ascension_mode":true,"campfire_choices":[{"data":"White Noise","floor":6,"key":"SMITH"},{"data":"Zap","floor":10,"key":"SMITH"},{"floor":15,"key":"REST"},{"data":"White Noise","floor":23,"key":"SMITH"},{"data":"Buffer","floor":28,"key":"SMITH"},{"floor":32,"key":"REST"},{"data":"Defragment","floor":40,"key":"SMITH"},{"data":"Double Energy","floor":49,"key":"SMITH"}],"neow_cost":"NONE","seed_source_timestamp":34749827432133,"circlet_count":0,"master_deck":["Defend_B","Defend_B+1","Defend_B","Defend_B","Zap+1","Dualcast","White Noise+1","Storm+1","Ball Lightning","Electrodynamics","Redo","FTL","Loop+1","White Noise+1","Go for the Eyes","Sweeping Beam","Buffer+1","Regret","Stack","Storm","Chill","Seek","Hologram+1","Dark Shackles","Master of Strategy","Secret Technique","Defragment+1","Writhe","Decay","Double Energy+1","Hologram+1","Tempest","Storm","Coolheaded+1"],"relics":["Cracked Core","NeowsBlessing","Tiny Chest","Centennial Puzzle","Sundial","Membership Card","Cursed Key","DataDisk","Strawberry","Gambling Chip","Mango","Black Star","Girya","Lee\u0027s Waffle","Matryoshka","Red Mask","Bottled Tornado","Ornamental Fan","Orichalcum","Question Card","Omamori","Anchor","PreservedInsect","Lantern"],"potions_floor_usage":[8,24,24,27],"damage_taken":[{"damage":0,"enemies":"Cultist","floor":1,"turns":1},{"damage":0,"enemies":"Jaw Worm","floor":4,"turns":1},{"damage":0,"enemies":"Small Slimes","floor":7,"turns":1},{"damage":8,"enemies":"Gremlin Nob","floor":8,"turns":3},{"damage":7,"enemies":"Lagavulin","floor":11,"turns":4},{"damage":7,"enemies":"2 Fungi Beasts","floor":13,"turns":2},{"damage":1,"enemies":"Red Slaver","floor":14,"turns":2},{"damage":43,"enemies":"Hexaghost","floor":16,"turns":5},{"damage":7,"enemies":"Shell Parasite","floor":18,"turns":4},{"damage":3,"enemies":"Spheric Guardian","floor":20,"turns":3},{"damage":0,"enemies":"Snake Plant","floor":24,"turns":2},{"damage":0,"enemies":"Snecko","floor":25,"turns":2},{"damage":27,"enemies":"Gremlin Leader","floor":27,"turns":3},{"damage":34,"enemies":"Slavers","floor":29,"turns":2},{"damage":0,"enemies":"3 Cultists","floor":31,"turns":2},{"damage":10,"enemies":"Champ","floor":33,"turns":5},{"damage":9,"enemies":"3 Shapes","floor":35,"turns":2},{"damage":25,"enemies":"Mind Bloom Boss Battle","floor":36,"turns":6},{"damage":0,"enemies":"Orb Walker","floor":44,"turns":2},{"damage":0,"enemies":"Transient","floor":45,"turns":5},{"damage":0,"enemies":"Nemesis","floor":46,"turns":7},{"damage":0,"enemies":"Reptomancer","floor":48,"turns":3},{"damage":35,"enemies":"Time Eater","floor":50,"turns":9}],"seed_played":"987137005805090591","potions_obtained":[{"floor":4,"key":"SpeedPotion"},{"floor":7,"key":"AttackPotion"},{"floor":16,"key":"FocusPotion"},{"floor":20,"key":"EssenceOfSteel"},{"floor":24,"key":"Strength Potion"},{"floor":27,"key":"FairyPotion"},{"floor":35,"key":"Fire Potion"},{"floor":45,"key":"EssenceOfSteel"},{"floor":46,"key":"PowerPotion"}],"is_trial":false,"path_per_floor":["M","?","?","M","?","R","M","E","T","R","E","$","M","M","R","B",null,"M","?","M","$","$","R","M","M","T","E","R","E","$","M","R","B",null,"M","?","?","$","?","R","$","T","T","M","M","E","$","E","R","B",null],"character_chosen":"DEFECT","items_purchased":["Membership Card","DataDisk","White Noise","Go for the Eyes","Storm","Lee\u0027s Waffle","Defragment","Matryoshka","Storm"],"campfire_rested":2,"item_purchase_floors":[12,21,21,21,30,38,38,38,47],"current_hp_per_floor":[75,60,60,60,60,60,60,52,52,52,45,45,38,37,59,16,75,68,68,65,65,65,65,65,65,72,45,45,25,25,25,53,43,96,87,62,52,103,103,103,103,103,103,103,103,103,103,103,103,68],"gold":42,"neow_bonus":"THREE_ENEMY_KILL","is_prod":false,"is_daily":false,"chose_seed":false,"campfire_upgraded":6,"win_rate":0,"timestamp":1552499437,"path_taken":["M","?","?","M","?","R","M","E","T","R","E","$","M","M","R","BOSS","M","?","?","?","$","R","M","M","T","E","R","E","$","M","R","BOSS","M","?","?","?","?","R","$","?","T","M","M","E","?","E","R","BOSS"],"build_version":"2019-01-23","purchased_purges":2,"victory":true,"max_hp_per_floor":[75,75,75,75,75,75,75,75,75,75,75,75,75,75,75,75,75,75,75,75,75,75,75,75,75,82,82,82,96,96,96,96,96,96,96,96,96,103,103,103,103,103,103,103,103,103,103,103,103,103],"card_choices":[{"not_picked":["Stack","Glacier"],"picked":"White Noise","floor":1},{"not_picked":["Loop","Rip and Tear"],"picked":"Storm","floor":4},{"not_picked":["Beam Cell","Turbo"],"picked":"Ball Lightning","floor":7},{"not_picked":["All For One","Force Field"],"picked":"Electrodynamics","floor":8},{"not_picked":["Turbo","Streamline"],"picked":"Redo","floor":11},{"not_picked":["Rebound","Ball Lightning","Rip and Tear"],"picked":"SKIP","floor":13},{"not_picked":["Cold Snap","Barrage"],"picked":"FTL","floor":14},{"not_picked":["Beam Cell+1","Stack","Streamline"],"picked":"SKIP","floor":18},{"not_picked":["Scrape","Sweeping Beam"],"picked":"Loop+1","floor":20},{"not_picked":["Turbo","Skim"],"picked":"Sweeping Beam","floor":24},{"not_picked":["Sunder","Reinforced Body"],"picked":"Buffer","floor":25},{"not_picked":["Rebound","Steam"],"picked":"Stack","floor":27},{"not_picked":["Undo","Redo","Biased Cognition"],"picked":"SKIP","floor":29},{"not_picked":["Barrage","Stack"],"picked":"Chill","floor":31},{"not_picked":["Thunder Strike","Meteor Strike"],"picked":"Seek","floor":33},{"not_picked":["Go for the Eyes+1","Chaos+1"],"picked":"Hologram+1","floor":35},{"not_picked":["Impatience","Trip"],"picked":"Dark Shackles","floor":37},{"not_picked":["Trip","Flash of Steel"],"picked":"Master of Strategy","floor":37},{"not_picked":["Chrysalis","Jack Of All Trades"],"picked":"Secret Technique","floor":37},{"not_picked":["Turbo","Ball Lightning","Chaos+1"],"picked":"Double Energy","floor":44},{"not_picked":["Rebound+1","Cold Snap","Ball Lightning+1"],"picked":"Hologram+1","floor":45},{"not_picked":["Self Repair+1","Skim","Ball Lightning+1"],"picked":"Tempest","floor":46},{"not_picked":["Compile Driver+1","Steam Power+1","Tempest+1"],"picked":"Coolheaded+1","floor":48}],"player_experience":328054,"relics_obtained":[{"floor":8,"key":"Tiny Chest"},{"floor":9,"key":"Centennial Puzzle"},{"floor":11,"key":"Sundial"},{"floor":26,"key":"Strawberry"},{"floor":27,"key":"Gambling Chip"},{"floor":29,"key":"Mango"},{"floor":36,"key":"Girya"},{"floor":42,"key":"Bottled Tornado"},{"floor":42,"key":"Ornamental Fan"},{"floor":43,"key":"Orichalcum"},{"floor":43,"key":"Question Card"},{"floor":46,"key":"Omamori"},{"floor":46,"key":"Anchor"},{"floor":48,"key":"PreservedInsect"},{"floor":48,"key":"Lantern"}],"event_choices":[{"damage_healed":0,"gold_gain":0,"player_choice":"Entered Light","damage_taken":15,"max_hp_gain":0,"max_hp_loss":0,"event_name":"Shining Light","floor":2,"gold_loss":0,"cards_upgraded":["Defend_B","Strike_B"]},{"cards_removed":["Strike_B"],"damage_healed":0,"gold_gain":0,"player_choice":"Card Removal","damage_taken":0,"max_hp_gain":0,"max_hp_loss":0,"event_name":"The Cleric","floor":3,"gold_loss":50},{"damage_healed":0,"gold_gain":0,"player_choice":"Grow","damage_taken":0,"max_hp_gain":0,"max_hp_loss":0,"event_name":"Living Wall","floor":5,"gold_loss":0,"cards_upgraded":["Storm"]},{"cards_removed":["Strike_B"],"damage_healed":0,"gold_gain":0,"player_choice":"Purged","damage_taken":0,"max_hp_gain":0,"max_hp_loss":0,"event_name":"Purifier","floor":19,"gold_loss":0},{"damage_healed":0,"gold_gain":0,"player_choice":"Fight","damage_taken":0,"max_hp_gain":0,"max_hp_loss":0,"event_name":"MindBloom","floor":36,"gold_loss":0},{"damage_healed":0,"gold_gain":0,"player_choice":"Memory 3","damage_taken":10,"max_hp_gain":0,"max_hp_loss":0,"event_name":"SensoryStone","floor":37,"gold_loss":0},{"damage_healed":0,"gold_gain":0,"player_choice":"Paid","damage_taken":0,"relics_obtained":["Red Mask"],"max_hp_gain":0,"max_hp_loss":0,"event_name":"Tomb of Lord Red Mask","floor":39,"gold_loss":0}],"is_beta":false,"boss_relics":[{"not_picked":["Snecko Eye","Velvet Choker"],"picked":"Cursed Key"},{"not_picked":["FrozenCore","Runic Dome"],"picked":"Black Star"}],"items_purged_floors":[21,30],"is_endless":false,"potions_floor_spawned":[4,7,16,20,24,27,35,45,46],"ascension_level":4}