{"gold_per_floor":[112,62,74,25,25,25,38,58,81,81,97,124,49,79,79,79],"floor_reached":16,"playtime":1164,"items_purged":["Defend_G"],"score":115,"play_id":"e5f06656-314d-43f0-b5c2-8c281f56daec","local_time":"20181220150757","is_ascension_mode":true,"campfire_choices":[{"data":"Predator","floor":6,"key":"SMITH"},{"data":"Footwork","floor":10,"key":"SMITH"},{"floor":15,"key":"REST"}],"neow_cost":"NONE","seed_source_timestamp":631895660634828,"circlet_count":0,"master_deck":["Defend_G","Defend_G","Defend_G","Defend_G","Strike_G","Strike_G","Strike_G","Strike_G","Survivor","Neutralize","Predator+1","Calculated Gamble","Backflip","Cloak And Dagger","Footwork+1","Blur","Escape Plan"],"relics":["Ring of the Snake","NeowsBlessing","Blood Vial"],"potions_floor_usage":[16,16,16],"damage_taken":[{"damage":0,"enemies":"Small Slimes","floor":1,"turns":1},{"damage":0,"enemies":"Jaw Worm","floor":3,"turns":1},{"damage":0,"enemies":"Cultist","floor":7,"turns":1},{"damage":6,"enemies":"Lots of Slimes","floor":8,"turns":6},{"damage":7,"enemies":"Large Slime","floor":11,"turns":8},{"damage":37,"enemies":"3 Sentries","floor":12,"turns":11},{"damage":48,"enemies":"Hexaghost","floor":16,"turns":15}],"seed_played":"-2378634873442748851","potions_obtained":[{"floor":1,"key":"FearPotion"},{"floor":3,"key":"Strength Potion"},{"floor":7,"key":"Dexterity Potion"},{"floor":11,"key":"Poison Potion"}],"is_trial":false,"path_per_floor":["M","?","M","$","?","R","M","M","T","R","M","E","$","?","R","B"],"character_chosen":"THE_SILENT","items_purchased":["Backflip"],"campfire_rested":1,"item_purchase_floors":[4],"current_hp_per_floor":[70,70,70,70,70,70,70,64,64,64,57,20,20,20,41,0],"gold":79,"neow_bonus":"THREE_ENEMY_KILL","is_prod":false,"is_daily":false,"chose_seed":false,"campfire_upgraded":2,"win_rate":0,"timestamp":1545347277,"path_taken":["M","?","M","$","?","R","M","M","T","R","M","E","$","?","R","BOSS"],"build_version":"2018-12-13","purchased_purges":1,"victory":false,"max_hp_per_floor":[70,70,70,70,70,70,70,70,70,70,70,70,70,70,70,70],"card_choices":[{"not_picked":["Bouncing Flask","Distraction"],"picked":"Predator","floor":1},{"not_picked":["Deflect","Dodge and Roll"],"picked":"Calculated Gamble","floor":3},{"not_picked":["Skewer","Slice"],"picked":"Cloak And Dagger","floor":7},{"not_picked":["Eviscerate","Setup"],"picked":"Footwork","floor":8},{"not_picked":["Setup","Predator"],"picked":"Blur","floor":11},{"not_picked":["PiercingWail","Blade Dance"],"picked":"Escape Plan","floor":12}],"player_experience":140517,"relics_obtained":[{"floor":12,"key":"Blood Vial"}],"event_choices":[{"cards_removed":["Strike_G"],"damage_healed":0,"gold_gain":0,"player_choice":"Card Removal","damage_taken":0,"max_hp_gain":0,"max_hp_loss":0,"event_name":"The Cleric","floor":2,"gold_loss":50},{"damage_healed":0,"gold_gain":0,"player_choice":"Ignored","damage_taken":0,"max_hp_gain":0,"max_hp_loss":0,"event_name":"Liars Game","floor":5,"gold_loss":0},{"damage_healed":0,"gold_gain":30,"player_choice":"Searched \u00271\u0027 times","damage_taken":0,"max_hp_gain":0,"max_hp_loss":0,"event_name":"Dead Adventurer","floor":14,"gold_loss":0}],"is_beta":false,"boss_relics":[],"items_purged_floors":[13],"is_endless":false,"potions_floor_spawned":[1,3,7,11],"killed_by":"Hexaghost","ascension_level":3}