{"gold_per_floor":[113,124,140,151,151,151,183,183,207,56,56,76,76,101,101,202,202,212,212,228,17,33,33,58,58,105,117,142,172,203,23,23,119,119,134,134,151,199,219,251,251,251,278,278,178,192,192,217,217,217],"floor_reached":51,"playtime":3805,"items_purged":["Strike_B","Strike_B+1"],"score":760,"play_id":"e7bb3d35-8599-412c-bd23-5ad3ded7cab4","local_time":"20190120013314","is_ascension_mode":false,"campfire_choices":[{"data":"Redo","floor":6.0,"key":"SMITH"},{"data":"Dualcast","floor":8.0,"key":"SMITH"},{"data":"Zap","floor":15.0,"key":"SMITH"},{"data":"Defragment","floor":23.0,"key":"SMITH"},{"data":"White Noise","floor":27.0,"key":"SMITH"},{"data":"Reinforced Body","floor":32.0,"key":"SMITH"},{"data":"Skim","floor":42,"key":"SMITH"},{"data":"Capacitor","floor":49,"key":"SMITH"}],"neow_cost":"NONE","seed_source_timestamp":0,"circlet_count":0,"master_deck":["Defend_B+1","Defend_B+1","Defend_B+1","Defend_B+1","Zap+1","Dualcast+1","Storm+1","Redo+1","Leap+1","Coolheaded+1","Rainbow+1","Machine Learning+1","Capacitor+1","Defragment+1","Cold Snap+1","White Noise+1","BootSequence+1","Reinforced Body+1","Capacitor+1","Storm+1","Buffer+1","Coolheaded+1","Skim+1","Redo+1","Capacitor+1","Lockon+1","Reinforced Body+1"],"special_seed":0,"relics":["Cracked Core","NeowsBlessing","Omamori","War Paint","Bronze Scales","Coffee Dripper","MutagenicStrength","Oddly Smooth Stone","Dream Catcher","MawBank","Lantern","Sozu","Mark of the Bloom","StoneCalendar","Mercury Hourglass","Juzu Bracelet","Pocketwatch"],"potions_floor_usage":[38],"damage_taken":[{"damage":0.0,"enemies":"2 Louse","floor":1.0,"turns":1.0},{"damage":0.0,"enemies":"Cultist","floor":2.0,"turns":1.0},{"damage":0.0,"enemies":"Small Slimes","floor":3.0,"turns":1.0},{"damage":3.0,"enemies":"Exordium Thugs","floor":4.0,"turns":5.0},{"damage":18.0,"enemies":"3 Sentries","floor":7.0,"turns":8.0},{"damage":6.0,"enemies":"Gremlin Gang","floor":12.0,"turns":4.0},{"damage":7.0,"enemies":"Lagavulin","floor":14.0,"turns":5.0},{"damage":7.0,"enemies":"Slime Boss","floor":16.0,"turns":9.0},{"damage":1.0,"enemies":"3 Byrds","floor":18.0,"turns":2.0},{"damage":0.0,"enemies":"Spheric Guardian","floor":20.0,"turns":3.0},{"damage":12.0,"enemies":"Snake Plant","floor":22.0,"turns":3.0},{"damage":45.0,"enemies":"Slavers","floor":24.0,"turns":5.0},{"damage":0.0,"enemies":"Cultist and Chosen","floor":28.0,"turns":5.0},{"damage":2.0,"enemies":"Centurion and Healer","floor":29.0,"turns":6.0},{"damage":0.0,"enemies":"Snake Plant","floor":30.0,"turns":3.0},{"damage":0.0,"enemies":"Automaton","floor":33.0,"turns":11.0},{"damage":0.0,"enemies":"3 Shapes","floor":35.0,"turns":5.0},{"damage":11.0,"enemies":"3 Darklings","floor":37.0,"turns":4.0},{"damage":0,"enemies":"2 Orb Walkers","floor":38,"turns":4},{"damage":0,"enemies":"Maw","floor":39,"turns":5},{"damage":11,"enemies":"Nemesis","floor":40,"turns":5},{"damage":0,"enemies":"Sphere and 2 Shapes","floor":46,"turns":3},{"damage":0,"enemies":"Giant Head","floor":48,"turns":6},{"damage":6,"enemies":"Donu and Deca","floor":50,"turns":8}],"seed_played":"7031595581770444305","potions_obtained":[{"floor":1.0,"key":"FearPotion"},{"floor":3.0,"key":"Fire Potion"},{"floor":13.0,"key":"SkillPotion"},{"floor":13.0,"key":"Fire Potion"},{"floor":13.0,"key":"Regen Potion"},{"floor":14.0,"key":"SpeedPotion"},{"floor":16.0,"key":"EssenceOfSteel"},{"floor":22.0,"key":"Dexterity Potion"},{"floor":24.0,"key":"Block Potion"},{"floor":30.0,"key":"Ancient Potion"},{"floor":33.0,"key":"Poison Potion"}],"is_trial":false,"path_per_floor":["M","M","M","M","?","R","E","R","T","$","?","M","?","E","R","B",null,"M","?","M","$","M","R","E","?","T","R","M","M","M","$","R","B",null,"M","?","M","?","M","E","?","R","T","?","$","M","?","E","R","B",null],"character_chosen":"DEFECT","items_purchased":["Rainbow","Oddly Smooth Stone","Cold Snap","Lantern","Storm"],"campfire_rested":0,"item_purchase_floors":[10,21,21,31,31],"current_hp_per_floor":[75,75,75,72,72,72,54,54,54,54,54,48,48,55,55,48,75,74,74,74,74,62,62,17,17,17,17,17,15,15,15,15,15,75,75,75,64,64,64,53,53,53,53,53,53,53,53,53,53,47],"gold":217,"neow_bonus":"THREE_ENEMY_KILL","is_prod":false,"is_daily":false,"chose_seed":false,"campfire_upgraded":8,"win_rate":0.0,"timestamp":1547937194,"path_taken":["M","M","M","M","?","R","E","R","T","?","?","M","?","E","R","BOSS","M","?","M","$","M","R","E","?","T","R","?","M","M","$","R","BOSS","M","?","M","?","M","E","?","R","T","?","$","M","?","E","R","BOSS"],"build_version":"2019-01-17v2","purchased_purges":2,"victory":true,"max_hp_per_floor":[75,75,75,75,75,75,75,75,75,75,75,75,75,75,75,75,75,75,75,75,75,75,75,75,75,75,75,75,75,75,75,75,75,75,75,75,75,75,75,75,75,75,75,71,71,71,71,71,71,71],"card_choices":[{"not_picked":["Barrage","Self Repair"],"picked":"Storm","floor":1.0},{"not_picked":["Gash","Streamline"],"picked":"Redo","floor":2.0},{"not_picked":["Go for the Eyes","BootSequence"],"picked":"Leap","floor":3.0},{"not_picked":["Auto Shields","Compile Driver"],"picked":"Coolheaded","floor":4.0},{"not_picked":["Redo","Auto Shields"],"picked":"Ball Lightning","floor":7.0},{"not_picked":["Echo Form","Sweeping Beam","Steam"],"picked":"SKIP","floor":12.0},{"not_picked":["Steam","Streamline","Go for the Eyes"],"picked":"SKIP","floor":14.0},{"not_picked":["Biased Cognition","Seek"],"picked":"Machine Learning","floor":16.0},{"not_picked":["Rebound+1","Fusion"],"picked":"Capacitor","floor":18.0},{"not_picked":["Compile Driver","Chill+1"],"picked":"Defragment","floor":20.0},{"not_picked":["FTL+1","Auto Shields"],"picked":"White Noise","floor":22.0},{"not_picked":["Go for the Eyes+1","Darkness"],"picked":"BootSequence+1","floor":24.0},{"not_picked":["Genetic Algorithm","Redo"],"picked":"Reinforced Body","floor":28.0},{"not_picked":["Undo","Hologram","Rip and Tear+1"],"picked":"SKIP","floor":29.0},{"not_picked":["Beam Cell+1","Sweeping Beam+1"],"picked":"Capacitor","floor":30.0},{"not_picked":["Machine Learning","Echo Form"],"picked":"Buffer","floor":33.0},{"not_picked":["Beam Cell+1","Compile Driver"],"picked":"Coolheaded+1","floor":35.0},{"not_picked":["Ball Lightning","Gash"],"picked":"Skim","floor":37.0},{"not_picked":["Steam","Streamline"],"picked":"Redo+1","floor":38},{"not_picked":["Multi-Cast","Rebound"],"picked":"Capacitor","floor":39},{"not_picked":["Cold Snap","Gash"],"picked":"Lockon+1","floor":40},{"not_picked":["Steam+1","Rip and Tear+1","Self Repair+1"],"picked":"SKIP","floor":46},{"not_picked":["Cold Snap+1","Doom and Gloom+1"],"picked":"Reinforced Body+1","floor":48}],"player_experience":80033,"relics_obtained":[{"floor":7.0,"key":"Omamori"},{"floor":9.0,"key":"War Paint"},{"floor":14.0,"key":"Bronze Scales"},{"floor":24.0,"key":"Dream Catcher"},{"floor":26.0,"key":"MawBank"},{"floor":38,"key":"StoneCalendar"},{"floor":40,"key":"Mercury Hourglass"},{"floor":43,"key":"Juzu Bracelet"},{"floor":48,"key":"Pocketwatch"}],"event_choices":[{"damage_healed":0.0,"max_hp_gain":0.0,"max_hp_loss":0.0,"gold_gain":0.0,"event_name":"NoteForYourself","player_choice":"Ignored","floor":5.0,"gold_loss":0.0,"damage_taken":0.0},{"damage_healed":0.0,"max_hp_gain":0.0,"max_hp_loss":0.0,"gold_gain":0.0,"event_name":"Living Wall","player_choice":"Grow","floor":11.0,"gold_loss":0.0,"damage_taken":0.0,"cards_upgraded":["Rainbow"]},{"damage_healed":0.0,"max_hp_gain":0.0,"max_hp_loss":0.0,"gold_gain":0.0,"event_name":"Lab","player_choice":"Got Potions","floor":13.0,"gold_loss":0.0,"damage_taken":0.0},{"damage_healed":0.0,"max_hp_gain":0.0,"max_hp_loss":0.0,"gold_gain":0.0,"event_name":"Drug Dealer","player_choice":"Inject Mutagens","floor":19.0,"gold_loss":0.0,"damage_taken":0.0,"relics_obtained":["MutagenicStrength"]},{"cards_removed":["Strike_B"],"damage_healed":0.0,"max_hp_gain":0.0,"max_hp_loss":0.0,"gold_gain":0.0,"event_name":"Wheel of Change","player_choice":"Card Removal","floor":25.0,"gold_loss":0.0,"damage_taken":0.0},{"damage_healed":0.0,"max_hp_gain":0.0,"max_hp_loss":0.0,"gold_gain":0.0,"event_name":"MindBloom","player_choice":"Upgrade","floor":36.0,"gold_loss":0.0,"damage_taken":0.0,"cards_upgraded":["Strike_B","Strike_B","Defend_B","Defend_B","Defend_B","Storm","Coolheaded","Ball Lightning","Machine Learning","Capacitor","Cold Snap","Capacitor","Storm","Buffer"],"relics_obtained":["Mark of the Bloom"]},{"damage_healed":0,"gold_gain":0,"player_choice":"Fight","damage_taken":0,"max_hp_gain":0,"max_hp_loss":0,"event_name":"Mysterious Sphere","floor":38,"gold_loss":0},{"cards_removed":["Ball Lightning"],"damage_healed":0,"gold_gain":0,"player_choice":"Removed Attack","damage_taken":0,"max_hp_gain":0,"max_hp_loss":0,"event_name":"Falling","floor":41,"gold_loss":0},{"damage_healed":0,"gold_gain":0,"player_choice":"Max HP","damage_taken":0,"max_hp_gain":0,"max_hp_loss":4,"event_name":"Winding Halls","floor":44,"gold_loss":0},{"cards_removed":["Strike_B"],"damage_healed":0,"gold_gain":0,"player_choice":"Offered Basic","damage_taken":0,"max_hp_gain":0,"max_hp_loss":0,"event_name":"Bonfire Elementals","floor":47,"gold_loss":0}],"is_beta":false,"boss_relics":[{"not_picked":["Tiny House","Runic Dome"],"picked":"Coffee Dripper"},{"not_picked":["Pandora\u0027s Box","Velvet Choker"],"picked":"Sozu"}],"items_purged_floors":[10,45],"is_endless":false,"potions_floor_spawned":[1,3,14,16,22,24,30,33,39,46,48],"ascension_level":0}