{"gold_per_floor":[144,189,234,279,11,101,27,27,77,77,167,167,167,257,257,557,557,602,114,114,159,159,159,249,294,349,394,419,419,719,419,419,719,719,764,764,809,630,630,720,720,765,765,855,855,900,945,374,374,374],"floor_reached":51,"playtime":3171,"items_purged":["Decay"],"score":841,"play_id":"23b8369f-45c7-4740-8dae-83ceb7009c30","local_time":"20190616145130","daily_mods":["Shiny","Time Dilation","Midas"],"is_ascension_mode":false,"campfire_choices":[{"floor":15,"key":"REST"},{"floor":23,"key":"REST"},{"floor":29,"key":"REST"},{"floor":32,"key":"REST"},{"floor":41,"key":"REST"},{"floor":45,"key":"REST"},{"floor":49,"key":"REST"}],"neow_cost":"","seed_source_timestamp":0,"circlet_count":0,"master_deck":["Venomology","Corpse Explosion","Malaise","Phantasmal Killer","Die Die Die+1","Adrenaline","Burst","Wraith Form v2","Tools of the Trade","Night Terror","After Image","Bullet Time","Glass Knife+1","A Thousand Cuts","Crippling Poison","Predator","Footwork","Infinite Blades","Bullet Time","Skewer+1","Die Die Die+1","Eviscerate+1","Footwork","Backflip+1","Backstab+1","Cloak And Dagger+1","Adrenaline","After Image","The Bomb","Choke+1","Catalyst","Escape Plan","Noxious Fumes"],"special_seed":18063,"relics":["Ring of the Snake","HandDrill","Strawberry","Bag of Marbles","Anchor","Sundial","Boot","Astrolabe","Sling","Ornamental Fan","Thread and Needle","Tiny Chest","Dream Catcher","Pocketwatch","Meat on the Bone","StoneCalendar","Busted Crown","Bag of Preparation","Ancient Tea Set","Pen Nib","Whetstone","Lee\u0027s Waffle"],"potions_floor_usage":[2,3,4,6,11,11,11,14,14,16,25,30,33,40,44,50,50,50],"damage_taken":[{"damage":0,"enemies":"Cultist","floor":1,"turns":2},{"damage":8,"enemies":"Jaw Worm","floor":2,"turns":2},{"damage":0,"enemies":"Small Slimes","floor":3,"turns":2},{"damage":9,"enemies":"Looter","floor":4,"turns":3},{"damage":0,"enemies":"3 Sentries","floor":6,"turns":1},{"damage":15,"enemies":"Lagavulin","floor":11,"turns":4},{"damage":6,"enemies":"3 Sentries","floor":14,"turns":3},{"damage":24,"enemies":"Hexaghost","floor":16,"turns":7},{"damage":1,"enemies":"Spheric Guardian","floor":18,"turns":4},{"damage":0,"enemies":"3 Byrds","floor":21,"turns":1},{"damage":0,"enemies":"Slavers","floor":24,"turns":3},{"damage":0,"enemies":"Centurion and Healer","floor":25,"turns":4},{"damage":1,"enemies":"Shelled Parasite and Fungi","floor":27,"turns":3},{"damage":0,"enemies":"Colosseum Slavers","floor":30,"turns":2},{"damage":0,"enemies":"Colosseum Nobs","floor":30,"turns":1},{"damage":32,"enemies":"Collector","floor":33,"turns":6},{"damage":0,"enemies":"Orb Walker","floor":35,"turns":1},{"damage":0,"enemies":"3 Shapes","floor":37,"turns":1},{"damage":0,"enemies":"Giant Head","floor":40,"turns":7},{"damage":0,"enemies":"3 Darklings","floor":42,"turns":1},{"damage":12,"enemies":"Reptomancer","floor":44,"turns":4},{"damage":0,"enemies":"Writhing Mass","floor":46,"turns":1},{"damage":0,"enemies":"Sphere and 2 Shapes","floor":47,"turns":4},{"damage":18,"enemies":"Awakened One","floor":50,"turns":11}],"seed_played":"-4255218080682064028","potions_obtained":[{"floor":1,"key":"Weak Potion"},{"floor":2,"key":"SmokeBomb"},{"floor":4,"key":"PowerPotion"},{"floor":6,"key":"LiquidBronze"},{"floor":11,"key":"Swift Potion"},{"floor":24,"key":"LiquidBronze"},{"floor":33,"key":"PowerPotion"},{"floor":44,"key":"Weak Potion"},{"floor":46,"key":"Strength Potion"}],"is_trial":false,"path_per_floor":["M","M","M","M","$","E","$","?","T","?","E","?","?","E","R","B",null,"M","$","?","M","$","R","E","M","T","M","T","R","?","$","R","B",null,"M","?","M","$","?","E","R","M","T","E","R","M","M","$","R","B",null],"character_chosen":"THE_SILENT","items_purchased":["HandDrill","Predator","Footwork","Footwork","Sling","Ornamental Fan","StoneCalendar","The Bomb","Noxious Fumes","GhostInAJar","Whetstone","Lee\u0027s Waffle"],"campfire_rested":7,"item_purchase_floors":[5,5,7,19,19,19,31,38,48,48,48,48],"current_hp_per_floor":[70,62,62,53,53,60,60,42,42,35,20,20,20,14,37,13,77,76,76,76,76,76,77,77,77,77,76,76,77,77,77,77,45,77,77,77,77,77,77,77,77,77,77,65,77,77,77,84,84,66],"gold":374,"neow_bonus":"","is_prod":false,"is_daily":true,"chose_seed":false,"campfire_upgraded":0,"win_rate":0,"timestamp":1560721890,"path_taken":["M","?","M","M","$","E","$","?","T","?","E","?","?","E","R","BOSS","M","$","?","M","?","R","E","M","T","?","?","R","?","$","R","BOSS","M","?","M","$","?","E","R","M","T","E","R","M","M","$","R","BOSS"],"build_version":"2019-01-23","purchased_purges":1,"victory":true,"max_hp_per_floor":[70,70,70,70,70,77,77,77,77,77,77,77,77,77,77,77,77,77,77,77,77,77,77,77,77,77,77,77,77,77,77,77,77,77,77,77,77,77,77,77,77,77,77,77,77,77,77,84,84,84],"card_choices":[{"not_picked":["Slice","All Out Attack","Setup"],"picked":"SKIP","floor":1},{"not_picked":["Cloak And Dagger","Outmaneuver"],"picked":"Crippling Poison","floor":2},{"not_picked":["Sucker Punch","Skewer","Cloak And Dagger"],"picked":"SKIP","floor":3},{"not_picked":["Crippling Poison","Acrobatics","Dagger Spray"],"picked":"SKIP","floor":4},{"not_picked":["Flying Knee","Venomology","Quick Slash"],"picked":"SKIP","floor":6},{"not_picked":["Bane","Expertise","Dagger Throw"],"picked":"SKIP","floor":11},{"not_picked":["Flying Knee","Calculated Gamble"],"picked":"Infinite Blades","floor":14},{"not_picked":["Grand Finale","Unload"],"picked":"Bullet Time","floor":16},{"not_picked":["Concentrate","Dagger Throw+1","Underhanded Strike"],"picked":"SKIP","floor":18},{"not_picked":["Dodge and Roll","Setup+1"],"picked":"Backflip+1","floor":21},{"not_picked":["Skewer+1","Outmaneuver"],"picked":"Backstab+1","floor":24},{"not_picked":["Sucker Punch","Caltrops","Crippling Poison+1"],"picked":"SKIP","floor":25},{"not_picked":["Choke+1","Reflex"],"picked":"Cloak And Dagger+1","floor":27},{"not_picked":["Slice","PiercingWail"],"picked":"Adrenaline","floor":30},{"not_picked":["Tools of the Trade","Unload"],"picked":"After Image","floor":33},{"not_picked":["Crippling Poison"],"picked":"SKIP","floor":35},{"not_picked":["Quick Slash+1"],"picked":"SKIP","floor":37},{"not_picked":[],"picked":"Choke+1","floor":40},{"not_picked":["Quick Slash+1"],"picked":"SKIP","floor":42},{"not_picked":["PiercingWail+1"],"picked":"SKIP","floor":44},{"not_picked":[],"picked":"Catalyst","floor":45},{"not_picked":[],"picked":"Escape Plan","floor":46},{"not_picked":["Setup+1"],"picked":"SKIP","floor":47}],"player_experience":641006,"relics_obtained":[{"floor":6,"key":"Strawberry"},{"floor":9,"key":"Anchor"},{"floor":11,"key":"Sundial"},{"floor":14,"key":"Boot"},{"floor":24,"key":"Thread and Needle"},{"floor":26,"key":"Tiny Chest"},{"floor":28,"key":"Dream Catcher"},{"floor":30,"key":"Pocketwatch"},{"floor":30,"key":"Meat on the Bone"},{"floor":40,"key":"Bag of Preparation"},{"floor":43,"key":"Ancient Tea Set"},{"floor":44,"key":"Pen Nib"}],"event_choices":[{"damage_healed":0,"gold_gain":0,"player_choice":"Success","damage_taken":18,"relics_obtained":["Bag of Marbles"],"max_hp_gain":0,"max_hp_loss":0,"event_name":"Scrap Ooze","floor":8,"gold_loss":0},{"cards_removed":["Grand Finale"],"damage_healed":0,"gold_gain":0,"player_choice":"Card Removal","damage_taken":7,"max_hp_gain":0,"max_hp_loss":0,"event_name":"Golden Wing","floor":10,"gold_loss":0},{"damage_healed":0,"gold_gain":0,"player_choice":"Ignored","damage_taken":0,"max_hp_gain":0,"max_hp_loss":0,"event_name":"Shining Light","floor":12,"gold_loss":0},{"damage_healed":0,"gold_gain":0,"player_choice":"Ignored","damage_taken":0,"max_hp_gain":0,"max_hp_loss":0,"event_name":"Liars Game","floor":13,"gold_loss":0},{"damage_healed":0,"gold_gain":0,"player_choice":"Cursed","damage_taken":0,"max_hp_gain":0,"max_hp_loss":0,"event_name":"Wheel of Change","floor":20,"gold_loss":0,"cards_obtained":["Decay"]},{"damage_healed":0,"gold_gain":0,"player_choice":"Fight","damage_taken":0,"max_hp_gain":0,"max_hp_loss":0,"event_name":"Colosseum","floor":30,"gold_loss":0},{"damage_healed":0,"gold_gain":0,"player_choice":"Fought Nobs","damage_taken":0,"max_hp_gain":0,"max_hp_loss":0,"event_name":"Colosseum","floor":30,"gold_loss":0},{"cards_removed":["Envenom"],"damage_healed":0,"gold_gain":0,"player_choice":"Removed Power","damage_taken":0,"max_hp_gain":0,"max_hp_loss":0,"event_name":"Falling","floor":36,"gold_loss":0},{"damage_healed":0,"gold_gain":0,"player_choice":"Ignored","damage_taken":0,"max_hp_gain":0,"max_hp_loss":0,"event_name":"Tomb of Lord Red Mask","floor":39,"gold_loss":0}],"is_beta":false,"boss_relics":[{"not_picked":["Ectoplasm","Calling Bell"],"picked":"Astrolabe"},{"not_picked":["Eternal Feather","Black Star"],"picked":"Busted Crown"}],"items_purged_floors":[48],"is_endless":false,"potions_floor_spawned":[1,2,4,6,11,24,27,30,33,44,46,47],"ascension_level":0}