{"gold_per_floor":[109,124,139,152,168,133,133,151,151,53,53,66,66,95,95,192,192,208,188,200,218,237,270,270,270],"floor_reached":25,"playtime":2034,"items_purged":[],"score":227,"play_id":"5f4db193-5fe3-411a-9195-8ea0d88642db","local_time":"20190615023945","is_ascension_mode":false,"campfire_choices":[{"data":"Dash","floor":7,"key":"SMITH"},{"data":"Neutralize","floor":13,"key":"SMITH"},{"floor":15,"key":"REST"},{"floor":24,"key":"REST"}],"neow_cost":"NONE","seed_source_timestamp":47617763513100,"circlet_count":0,"master_deck":["Defend_G","Defend_G","Defend_G","Defend_G","Defend_G","Strike_G","Strike_G","Strike_G","Strike_G","Strike_G","Survivor","Neutralize+1","Dash+1","Deadly Poison","Distraction","Noxious Fumes","Leg Sweep","Die Die Die","Slice","Dagger Spray","Catalyst","Backflip","A Thousand Cuts","Escape Plan","Flying Knee","Blade Dance","PiercingWail+1","Finisher+1"],"relics":["Ring of the Snake","NeowsBlessing","Bottled Tornado","FossilizedHelix","WristBlade","Shuriken"],"potions_floor_usage":[16,16,18,18,20,22,22,23],"damage_taken":[{"damage":0,"enemies":"2 Louse","floor":1,"turns":1},{"damage":0,"enemies":"Jaw Worm","floor":2,"turns":1},{"damage":0,"enemies":"Cultist","floor":3,"turns":1},{"damage":8,"enemies":"2 Fungi Beasts","floor":4,"turns":4},{"damage":18,"enemies":"Exordium Thugs","floor":5,"turns":7},{"damage":0,"enemies":"Red Slaver","floor":8,"turns":6},{"damage":0,"enemies":"3 Louse","floor":12,"turns":2},{"damage":9,"enemies":"Lagavulin","floor":14,"turns":7},{"damage":44,"enemies":"Slime Boss","floor":16,"turns":13},{"damage":16,"enemies":"Chosen","floor":18,"turns":6},{"damage":0,"enemies":"Shell Parasite","floor":20,"turns":7},{"damage":28,"enemies":"Cultist and Chosen","floor":21,"turns":9},{"damage":5,"enemies":"Centurion and Healer","floor":22,"turns":5},{"damage":18,"enemies":"Gremlin Leader","floor":23,"turns":6},{"damage":48,"enemies":"Slavers","floor":25,"turns":3}],"seed_played":"-416666454649698456","potions_obtained":[{"floor":4,"key":"Weak Potion"},{"floor":14,"key":"Swift Potion"},{"floor":16,"key":"EntropicBrew"},{"floor":19,"key":"Regen Potion"},{"floor":21,"key":"Poison Potion"}],"is_trial":false,"path_per_floor":["M","M","M","M","M","?","R","M","T","$","?","M","R","E","R","B",null,"M","?","M","M","M","E","R","E"],"character_chosen":"THE_SILENT","items_purchased":["Slice","Dagger Spray"],"campfire_rested":2,"item_purchase_floors":[10,10],"current_hp_per_floor":[70,70,70,62,44,61,61,61,61,61,66,66,66,57,75,31,75,59,59,74,46,41,23,45,0],"gold":270,"neow_bonus":"THREE_ENEMY_KILL","is_prod":false,"is_daily":false,"chose_seed":false,"campfire_upgraded":2,"win_rate":0.0,"timestamp":1560562785,"path_taken":["M","M","M","M","M","?","R","M","T","$","?","M","R","E","R","BOSS","M","?","M","M","?","E","R","E"],"build_version":"2019-01-23","purchased_purges":0,"victory":false,"max_hp_per_floor":[70,70,70,70,70,70,70,70,70,70,75,75,75,75,75,75,75,75,75,75,75,75,75,75,75],"card_choices":[{"not_picked":["Deadly Poison","Dagger Throw"],"picked":"Dash","floor":1},{"not_picked":["Dagger Throw","Tactician"],"picked":"Deadly Poison","floor":2},{"not_picked":["Deflect","Deadly Poison"],"picked":"Distraction","floor":3},{"not_picked":["Deadly Poison","Calculated Gamble"],"picked":"Noxious Fumes","floor":4},{"not_picked":["Underhanded Strike","Sucker Punch"],"picked":"Leg Sweep","floor":5},{"not_picked":["Poisoned Stab","PiercingWail"],"picked":"Die Die Die","floor":8},{"not_picked":["Dagger Throw","Noxious Fumes"],"picked":"Catalyst","floor":12},{"not_picked":["Underhanded Strike","Dagger Throw"],"picked":"Backflip","floor":14},{"not_picked":["Malaise","Adrenaline"],"picked":"A Thousand Cuts","floor":16},{"not_picked":["Infinite Blades","Poisoned Stab"],"picked":"Escape Plan","floor":18},{"not_picked":["Prepared+1","Predator"],"picked":"Flying Knee","floor":20},{"not_picked":["Footwork","Sucker Punch"],"picked":"Blade Dance","floor":21},{"not_picked":["Blade Dance+1","Phantasmal Killer"],"picked":"PiercingWail+1","floor":22},{"not_picked":["Blur","Dagger Spray"],"picked":"Finisher+1","floor":23}],"player_experience":25242,"relics_obtained":[{"floor":9,"key":"Bottled Tornado"},{"floor":14,"key":"FossilizedHelix"},{"floor":23,"key":"Shuriken"}],"event_choices":[{"damage_healed":17,"gold_gain":0,"player_choice":"Healed","damage_taken":0,"max_hp_gain":0,"max_hp_loss":0,"event_name":"The Cleric","floor":6,"gold_loss":35},{"damage_healed":0,"gold_gain":0,"player_choice":"Donut","damage_taken":0,"max_hp_gain":5,"max_hp_loss":0,"event_name":"Big Fish","floor":11,"gold_loss":0},{"damage_healed":0,"gold_gain":0,"player_choice":"Bought 1 Potion","damage_taken":0,"max_hp_gain":0,"max_hp_loss":0,"event_name":"The Woman in Blue","floor":19,"gold_loss":0}],"is_beta":false,"boss_relics":[{"not_picked":["Philosopher\u0027s Stone","Snecko Eye"],"picked":"WristBlade"}],"items_purged_floors":[],"is_endless":false,"potions_floor_spawned":[4,14,16,21],"killed_by":"Slavers","ascension_level":0}