{"gold_per_floor":[111,130,130,130,430,430,457,457,457,474,493,513,573,584,584,584],"floor_reached":16,"playtime":574,"items_purged":[],"score":129,"play_id":"30b6bd9a-15df-4b95-8a0a-d188b8b2ebec","local_time":"20190119112401","is_ascension_mode":true,"campfire_choices":[{"data":"Quick Slash","floor":6,"key":"SMITH"},{"data":"Choke","floor":8,"key":"SMITH"},{"floor":15,"key":"REST"}],"neow_cost":"NONE","seed_source_timestamp":950941906455235,"circlet_count":0,"master_deck":["Defend_G","Defend_G","Defend_G","Defend_G","Defend_G","Strike_G","Strike_G","Strike_G","Strike_G","Strike_G","Survivor","Neutralize","Finesse","Choke+1","Quick Slash+1","Backstab"],"relics":["Ring of the Snake","Old Coin","Odd Mushroom","Nunchaku","PreservedInsect"],"potions_floor_usage":[7,13,16],"damage_taken":[{"damage":3,"enemies":"Jaw Worm","floor":1,"turns":6},{"damage":1,"enemies":"Small Slimes","floor":2,"turns":4},{"damage":7,"enemies":"The Mushroom Lair","floor":7,"turns":3},{"damage":0,"enemies":"2 Louse","floor":10,"turns":3},{"damage":0,"enemies":"2 Fungi Beasts","floor":11,"turns":3},{"damage":6,"enemies":"Blue Slaver","floor":12,"turns":3},{"damage":28,"enemies":"Lagavulin Event","floor":13,"turns":4},{"damage":0,"enemies":"Exordium Thugs","floor":14,"turns":2},{"damage":35,"enemies":"Slime Boss","floor":16,"turns":7}],"seed_played":"-5354978234893643331","potions_obtained":[{"floor":1,"key":"AttackPotion"},{"floor":11,"key":"Energy Potion"},{"floor":14,"key":"FearPotion"}],"is_trial":false,"path_per_floor":["M","M","?","?","?","R","?","R","T","M","M","M","?","M","R","B"],"character_chosen":"THE_SILENT","items_purchased":[],"campfire_rested":1,"item_purchase_floors":[],"current_hp_per_floor":[60,59,59,64,52,52,45,45,45,45,45,39,11,11,33,0],"gold":584,"neow_bonus":"RANDOM_COLORLESS","is_prod":false,"is_daily":false,"chose_seed":false,"campfire_upgraded":2,"win_rate":0,"timestamp":1547925841,"path_taken":["M","M","?","?","?","R","?","R","T","M","?","M","?","M","R","BOSS"],"build_version":"2019-01-17v2","purchased_purges":0,"victory":false,"max_hp_per_floor":[70,70,70,75,75,75,75,75,75,75,75,75,75,75,75,75],"card_choices":[{"not_picked":["Dagger Throw","Slice"],"picked":"Choke","floor":1},{"not_picked":["Underhanded Strike","Storm of Steel"],"picked":"Quick Slash","floor":2},{"not_picked":["Sucker Punch","Quick Slash","Deadly Poison"],"picked":"SKIP","floor":10},{"not_picked":["Deadly Poison","Prepared"],"picked":"Backstab","floor":11},{"not_picked":["Choke","Dodge and Roll","Sucker Punch"],"picked":"SKIP","floor":12},{"not_picked":["Flechettes","Predator","PiercingWail"],"picked":"SKIP","floor":14}],"player_experience":361861,"relics_obtained":[{"floor":7,"key":"Odd Mushroom"},{"floor":9,"key":"Nunchaku"},{"floor":13,"key":"PreservedInsect"}],"event_choices":[{"damage_healed":0,"gold_gain":0,"player_choice":"Ignored","damage_taken":0,"max_hp_gain":0,"max_hp_loss":0,"event_name":"Liars Game","floor":3,"gold_loss":0},{"damage_healed":0,"gold_gain":0,"player_choice":"Donut","damage_taken":0,"max_hp_gain":5,"max_hp_loss":0,"event_name":"Big Fish","floor":4,"gold_loss":0},{"damage_healed":0,"gold_gain":0,"player_choice":"Success","damage_taken":12,"relics_obtained":["Old Coin"],"max_hp_gain":0,"max_hp_loss":0,"event_name":"Scrap Ooze","floor":5,"gold_loss":0},{"damage_healed":0,"gold_gain":0,"player_choice":"Fought Mushrooms","damage_taken":0,"max_hp_gain":0,"max_hp_loss":0,"event_name":"Mushrooms","floor":7,"gold_loss":0},{"damage_healed":0,"gold_gain":30,"player_choice":"Searched \u00272\u0027 times","damage_taken":0,"max_hp_gain":0,"max_hp_loss":0,"event_name":"Dead Adventurer","floor":13,"gold_loss":0}],"is_beta":false,"boss_relics":[],"items_purged_floors":[],"is_endless":false,"potions_floor_spawned":[1,11,14],"killed_by":"Slime Boss","ascension_level":8}