{"gold_per_floor":[118,118,39,55,72,72,72,84,84,84,120,120,140,140],"floor_reached":14,"playtime":3021,"items_purged":[],"score":131,"play_id":"871d386e-d4da-464c-bf88-a072cdb548d1","local_time":"20190122191538","is_ascension_mode":true,"campfire_choices":[{"data":"Cloak And Dagger","floor":6,"key":"SMITH"},{"floor":12,"key":"REST"}],"neow_cost":"PERCENT_DAMAGE","seed_source_timestamp":1235987937503999,"circlet_count":0,"master_deck":["Defend_G","Defend_G","Defend_G","Defend_G","Strike_G","Strike_G","Survivor","Neutralize","Cloak And Dagger+1","Accuracy","Escape Plan","Accuracy","Caltrops","Backstab","Injury","Cloak And Dagger","Bouncing Flask"],"relics":["Ring of the Snake","Pantograph","Golden Idol","The Specimen"],"potions_floor_usage":[11,13],"damage_taken":[{"damage":0,"enemies":"2 Louse","floor":1,"turns":3},{"damage":4,"enemies":"Small Slimes","floor":4,"turns":6},{"damage":1,"enemies":"Cultist","floor":5,"turns":5},{"damage":2,"enemies":"Large Slime","floor":8,"turns":7},{"damage":11,"enemies":"Lagavulin","floor":11,"turns":8},{"damage":16,"enemies":"3 Louse","floor":13,"turns":3},{"damage":26,"enemies":"Exordium Wildlife","floor":14,"turns":4}],"seed_played":"-5069276823748856908","potions_obtained":[{"floor":5,"key":"Block Potion"},{"floor":8,"key":"Dexterity Potion"},{"floor":11,"key":"PowerPotion"}],"is_trial":false,"path_per_floor":["M","?","$","M","M","R","?","M","T","?","E","R","M","M"],"character_chosen":"THE_SILENT","items_purchased":["Accuracy"],"campfire_rested":1,"item_purchase_floors":[3],"current_hp_per_floor":[45,38,38,34,33,33,33,31,31,31,20,41,25,0],"gold":140,"neow_bonus":"TRANSFORM_TWO_CARDS","is_prod":false,"is_daily":false,"chose_seed":false,"campfire_upgraded":1,"win_rate":0,"timestamp":1548213338,"path_taken":["M","?","$","M","M","R","?","?","T","?","E","R","M","M"],"build_version":"2019-01-17v2","purchased_purges":0,"victory":false,"max_hp_per_floor":[70,70,70,70,70,70,70,70,70,70,70,70,70,70],"card_choices":[{"not_picked":["Flying Knee","Endless Agony"],"picked":"Escape Plan","floor":1},{"not_picked":["Underhanded Strike","Finisher"],"picked":"Caltrops","floor":4},{"not_picked":["Outmaneuver","Poisoned Stab","Dodge and Roll"],"picked":"SKIP","floor":5},{"not_picked":["Poisoned Stab","PiercingWail"],"picked":"Backstab","floor":8},{"not_picked":["Tactician","Quick Slash"],"picked":"Cloak And Dagger","floor":11},{"not_picked":["Infinite Blades","Dodge and Roll"],"picked":"Bouncing Flask","floor":13}],"player_experience":383517,"relics_obtained":[{"floor":9,"key":"Pantograph"},{"floor":11,"key":"The Specimen"}],"event_choices":[{"cards_removed":["Strike_G"],"damage_healed":0,"gold_gain":0,"player_choice":"Card Removal","damage_taken":7,"max_hp_gain":0,"max_hp_loss":0,"event_name":"Golden Wing","floor":2,"gold_loss":0},{"cards_removed":["Defend_G"],"damage_healed":0,"gold_gain":0,"player_choice":"Offered Basic","damage_taken":0,"max_hp_gain":0,"max_hp_loss":0,"event_name":"Bonfire Elementals","floor":7,"gold_loss":0},{"damage_healed":0,"gold_gain":0,"player_choice":"Take Wound","damage_taken":0,"relics_obtained":["Golden Idol"],"max_hp_gain":0,"max_hp_loss":0,"event_name":"Golden Idol","floor":10,"gold_loss":0,"cards_obtained":["Injury"]}],"is_beta":false,"boss_relics":[],"items_purged_floors":[],"is_endless":false,"potions_floor_spawned":[5,8,11],"killed_by":"Exordium Wildlife","ascension_level":9}