{"gold_per_floor":[109,34,34,48,10,10,20,20,70,82,112,124,62,82,82,82],"floor_reached":16,"playtime":429,"items_purged":["Strike_G"],"score":140,"play_id":"aa5d6cbd-6b6c-407e-9db1-6cde4b9ed881","local_time":"20190128192403","is_ascension_mode":true,"campfire_choices":[{"data":"Deadly Poison","floor":6,"key":"SMITH"},{"data":"Corpse Explosion","floor":8,"key":"SMITH"},{"data":"Well Laid Plans","floor":10,"key":"SMITH"},{"data":"Survivor","floor":12,"key":"SMITH"},{"data":"Noxious Fumes","floor":15,"key":"SMITH"}],"neow_cost":"NONE","seed_source_timestamp":1757489087395929,"circlet_count":0,"master_deck":["AscendersBane","Defend_G","Defend_G","Defend_G","Defend_G","Defend_G","Strike_G","Strike_G","Strike_G","Strike_G","Survivor+1","Neutralize","Forethought","Deadly Poison+1","Corpse Explosion+1","Well Laid Plans+1","Noxious Fumes","Noxious Fumes+1"],"relics":["Ring of the Snake","MawBank"],"potions_floor_usage":[16,16],"damage_taken":[{"damage":5,"enemies":"Cultist","floor":1,"turns":5},{"damage":4,"enemies":"Jaw Worm","floor":4,"turns":4},{"damage":7,"enemies":"Small Slimes","floor":7,"turns":3},{"damage":17,"enemies":"Exordium Thugs","floor":11,"turns":5},{"damage":6,"enemies":"Blue Slaver","floor":14,"turns":4},{"damage":26,"enemies":"The Guardian","floor":16,"turns":5}],"seed_played":"1382783280129070391","potions_obtained":[{"floor":4,"key":"Swift Potion"},{"floor":11,"key":"SpeedPotion"},{"floor":14,"key":"AttackPotion"}],"is_trial":false,"path_per_floor":["M","$","?","M","$","R","M","R","T","R","M","R","$","M","R","B"],"character_chosen":"THE_SILENT","items_purchased":["Well Laid Plans","Noxious Fumes"],"campfire_rested":0,"item_purchase_floors":[5,13],"current_hp_per_floor":[58,58,58,54,54,54,47,47,47,47,30,30,30,24,24,0],"gold":82,"neow_bonus":"RANDOM_COLORLESS","is_prod":false,"is_daily":false,"chose_seed":false,"campfire_upgraded":5,"win_rate":0,"timestamp":1548732243,"path_taken":["M","$","?","M","$","R","M","R","T","R","?","R","$","M","R","BOSS"],"build_version":"2019-01-23","purchased_purges":1,"victory":false,"max_hp_per_floor":[70,70,70,70,70,70,70,70,70,70,70,70,70,70,70,70],"card_choices":[{"not_picked":["Dash","Outmaneuver"],"picked":"Deadly Poison","floor":1},{"not_picked":["Sucker Punch","PiercingWail","Deflect"],"picked":"SKIP","floor":4},{"not_picked":["PiercingWail","Sucker Punch","Skewer"],"picked":"SKIP","floor":7},{"not_picked":["Flying Knee","Riddle With Holes","Tactician"],"picked":"SKIP","floor":11},{"not_picked":["Backstab","Eviscerate"],"picked":"Noxious Fumes","floor":14}],"player_experience":434641,"relics_obtained":[{"floor":9,"key":"MawBank"}],"event_choices":[{"damage_healed":0,"gold_gain":0,"player_choice":"1 cards matched","damage_taken":0,"max_hp_gain":0,"max_hp_loss":0,"event_name":"Match and Keep!","floor":3,"gold_loss":0,"cards_obtained":["Corpse Explosion"]}],"is_beta":false,"boss_relics":[],"items_purged_floors":[2],"is_endless":false,"potions_floor_spawned":[4,11,14],"killed_by":"The Guardian","ascension_level":11}