{"gold_per_floor":[114,94,109,124,87,87,102,102,127,52,67,82,97,29,29,29],"floor_reached":16,"playtime":2040,"items_purged":[],"score":94,"play_id":"ea8ae40d-2d22-4d01-a58f-4032254e9ac6","local_time":"20190202175120","daily_mods":["Allstar","Green Cards","Lethality"],"is_ascension_mode":false,"campfire_choices":[{"data":"Metamorphosis","floor":6,"key":"SMITH"},{"floor":15,"key":"REST"}],"neow_cost":"","seed_source_timestamp":64739412451145,"circlet_count":0,"master_deck":["Strike_B","Strike_B","Strike_B","Strike_B","Defend_B","Defend_B","Defend_B","Zap","Dualcast","Metamorphosis+1","Bandage Up","PanicButton","Deep Breath","Enlightenment","Coolheaded","Noxious Fumes","Cold Snap","Rip and Tear","Capacitor","Loop","Coolheaded","Self Repair"],"special_seed":17930,"relics":["Cracked Core","DataDisk"],"potions_floor_usage":[11,13,13],"damage_taken":[{"damage":0,"enemies":"2 Louse","floor":1,"turns":2},{"damage":2,"enemies":"Cultist","floor":3,"turns":3},{"damage":14,"enemies":"Jaw Worm","floor":4,"turns":2},{"damage":12,"enemies":"Looter","floor":7,"turns":3},{"damage":14,"enemies":"Gremlin Gang","floor":11,"turns":2},{"damage":17,"enemies":"2 Fungi Beasts","floor":12,"turns":3},{"damage":16,"enemies":"Large Slime","floor":13,"turns":3},{"damage":36,"enemies":"The Guardian","floor":16,"turns":8}],"seed_played":"8747077811986150983","potions_obtained":[{"floor":1,"key":"Poison Potion"},{"floor":2,"key":"Fire Potion"},{"floor":4,"key":"Explosive Potion"},{"floor":7,"key":"Block Potion"},{"floor":13,"key":"SteroidPotion"}],"is_trial":false,"path_per_floor":["M","?","M","M","$","R","M","?","T","$","M","M","M","$","R","B"],"character_chosen":"DEFECT","items_purchased":["Rip and Tear","Loop","Self Repair"],"campfire_rested":1,"item_purchase_floors":[5,10,14],"current_hp_per_floor":[75,75,73,61,61,61,53,53,53,53,39,26,10,10,32,0],"gold":29,"neow_bonus":"","is_prod":false,"is_daily":true,"chose_seed":false,"campfire_upgraded":1,"win_rate":0,"timestamp":1549158680,"path_taken":["M","?","M","M","$","R","?","?","T","?","M","M","M","$","R","BOSS"],"build_version":"2019-01-23","purchased_purges":0,"victory":false,"max_hp_per_floor":[75,75,75,75,75,75,75,75,75,75,75,75,75,75,75,75],"card_choices":[{"not_picked":["All Out Attack","Steam"],"picked":"Coolheaded","floor":1},{"not_picked":["Infinite Blades","Slice"],"picked":"Noxious Fumes","floor":3},{"not_picked":["Outmaneuver","Genetic Algorithm"],"picked":"Cold Snap","floor":4},{"not_picked":["Calculated Gamble","Prepared"],"picked":"Capacitor","floor":7},{"not_picked":["Bouncing Flask","Compile Driver","Dagger Spray"],"picked":"SKIP","floor":11},{"not_picked":["Steam","Ball Lightning","Flechettes"],"picked":"SKIP","floor":12},{"not_picked":["Compile Driver","Endless Agony"],"picked":"Coolheaded","floor":13}],"player_experience":455851,"relics_obtained":[{"floor":9,"key":"DataDisk"}],"event_choices":[{"damage_healed":0,"gold_gain":0,"player_choice":"Bought 1 Potion","damage_taken":0,"max_hp_gain":0,"max_hp_loss":0,"event_name":"The Woman in Blue","floor":2,"gold_loss":0},{"cards_removed":["Defend_B"],"damage_healed":0,"gold_gain":0,"player_choice":"Forget","damage_taken":0,"max_hp_gain":0,"max_hp_loss":0,"event_name":"Living Wall","floor":8,"gold_loss":0}],"is_beta":false,"boss_relics":[],"items_purged_floors":[],"is_endless":false,"potions_floor_spawned":[1,4,7,13],"killed_by":"The Guardian","ascension_level":0}