{"gold_per_floor":[116,116,131,56,73,73,90,122,122,122,139,60,72,72,72,172,172,188,188,208,10,29,29,39,39,39,70,70,98,98,98],"floor_reached":31,"playtime":1104,"items_purged":["Strike_G"],"score":465,"play_id":"aa37e7f4-37e2-4315-885f-6b17eebb84be","local_time":"20190130214651","is_ascension_mode":true,"campfire_choices":[{"data":"Deadly Poison","floor":6,"key":"SMITH"},{"data":"Noxious Fumes","floor":10,"key":"SMITH"},{"data":"Noxious Fumes","floor":15,"key":"SMITH"},{"data":"Malaise","floor":23,"key":"SMITH"},{"data":"Crippling Poison","floor":25,"key":"SMITH"},{"data":"Blur","floor":30,"key":"SMITH"}],"neow_cost":"NONE","seed_source_timestamp":1938180668366509,"circlet_count":0,"master_deck":["AscendersBane","Defend_G","Defend_G","Defend_G","Defend_G","Defend_G","Strike_G","Strike_G","Strike_G","Strike_G","Survivor","Neutralize","Blur","Deadly Poison+1","Crippling Poison","Noxious Fumes+1","Deadly Poison","Crippling Poison+1","Noxious Fumes+1","Blur+1","Malaise+1","Dash","Noxious Fumes+1","Backstab+1","Terror+1","Well Laid Plans"],"relics":["Ring of the Snake","NeowsBlessing","CultistMask","Girya","Meat on the Bone","Eternal Feather","DollysMirror","PreservedInsect","Toxic Egg 2","Matryoshka","WingedGreaves"],"potions_floor_usage":[13,16,22,29,31],"damage_taken":[{"damage":0,"enemies":"Jaw Worm","floor":1,"turns":1},{"damage":0,"enemies":"Cultist","floor":3,"turns":1},{"damage":0,"enemies":"Small Slimes","floor":5,"turns":1},{"damage":5,"enemies":"2 Fungi Beasts","floor":7,"turns":4},{"damage":14,"enemies":"3 Sentries","floor":8,"turns":8},{"damage":10,"enemies":"Large Slime","floor":11,"turns":6},{"damage":10,"enemies":"Exordium Wildlife","floor":13,"turns":3},{"damage":14,"enemies":"The Guardian","floor":16,"turns":7},{"damage":9,"enemies":"Spheric Guardian","floor":18,"turns":4},{"damage":7,"enemies":"Chosen","floor":20,"turns":7},{"damage":39,"enemies":"3 Cultists","floor":22,"turns":5},{"damage":6,"enemies":"Snecko","floor":24,"turns":5},{"damage":17,"enemies":"Book of Stabbing","floor":27,"turns":8},{"damage":0,"enemies":"Gremlin Leader","floor":29,"turns":6},{"damage":59,"enemies":"Slavers","floor":31,"turns":4}],"seed_played":"-1411564052484570197","potions_obtained":[{"floor":5,"key":"Energy Potion"},{"floor":7,"key":"FearPotion"},{"floor":11,"key":"SkillPotion"},{"floor":18,"key":"Dexterity Potion"},{"floor":22,"key":"GhostInAJar"},{"floor":27,"key":"GamblersBrew"}],"is_trial":false,"path_per_floor":["M","?","M","$","M","R","M","E","T","R","M","$","M","$","R","B",null,"M","?","M","$","M","R","M","R","T","E","T","E","R","E"],"character_chosen":"THE_SILENT","items_purchased":["Noxious Fumes","DollysMirror"],"campfire_rested":0,"item_purchase_floors":[12,21],"current_hp_per_floor":[63,63,63,63,63,63,58,44,44,44,46,46,36,36,36,34,61,52,52,45,45,18,30,36,48,48,43,43,43,58,0],"gold":98,"neow_bonus":"THREE_ENEMY_KILL","is_prod":false,"is_daily":false,"chose_seed":false,"campfire_upgraded":6,"win_rate":0,"timestamp":1548913611,"path_taken":["M","?","?","?","?","R","M","E","T","R","M","?","M","$","R","BOSS","M","?","M","$","M","R","M","R","T","E","?","E","R","E"],"build_version":"2019-01-23","purchased_purges":1,"victory":false,"max_hp_per_floor":[70,70,70,70,70,70,70,70,70,70,70,70,70,70,70,70,70,70,70,70,70,70,70,70,70,70,70,70,70,70,70],"card_choices":[{"not_picked":["Sucker Punch","Slice"],"picked":"Blur","floor":1},{"not_picked":["Sucker Punch","Tactician"],"picked":"Deadly Poison","floor":3},{"not_picked":["Blade Dance","Flying Knee"],"picked":"Crippling Poison","floor":5},{"not_picked":["Acrobatics","Distraction"],"picked":"Noxious Fumes","floor":7},{"not_picked":["Slice","Tools of the Trade"],"picked":"Deadly Poison","floor":8},{"not_picked":["PiercingWail","Dagger Spray"],"picked":"Crippling Poison","floor":11},{"not_picked":["PiercingWail","Bouncing Flask"],"picked":"Blur","floor":13},{"not_picked":["Tools of the Trade","A Thousand Cuts"],"picked":"Malaise","floor":16},{"not_picked":["Sucker Punch+1","Cloak And Dagger+1","Reflex+1"],"picked":"SKIP","floor":18},{"not_picked":["Endless Agony","Flying Knee"],"picked":"Dash","floor":20},{"not_picked":["Acrobatics","Flying Knee+1"],"picked":"Backstab+1","floor":22},{"not_picked":["Poisoned Stab+1","Caltrops","Dagger Spray"],"picked":"SKIP","floor":24},{"not_picked":["Sucker Punch","Masterful Stab"],"picked":"Terror+1","floor":27},{"not_picked":["Poisoned Stab+1","Acrobatics+1"],"picked":"Well Laid Plans","floor":29}],"player_experience":442900,"relics_obtained":[{"floor":8,"key":"Girya"},{"floor":9,"key":"Meat on the Bone"},{"floor":26,"key":"PreservedInsect"},{"floor":27,"key":"Toxic Egg 2"},{"floor":28,"key":"Matryoshka"},{"floor":29,"key":"WingedGreaves"}],"event_choices":[{"damage_healed":0,"gold_gain":0,"player_choice":"Trade","damage_taken":0,"relics_obtained":["CultistMask"],"max_hp_gain":0,"max_hp_loss":0,"event_name":"FaceTrader","floor":2,"gold_loss":0},{"damage_healed":0,"gold_gain":0,"player_choice":"Ignored","damage_taken":0,"max_hp_gain":0,"max_hp_loss":0,"event_name":"Ghosts","floor":19,"gold_loss":0}],"is_beta":false,"boss_relics":[{"not_picked":["WristBlade","HoveringKite"],"picked":"Eternal Feather"}],"items_purged_floors":[4],"is_endless":false,"potions_floor_spawned":[5,7,11,18,22,27],"killed_by":"Slavers","ascension_level":11}