{"gold_per_floor":[113,63,138,20,20,51,51,84,110,110,110,136,198,275,275,372,372,359,374,41,91,141,141,155,155,155,174,199,199,218,244,244,340,340,358,461,472,522,216,216,115,141,141,141,170,181,199,213,213,213],"floor_reached":51,"playtime":3425,"items_purged":["Strike_G","Strike_G+1","Strike_G+1"],"score":1159,"play_id":"240cb044-1d8b-4397-9397-307c4c3a800b","local_time":"20190408114928","is_ascension_mode":true,"campfire_choices":[{"data":"Neutralize","floor":7.0,"key":"SMITH"},{"data":"Footwork","floor":11.0,"key":"SMITH"},{"floor":15.0,"key":"REST"},{"floor":23.0,"key":"REST"},{"data":"Wraith Form v2","floor":25.0,"key":"SMITH"},{"floor":29.0,"key":"REST"},{"floor":32.0,"key":"REST"},{"data":"Burst","floor":40,"key":"SMITH"},{"data":"Crippling Poison","floor":44,"key":"SMITH"},{"data":"Burst","floor":49,"key":"SMITH"}],"neow_cost":"NONE","seed_source_timestamp":398025035578719,"circlet_count":0,"master_deck":["Defend_G","Defend_G","Defend_G+1","Defend_G","Defend_G","Survivor","Neutralize+1","Poisoned Stab","Footwork+1","Deadly Poison","Corpse Explosion","Bullet Time","Footwork","Wraith Form v2+1","Leg Sweep","Deadly Poison","Crippling Poison","PiercingWail","Acrobatics+1","Burst+1","Backflip+1","Calculated Gamble","Blade Dance+1","Bouncing Flask","Footwork","Crippling Poison+1","Caltrops+1","Burst+1","Parasite","Leg Sweep+1","Skewer+1"],"special_seed":0,"relics":["Ring of the Snake","NeowsBlessing","Smiling Mask","Happy Flower","Whetstone","SsserpentHead","Paper Crane","Omamori","Black Star","TwistedFunnel","Blue Candle","Lantern","Letter Opener","Bag of Marbles","Pen Nib","Ancient Tea Set","Cursed Key","Mango","Oddly Smooth Stone","Tingsha","War Paint","Dodecahedron","Snake Skull","Bronze Scales"],"potions_floor_usage":[50],"damage_taken":[{"damage":0.0,"enemies":"2 Louse","floor":1.0,"turns":1.0},{"damage":0.0,"enemies":"Gremlin Nob","floor":6.0,"turns":1.0},{"damage":0.0,"enemies":"3 Sentries","floor":8.0,"turns":2.0},{"damage":22.0,"enemies":"Gremlin Nob","floor":12.0,"turns":5.0},{"damage":0.0,"enemies":"Jaw Worm","floor":13.0,"turns":5.0},{"damage":19.0,"enemies":"Slime Boss","floor":16.0,"turns":13.0},{"damage":5.0,"enemies":"2 Thieves","floor":18.0,"turns":4.0},{"damage":15.0,"enemies":"Spheric Guardian","floor":19.0,"turns":4.0},{"damage":8.0,"enemies":"3 Cultists","floor":24.0,"turns":4.0},{"damage":9.0,"enemies":"Centurion and Healer","floor":27.0,"turns":5.0},{"damage":10.0,"enemies":"Gremlin Leader","floor":28.0,"turns":8.0},{"damage":3.0,"enemies":"Shelled Parasite and Fungi","floor":30.0,"turns":5.0},{"damage":14.0,"enemies":"Slavers","floor":31.0,"turns":3.0},{"damage":37.0,"enemies":"Champ","floor":33.0,"turns":15.0},{"damage":0.0,"enemies":"3 Darklings","floor":35.0,"turns":3.0},{"damage":2.0,"enemies":"2 Orb Walkers","floor":36.0,"turns":4.0},{"damage":3.0,"enemies":"3 Shapes","floor":37.0,"turns":3.0},{"damage":0,"enemies":"Reptomancer","floor":42,"turns":6},{"damage":0,"enemies":"Nemesis","floor":45,"turns":9},{"damage":0,"enemies":"Writhing Mass","floor":46,"turns":3},{"damage":2,"enemies":"Sphere and 2 Shapes","floor":47,"turns":3},{"damage":0,"enemies":"Transient","floor":48,"turns":5},{"damage":21,"enemies":"Donu and Deca","floor":50,"turns":6}],"seed_played":"1736642155116194188","potions_obtained":[{"floor":6.0,"key":"Strength Potion"},{"floor":12.0,"key":"AttackPotion"},{"floor":13.0,"key":"AttackPotion"},{"floor":18.0,"key":"Explosive Potion"},{"floor":28.0,"key":"Weak Potion"},{"floor":35.0,"key":"Poison Potion"},{"floor":37.0,"key":"SpeedPotion"},{"floor":42,"key":"LiquidBronze"},{"floor":48,"key":"Swift Potion"}],"is_trial":false,"path_per_floor":["M","?","?","$","T","E","R","E","T","?","R","E","M","T","R","B",null,"M","M","$","?","?","R","M","R","T","M","E","R","M","E","R","B",null,"M","?","M","?","$","R","$","E","T","R","E","M","M","M","R","B",null],"character_chosen":"THE_SILENT","items_purchased":["Footwork","Deadly Poison","TwistedFunnel","Leg Sweep","Oddly Smooth Stone","Footwork","Crippling Poison","Explosive Potion"],"campfire_rested":4,"item_purchase_floors":[4,4,20,20,39,39,39,41],"current_hp_per_floor":[63,63,52,52,52,52,52,52,52,52,52,30,30,30,51,32,61,56,41,41,41,28,50,42,42,42,33,23,45,42,28,50,13,60,60,72,69,69,69,69,69,69,69,69,69,69,67,67,67,46],"gold":213,"neow_bonus":"THREE_ENEMY_KILL","is_prod":false,"is_daily":false,"chose_seed":false,"campfire_upgraded":6,"win_rate":0,"timestamp":1554716968,"path_taken":["M","?","?","$","?","E","R","E","T","?","R","E","?","?","R","BOSS","M","M","$","?","?","R","M","R","T","M","E","R","M","E","R","BOSS","M","?","M","?","$","R","$","E","T","R","E","M","M","M","R","BOSS"],"build_version":"2019-01-23","purchased_purges":3,"victory":true,"max_hp_per_floor":[70,70,70,70,70,70,70,70,70,70,70,70,70,70,70,70,70,70,70,70,70,75,75,75,75,75,75,75,75,75,75,75,75,75,75,89,89,89,89,89,89,89,89,89,89,89,89,89,89,89],"card_choices":[{"not_picked":["Slice","Flechettes"],"picked":"Poisoned Stab","floor":1.0},{"not_picked":["PiercingWail","Backstab"],"picked":"Corpse Explosion","floor":6.0},{"not_picked":["Backflip","Flying Knee"],"picked":"Bullet Time","floor":8.0},{"not_picked":["Poisoned Stab","Bane"],"picked":"Footwork","floor":12.0},{"not_picked":["Tactician","Expertise","Quick Slash"],"picked":"SKIP","floor":13.0},{"not_picked":["Bullet Time","Malaise"],"picked":"Wraith Form v2","floor":16.0},{"not_picked":["Cloak And Dagger","Outmaneuver","Sucker Punch"],"picked":"SKIP","floor":18.0},{"not_picked":["Flechettes+1","Accuracy+1","All Out Attack"],"picked":"SKIP","floor":19.0},{"not_picked":["Choke","Quick Slash+1"],"picked":"Deadly Poison","floor":24.0},{"not_picked":["Bane+1","Endless Agony"],"picked":"Crippling Poison","floor":27.0},{"not_picked":["Underhanded Strike","Quick Slash+1"],"picked":"PiercingWail","floor":28.0},{"not_picked":["Outmaneuver","Deadly Poison"],"picked":"Acrobatics","floor":30.0},{"not_picked":["Masterful Stab","Blade Dance"],"picked":"Burst","floor":31.0},{"not_picked":["Backstab+1","Cloak And Dagger+1"],"picked":"Backflip+1","floor":35.0},{"not_picked":["Acrobatics","Quick Slash"],"picked":"Calculated Gamble","floor":36.0},{"not_picked":["Sucker Punch","Dagger Spray"],"picked":"Blade Dance+1","floor":37.0},{"not_picked":["Corpse Explosion","Cloak And Dagger+1"],"picked":"Caltrops+1","floor":42},{"not_picked":["Sucker Punch+1","Accuracy+1"],"picked":"Burst","floor":45},{"not_picked":["Deflect","Concentrate+1","Deadly Poison+1"],"picked":"SKIP","floor":46},{"not_picked":["Sucker Punch","Cloak And Dagger"],"picked":"Leg Sweep+1","floor":47},{"not_picked":["Underhanded Strike+1","Acrobatics"],"picked":"Skewer+1","floor":48}],"player_experience":414453,"relics_obtained":[{"floor":5.0,"key":"Smiling Mask"},{"floor":6.0,"key":"Happy Flower"},{"floor":8.0,"key":"Whetstone"},{"floor":12.0,"key":"Paper Crane"},{"floor":14.0,"key":"Omamori"},{"floor":26.0,"key":"Lantern"},{"floor":28.0,"key":"Letter Opener"},{"floor":28.0,"key":"Bag of Marbles"},{"floor":31.0,"key":"Pen Nib"},{"floor":31.0,"key":"Ancient Tea Set"},{"floor":36.0,"key":"Mango"},{"floor":42,"key":"Tingsha"},{"floor":42,"key":"War Paint"},{"floor":43,"key":"Dodecahedron"},{"floor":45,"key":"Snake Skull"},{"floor":45,"key":"Bronze Scales"}],"event_choices":[{"cards_removed":["Strike_G"],"damage_healed":0.0,"max_hp_gain":0.0,"max_hp_loss":0.0,"gold_gain":0.0,"event_name":"The Cleric","player_choice":"Card Removal","floor":2.0,"gold_loss":50.0,"damage_taken":0.0},{"damage_healed":0.0,"max_hp_gain":0.0,"max_hp_loss":0.0,"gold_gain":75.0,"event_name":"World of Goop","player_choice":"Gather Gold","floor":3.0,"gold_loss":0.0,"damage_taken":11.0},{"damage_healed":0.0,"max_hp_gain":0.0,"max_hp_loss":0.0,"gold_gain":0.0,"event_name":"FaceTrader","player_choice":"Trade","floor":10.0,"gold_loss":0.0,"damage_taken":0.0,"relics_obtained":["SsserpentHead"]},{"damage_healed":0.0,"max_hp_gain":0.0,"max_hp_loss":0.0,"gold_gain":0.0,"event_name":"The Mausoleum","player_choice":"Opened","floor":21.0,"gold_loss":0.0,"damage_taken":0.0,"relics_obtained":["Blue Candle"],"cards_obtained":["Writhe"]},{"damage_healed":0.0,"max_hp_gain":5.0,"max_hp_loss":0.0,"gold_gain":0.0,"event_name":"Forgotten Altar","player_choice":"Shed Blood","floor":22.0,"gold_loss":0.0,"damage_taken":18.0},{"damage_healed":0.0,"max_hp_gain":0.0,"max_hp_loss":0.0,"gold_gain":0.0,"event_name":"Mysterious Sphere","player_choice":"Fight","floor":36.0,"gold_loss":0.0,"damage_taken":0.0},{"damage_healed":0,"gold_gain":0,"cards_transformed":["Strike_G"],"player_choice":"Transformed","damage_taken":0,"max_hp_gain":0,"max_hp_loss":0,"event_name":"Transmorgrifier","floor":38,"gold_loss":0,"cards_obtained":["Bouncing Flask"]}],"is_beta":false,"boss_relics":[{"not_picked":["Philosopher\u0027s Stone","Ectoplasm"],"picked":"Black Star"},{"not_picked":["WristBlade","Velvet Choker"],"picked":"Cursed Key"}],"items_purged_floors":[20,39,41],"is_endless":false,"potions_floor_spawned":[6,12,13,18,28,35,37,42,48],"ascension_level":6}