{"gold_per_floor":[114,114,41,41,56,56,69,84,130,130,161,174,193,268,268,367,367,384,384,395,63,63,63],"floor_reached":23,"playtime":1521,"items_purged":["Strike_G"],"score":277,"play_id":"bd637471-dec0-400f-895d-13bf9eaf9686","local_time":"20181220133124","is_ascension_mode":true,"campfire_choices":[{"data":"Dagger Spray","floor":6,"key":"SMITH"},{"data":"Poisoned Stab","floor":10,"key":"SMITH"},{"data":"Footwork","floor":15,"key":"SMITH"}],"neow_cost":"PERCENT_DAMAGE","seed_source_timestamp":625732507675138,"circlet_count":0,"master_deck":["Defend_G","Defend_G","Defend_G","Defend_G","Strike_G+1","Strike_G+1","Survivor","Neutralize","Prepared","Footwork+1","Dagger Spray+1","Poisoned Stab+1","Cloak And Dagger","Cloak And Dagger","Deadly Poison","Envenom","Escape Plan"],"relics":["Snake Skull","Whetstone","Sozu","Nloth\u0027s Gift","Toxic Egg 2"],"potions_floor_usage":[16,20],"damage_taken":[{"damage":1,"enemies":"Small Slimes","floor":1,"turns":5},{"damage":1,"enemies":"Jaw Worm","floor":5,"turns":9},{"damage":0,"enemies":"Cultist","floor":7,"turns":3},{"damage":5,"enemies":"2 Fungi Beasts","floor":8,"turns":3},{"damage":9,"enemies":"Lagavulin","floor":11,"turns":6},{"damage":0,"enemies":"Blue Slaver","floor":12,"turns":4},{"damage":7,"enemies":"Red Slaver","floor":13,"turns":4},{"damage":0,"enemies":"Hexaghost","floor":16,"turns":9},{"damage":14,"enemies":"Spheric Guardian","floor":18,"turns":6},{"damage":11,"enemies":"2 Thieves","floor":20,"turns":4},{"damage":45,"enemies":"Gremlin Leader","floor":23,"turns":3}],"seed_played":"-8807992524682257526","potions_obtained":[{"floor":8,"key":"SmokeBomb"},{"floor":11,"key":"FearPotion"},{"floor":12,"key":"EssenceOfSteel"},{"floor":16,"key":"LiquidBronze"}],"is_trial":false,"path_per_floor":["M","?","$","?","M","R","M","M","T","R","E","M","M","?","R","B",null,"M","?","M","$","$","E"],"character_chosen":"THE_SILENT","items_purchased":["Footwork","Toxic Egg 2"],"campfire_rested":0,"item_purchase_floors":[3,21],"current_hp_per_floor":[48,48,48,70,69,69,69,64,64,64,55,55,48,37,37,37,70,56,56,45,45,45,0],"gold":63,"neow_bonus":"REMOVE_TWO","is_prod":false,"is_daily":false,"chose_seed":false,"campfire_upgraded":3,"win_rate":0,"timestamp":1545341484,"path_taken":["M","?","$","?","?","R","M","M","T","R","E","M","M","?","R","BOSS","M","?","?","?","$","E"],"build_version":"2018-12-13","purchased_purges":1,"victory":false,"max_hp_per_floor":[70,70,70,70,70,70,70,70,70,70,70,70,70,70,70,70,70,70,70,70,70,70,70],"card_choices":[{"not_picked":["Poisoned Stab","Quick Slash"],"picked":"Prepared","floor":1},{"not_picked":["Flying Knee","Slice"],"picked":"Dagger Spray","floor":5},{"not_picked":["All Out Attack","Prepared"],"picked":"Poisoned Stab","floor":7},{"not_picked":["Flying Knee","Prepared"],"picked":"Cloak And Dagger","floor":8},{"not_picked":["Distraction","Storm of Steel"],"picked":"Cloak And Dagger","floor":11},{"not_picked":["Dodge and Roll","PiercingWail"],"picked":"Deadly Poison","floor":12},{"not_picked":["Dagger Spray","PiercingWail","Bane"],"picked":"SKIP","floor":13},{"not_picked":["Bullet Time","After Image"],"picked":"Envenom","floor":16},{"not_picked":["PiercingWail","Bane","Dagger Throw"],"picked":"SKIP","floor":18},{"not_picked":["Flying Knee+1","Acrobatics+1"],"picked":"Escape Plan","floor":20}],"player_experience":138255,"relics_obtained":[{"floor":9,"key":"Snake Skull"},{"floor":11,"key":"Whetstone"}],"event_choices":[{"cards_removed":["Strike_G"],"damage_healed":0,"gold_gain":0,"player_choice":"Forget","damage_taken":0,"max_hp_gain":0,"max_hp_loss":0,"event_name":"Living Wall","floor":2,"gold_loss":0},{"damage_healed":22,"gold_gain":0,"player_choice":"Full Heal","damage_taken":0,"max_hp_gain":0,"max_hp_loss":0,"event_name":"Wheel of Change","floor":4,"gold_loss":0},{"damage_healed":0,"gold_gain":75,"player_choice":"Gather Gold","damage_taken":11,"max_hp_gain":0,"max_hp_loss":0,"event_name":"World of Goop","floor":14,"gold_loss":0},{"damage_healed":0,"gold_gain":0,"player_choice":"Traded Relic","damage_taken":0,"relics_obtained":["Nloth\u0027s Gift"],"max_hp_gain":0,"max_hp_loss":0,"event_name":"N\u0027loth","floor":19,"relics_lost":["Ring of the Snake"],"gold_loss":0}],"is_beta":false,"boss_relics":[{"not_picked":["Pandora\u0027s Box","Lizard Tail"],"picked":"Sozu"}],"items_purged_floors":[21],"is_endless":false,"potions_floor_spawned":[8,11,12,16],"killed_by":"Gremlin Leader","ascension_level":3}