{"gold_per_floor":[114,129,144,144,159,159,189,189,214,214,139,154,169,184,184,284,284,284,284,8,8,8,8,8,8,8,8,8,8,8,8,8,8,8,8,8,8,8,8,8,8,8,8,8,8,8,8,8,8,8],"floor_reached":50,"playtime":2150,"items_purged":["Zap"],"score":548,"play_id":"a60ed45d-03d3-4056-908f-0ad0afcefd1b","local_time":"20190513235440","daily_mods":["Chimera","Uncertain Future","Lethality"],"is_ascension_mode":false,"campfire_choices":[{"data":"Inflame","floor":6,"key":"SMITH"},{"data":"Sword Boomerang","floor":8,"key":"SMITH"},{"data":"Sword Boomerang","floor":15,"key":"SMITH"},{"data":"Limit Break","floor":25,"key":"SMITH"},{"data":"Limit Break","floor":29,"key":"SMITH"},{"data":"Whirlwind","floor":32,"key":"SMITH"},{"data":"Heavy Blade","floor":41,"key":"SMITH"},{"data":"Impervious","floor":47,"key":"SMITH"},{"floor":49,"key":"REST"}],"neow_cost":"","seed_source_timestamp":2090633618307727,"circlet_count":0,"master_deck":["Bash","Survivor","Defend_R","Defend_G","Defend_B","Sword Boomerang+1","Disarm","Sword Boomerang+1","Ghostly Armor","Disarm","Limit Break+1","Limit Break+1","Inflame","Whirlwind+1","Impervious+1","Armaments+1","Bloodletting+1","Rage+1","Heavy Blade+1","Secret Weapon","Battle Trance+1","Shockwave+1","Seeing Red+1"],"special_seed":18030,"relics":["Burning Blood","Blue Candle","Strawberry","Bottled Lightning","Ectoplasm","DollysMirror","Unceasing Top","Pear","Meat on the Bone","Astrolabe","Bird Faced Urn","Dodecahedron","Prayer Wheel"],"potions_floor_usage":[16,21,23,23,30,40,42,46,46,50],"damage_taken":[{"damage":9,"enemies":"Cultist","floor":1,"turns":3},{"damage":0,"enemies":"2 Louse","floor":2,"turns":1},{"damage":6,"enemies":"Jaw Worm","floor":3,"turns":2},{"damage":17,"enemies":"Large Slime","floor":5,"turns":4},{"damage":11,"enemies":"Lagavulin","floor":7,"turns":5},{"damage":11,"enemies":"Looter","floor":12,"turns":2},{"damage":0,"enemies":"Exordium Wildlife","floor":13,"turns":2},{"damage":8,"enemies":"2 Fungi Beasts","floor":14,"turns":3},{"damage":13,"enemies":"The Guardian","floor":16,"turns":6},{"damage":0,"enemies":"Chosen","floor":18,"turns":3},{"damage":8,"enemies":"Spheric Guardian","floor":19,"turns":3},{"damage":16,"enemies":"Snecko","floor":21,"turns":3},{"damage":0,"enemies":"Snake Plant","floor":22,"turns":2},{"damage":28,"enemies":"Gremlin Leader","floor":23,"turns":3},{"damage":16,"enemies":"3 Cultists","floor":28,"turns":4},{"damage":3,"enemies":"Cultist and Chosen","floor":30,"turns":3},{"damage":28,"enemies":"Collector","floor":33,"turns":5},{"damage":9,"enemies":"3 Shapes","floor":35,"turns":2},{"damage":35,"enemies":"3 Darklings","floor":38,"turns":5},{"damage":18,"enemies":"Spire Growth","floor":39,"turns":4},{"damage":11,"enemies":"Giant Head","floor":40,"turns":5},{"damage":47,"enemies":"4 Shapes","floor":42,"turns":3},{"damage":15,"enemies":"Sphere and 2 Shapes","floor":44,"turns":3},{"damage":37,"enemies":"Writhing Mass","floor":46,"turns":3},{"damage":4,"enemies":"Mind Bloom Boss Battle","floor":48,"turns":4},{"damage":110,"enemies":"Donu and Deca","floor":50,"turns":5}],"seed_played":"7474928015794905263","potions_obtained":[{"floor":1,"key":"Poison Potion"},{"floor":7,"key":"Regen Potion"},{"floor":12,"key":"Energy Potion"},{"floor":13,"key":"FearPotion"},{"floor":16,"key":"GamblersBrew"},{"floor":18,"key":"EssenceOfSteel"},{"floor":21,"key":"Energy Potion"},{"floor":28,"key":"Fire Potion"},{"floor":38,"key":"BloodPotion"},{"floor":39,"key":"Weak Potion"},{"floor":44,"key":"BloodPotion"},{"floor":48,"key":"BloodPotion"}],"is_trial":false,"path_per_floor":["M","M","M","?","M","R","E","R","T","T","$","M","M","M","R","B",null,"M","M","$","M","M","E","?","R","T","?","M","R","M","$","R","B",null,"M","?","?","M","M","E","R","M","T","M","$","M","R","?","R","B"],"character_chosen":"IRONCLAD","items_purchased":["DollysMirror","Inflame"],"campfire_rested":1,"item_purchase_floors":[20,20],"current_hp_per_floor":[77,80,80,85,74,74,69,69,76,76,76,71,77,75,75,68,92,92,90,90,80,86,69,69,69,79,79,69,69,72,72,72,62,102,99,99,99,70,58,65,65,36,36,41,41,44,44,60,90,0],"gold":8,"neow_bonus":"","is_prod":false,"is_daily":true,"chose_seed":false,"campfire_upgraded":8,"win_rate":0,"timestamp":1557816880,"path_taken":["M","?","M","?","M","R","E","R","T","?","$","M","M","M","R","BOSS","M","M","$","M","M","E","?","R","T","?","M","R","M","?","R","BOSS","M","?","?","M","M","E","R","M","T","M","$","M","R","?","R","BOSS"],"build_version":"2019-01-23","purchased_purges":1,"victory":false,"max_hp_per_floor":[80,80,80,85,85,85,85,85,92,92,92,92,92,92,92,92,92,92,92,92,92,92,92,92,92,102,102,102,102,102,102,102,102,102,102,102,102,102,102,102,102,102,102,102,102,102,102,102,102,102],"card_choices":[{"not_picked":["Second Wind","Clash"],"picked":"Sword Boomerang","floor":1},{"not_picked":["Anger","Armaments"],"picked":"Disarm","floor":2},{"not_picked":["Thunderclap","Clothesline"],"picked":"Inflame","floor":3},{"not_picked":["Body Slam","Bloodletting","Feel No Pain"],"picked":"SKIP","floor":5},{"not_picked":["Armaments","Wild Strike"],"picked":"Sword Boomerang","floor":7},{"not_picked":["Perfected Strike","Warcry"],"picked":"Ghostly Armor","floor":12},{"not_picked":["Pommel Strike","Clothesline"],"picked":"Disarm","floor":13},{"not_picked":["Wild Strike","Sentinel","Thunderclap"],"picked":"SKIP","floor":14},{"not_picked":["Impervious","Dark Embrace"],"picked":"Limit Break","floor":16},{"not_picked":["Armaments","Havoc","Anger"],"picked":"SKIP","floor":18},{"not_picked":["Feel No Pain","Warcry+1","Pommel Strike+1"],"picked":"SKIP","floor":19},{"not_picked":["Pummel+1","Twin Strike"],"picked":"Whirlwind","floor":21},{"not_picked":["Clash+1","Pummel","Twin Strike"],"picked":"SKIP","floor":22},{"not_picked":["Whirlwind","Cleave+1","Fire Breathing"],"picked":"SKIP","floor":23},{"not_picked":["True Grit","Burning Pact","Pommel Strike"],"picked":"SKIP","floor":28},{"not_picked":["Fire Breathing+1","Pummel","Rampage+1"],"picked":"SKIP","floor":30},{"not_picked":["Juggernaut","Fiend Fire"],"picked":"Impervious","floor":33},{"not_picked":["Perfected Strike+1","Havoc+1"],"picked":"Heavy Blade","floor":35},{"not_picked":["Panache","Apotheosis"],"picked":"Secret Weapon","floor":36},{"not_picked":["Clash+1","Armaments"],"picked":"Battle Trance+1","floor":38},{"not_picked":["Sword Boomerang+1","Wild Strike+1","Infernal Blade"],"picked":"SKIP","floor":39},{"not_picked":["Power Through+1","Clash+1","Iron Wave+1"],"picked":"SKIP","floor":40},{"not_picked":["Carnage","Sentinel+1"],"picked":"Shockwave+1","floor":42},{"not_picked":["Feel No Pain+1","Combust"],"picked":"Seeing Red+1","floor":44},{"not_picked":["Flex","Reaper","Evolve+1"],"picked":"SKIP","floor":46}],"player_experience":571843,"relics_obtained":[{"floor":7,"key":"Blue Candle"},{"floor":9,"key":"Strawberry"},{"floor":10,"key":"Bottled Lightning"},{"floor":23,"key":"Unceasing Top"},{"floor":26,"key":"Pear"},{"floor":40,"key":"Bird Faced Urn"},{"floor":43,"key":"Dodecahedron"},{"floor":48,"key":"Prayer Wheel"}],"event_choices":[{"damage_healed":0,"gold_gain":0,"player_choice":"Donut","damage_taken":0,"max_hp_gain":5,"max_hp_loss":0,"event_name":"Big Fish","floor":4,"gold_loss":0},{"damage_healed":0,"gold_gain":0,"player_choice":"Ignored","damage_taken":0,"max_hp_gain":0,"max_hp_loss":0,"event_name":"Vampires","floor":24,"gold_loss":0},{"damage_healed":0,"gold_gain":0,"player_choice":"Opened","damage_taken":0,"relics_obtained":["Meat on the Bone"],"max_hp_gain":0,"max_hp_loss":0,"event_name":"The Mausoleum","floor":27,"gold_loss":0},{"damage_healed":0,"gold_gain":0,"player_choice":"Memory 1","damage_taken":0,"max_hp_gain":0,"max_hp_loss":0,"event_name":"SensoryStone","floor":36,"gold_loss":0},{"cards_removed":["Inflame"],"damage_healed":0,"gold_gain":0,"player_choice":"Removed Power","damage_taken":0,"max_hp_gain":0,"max_hp_loss":0,"event_name":"Falling","floor":37,"gold_loss":0},{"damage_healed":0,"gold_gain":0,"player_choice":"Fight","damage_taken":0,"max_hp_gain":0,"max_hp_loss":0,"event_name":"MindBloom","floor":48,"gold_loss":0}],"is_beta":false,"boss_relics":[{"not_picked":["Busted Crown","Fusion Hammer"],"picked":"Ectoplasm"},{"not_picked":["Snecko Eye","Philosopher\u0027s Stone"],"picked":"Astrolabe"}],"items_purged_floors":[11],"is_endless":false,"potions_floor_spawned":[1,7,12,13,16,18,21,28,38,39,44,48],"killed_by":"Donu and Deca","ascension_level":0}