{"gold_per_floor":[117,117,133,133,133,133,60,60,60,74,98,98,116,41,41,161,161,186,186,210,231,231,231,265,265,265,265,280,280,294,310,310,438,438,451,113,137,137,153,153,167,167,167,42,403,403,428,452,452,452],"floor_reached":51,"playtime":7869,"items_purged":["Strike_G","Defend_G","Defend_G"],"score":661,"play_id":"0062ebbf-d494-46eb-96a2-c29c61f36566","local_time":"20181203223319","is_ascension_mode":false,"campfire_choices":[{"data":"Calculated Gamble","floor":6,"key":"SMITH"},{"data":"Tactician","floor":8,"key":"SMITH"},{"data":"Neutralize","floor":15,"key":"SMITH"},{"data":"Prepared","floor":23,"key":"SMITH"},{"data":"Phantasmal Killer","floor":29,"key":"SMITH"},{"floor":32,"key":"REST"},{"data":"Panache","floor":40,"key":"SMITH"},{"data":"Malaise","floor":42,"key":"SMITH"},{"floor":49,"key":"REST"}],"neow_cost":"NONE","seed_source_timestamp":1682010082076961,"circlet_count":0,"master_deck":["Defend_G+1","Defend_G+1","Defend_G+1","Strike_G+1","Survivor+1","Neutralize+1","Acrobatics+1","Calculated Gamble+1","Tactician+1","Dagger Throw+1","Acrobatics+1","Tools of the Trade+1","Endless Agony+1","Backflip+1","Dagger Spray+1","Escape Plan+1","Necronomicurse","Backflip+1","Prepared+1","Blur+1","Backflip+1","Phantasmal Killer+1","Blur+1","After Image+1","Prepared+1","Panache+1","Underhanded Strike+1","Noxious Fumes+1","Malaise+1","Acrobatics+1"],"relics":["Ring of the Snake","NeowsBlessing","Regal Pillow","Golden Idol","Dodecahedron","Astrolabe","Necronomicon","Ancient Tea Set","Paper Crane","Sozu","Bottled Lightning","Old Coin","Mark of the Bloom"],"potions_floor_usage":[16,16,33],"damage_taken":[{"damage":0,"enemies":"2 Louse","floor":1,"turns":1},{"damage":0,"enemies":"Jaw Worm","floor":3,"turns":1},{"damage":0,"enemies":"Small Slimes","floor":10,"turns":1},{"damage":16,"enemies":"Exordium Thugs","floor":11,"turns":10},{"damage":0,"enemies":"Blue Slaver","floor":13,"turns":4},{"damage":17,"enemies":"The Guardian","floor":16,"turns":18},{"damage":2,"enemies":"Chosen","floor":18,"turns":6},{"damage":0,"enemies":"3 Byrds","floor":20,"turns":4},{"damage":12,"enemies":"Snecko","floor":21,"turns":7},{"damage":0,"enemies":"Book of Stabbing","floor":24,"turns":7},{"damage":2,"enemies":"Centurion and Healer","floor":25,"turns":6},{"damage":13,"enemies":"Chosen and Byrds","floor":28,"turns":8},{"damage":0,"enemies":"Snake Plant","floor":30,"turns":4},{"damage":0,"enemies":"Shelled Parasite and Fungi","floor":31,"turns":4},{"damage":17,"enemies":"Champ","floor":33,"turns":16},{"damage":0,"enemies":"3 Darklings","floor":35,"turns":7},{"damage":0,"enemies":"3 Shapes","floor":37,"turns":2},{"damage":0,"enemies":"Jaw Worm Horde","floor":39,"turns":3},{"damage":0,"enemies":"Maw","floor":41,"turns":5},{"damage":0,"enemies":"2 Orb Walkers","floor":45,"turns":5},{"damage":0,"enemies":"3 Darklings","floor":47,"turns":3},{"damage":0,"enemies":"Transient","floor":48,"turns":5},{"damage":12,"enemies":"Time Eater","floor":50,"turns":12}],"seed_played":"-8647833734721739289","potions_obtained":[{"floor":3,"key":"PowerPotion"},{"floor":10,"key":"SmokeBomb"},{"floor":11,"key":"GhostInAJar"},{"floor":16,"key":"GamblersBrew"},{"floor":18,"key":"Strength Potion"}],"is_trial":false,"path_per_floor":["M","?","M","?","?","R","$","R","T","M","M","?","M","$","R","B",null,"M","?","M","M","?","R","E","M","T","?","M","R","M","M","R","B",null,"M","$","M","?","M","R","M","R","T","$","?","?","M","M","R","B",null],"character_chosen":"THE_SILENT","items_purchased":["Tactician","Panache","Underhanded Strike"],"campfire_rested":2,"item_purchase_floors":[7,36,36],"current_hp_per_floor":[70,70,70,56,39,39,39,39,39,39,23,23,23,23,23,6,70,68,52,52,40,40,40,40,38,38,38,25,25,25,25,61,44,70,70,70,70,66,66,66,66,66,66,66,66,66,66,66,66,54],"gold":452,"neow_bonus":"THREE_ENEMY_KILL","is_prod":false,"is_daily":false,"chose_seed":false,"campfire_upgraded":7,"win_rate":0.0,"timestamp":1543905199,"path_taken":["M","?","M","?","?","R","?","R","T","M","M","?","M","$","R","BOSS","M","?","M","M","?","R","E","M","T","?","M","R","M","M","R","BOSS","M","$","?","?","M","R","M","R","T","$","?","?","M","?","R","BOSS"],"build_version":"2018-11-15","purchased_purges":3,"victory":true,"max_hp_per_floor":[70,70,70,70,70,70,70,70,70,70,70,70,70,70,70,70,70,70,70,70,70,70,70,70,70,70,70,70,70,70,70,70,70,70,70,70,70,66,66,66,66,66,66,66,66,66,66,66,66,66],"card_choices":[{"not_picked":["Outmaneuver","Endless Agony"],"picked":"Acrobatics","floor":1},{"not_picked":["Flying Knee","Prepared"],"picked":"Calculated Gamble","floor":3},{"not_picked":["Crippling Poison","Backstab"],"picked":"Dagger Throw","floor":10},{"not_picked":["Underhanded Strike","Blade Dance","Infinite Blades"],"picked":"SKIP","floor":11},{"not_picked":["Concentrate","Slice"],"picked":"Acrobatics","floor":13},{"not_picked":["Glass Knife","A Thousand Cuts"],"picked":"Tools of the Trade","floor":16},{"not_picked":["Sucker Punch","Choke+1"],"picked":"Escape Plan+1","floor":18},{"not_picked":["Dagger Throw","Deadly Poison"],"picked":"Backflip+1","floor":20},{"not_picked":["Backstab","Endless Agony"],"picked":"Prepared","floor":21},{"not_picked":["Quick Slash","Dagger Spray","PiercingWail+1"],"picked":"SKIP","floor":24},{"not_picked":["Dagger Throw","Bane"],"picked":"Backflip+1","floor":25},{"not_picked":["Flying Knee","Slice"],"picked":"Phantasmal Killer","floor":28},{"not_picked":["Eviscerate","Dagger Throw"],"picked":"Blur","floor":30},{"not_picked":["Endless Agony","Quick Slash+1","Heel Hook"],"picked":"SKIP","floor":31},{"not_picked":["A Thousand Cuts","Adrenaline"],"picked":"After Image","floor":33},{"not_picked":["Sucker Punch+1","Quick Slash+1"],"picked":"Prepared+1","floor":35},{"not_picked":["Deflect","Terror+1"],"picked":"Noxious Fumes+1","floor":37},{"not_picked":["Dagger Spray+1","Blade Dance","Dodge and Roll+1"],"picked":"SKIP","floor":39},{"not_picked":["Bane+1","Skewer+1"],"picked":"Malaise","floor":41},{"not_picked":["Prepared+1","Slice"],"picked":"Acrobatics+1","floor":47},{"not_picked":["Flying Knee+1","Crippling Poison+1","Cloak And Dagger"],"picked":"SKIP","floor":48}],"player_experience":84152,"relics_obtained":[{"floor":9,"key":"Dodecahedron"},{"floor":19,"key":"Necronomicon"},{"floor":24,"key":"Ancient Tea Set"},{"floor":26,"key":"Paper Crane"},{"floor":43,"key":"Bottled Lightning"},{"floor":45,"key":"Old Coin"}],"event_choices":[{"damage_healed":0,"gold_gain":0,"player_choice":"Box","damage_taken":0,"relics_obtained":["Regal Pillow"],"max_hp_gain":0,"max_hp_loss":0,"event_name":"Big Fish","floor":2,"gold_loss":0,"cards_obtained":["Regret"]},{"damage_healed":0,"gold_gain":0,"player_choice":"Entered Light","damage_taken":14,"max_hp_gain":0,"max_hp_loss":0,"event_name":"Shining Light","floor":4,"gold_loss":0,"cards_upgraded":["Acrobatics","Defend_G"]},{"damage_healed":0,"gold_gain":0,"player_choice":"Take Damage","damage_taken":17,"relics_obtained":["Golden Idol"],"max_hp_gain":0,"max_hp_loss":0,"event_name":"Golden Idol","floor":5,"gold_loss":0},{"cards_removed":["Regret"],"damage_healed":0,"gold_gain":0,"player_choice":"Removed Curses","damage_taken":0,"max_hp_gain":0,"max_hp_loss":0,"event_name":"Fountain of Cleansing","floor":12,"gold_loss":0},{"damage_healed":0,"gold_gain":0,"player_choice":"Obtained Book","damage_taken":16,"max_hp_gain":0,"max_hp_loss":0,"event_name":"Cursed Tome","floor":19,"gold_loss":0},{"damage_healed":0,"gold_gain":0,"player_choice":"Read","damage_taken":0,"max_hp_gain":0,"max_hp_loss":0,"event_name":"The Library","floor":22,"gold_loss":0,"cards_obtained":["Blur"]},{"damage_healed":0,"gold_gain":0,"player_choice":"Forge","damage_taken":0,"max_hp_gain":0,"max_hp_loss":0,"event_name":"Accursed Blacksmith","floor":27,"gold_loss":0,"cards_upgraded":["Acrobatics"]},{"damage_healed":0,"gold_gain":0,"player_choice":"Max HP","damage_taken":0,"max_hp_gain":0,"max_hp_loss":4,"event_name":"Winding Halls","floor":38,"gold_loss":0},{"damage_healed":0,"gold_gain":0,"player_choice":"Fight","damage_taken":0,"max_hp_gain":0,"max_hp_loss":0,"event_name":"Mysterious Sphere","floor":45,"gold_loss":0},{"damage_healed":0,"gold_gain":0,"player_choice":"Upgrade","damage_taken":0,"relics_obtained":["Mark of the Bloom"],"max_hp_gain":0,"max_hp_loss":0,"event_name":"MindBloom","floor":46,"gold_loss":0,"cards_upgraded":["Defend_G","Defend_G","Strike_G","Survivor","Dagger Throw","Tools of the Trade","Blur","Blur","After Image","Underhanded Strike"]}],"is_beta":false,"boss_relics":[{"not_picked":["Philosopher\u0027s Stone","Ectoplasm"],"picked":"Astrolabe"},{"not_picked":["Empty Cage","White Beast Statue"],"picked":"Sozu"}],"items_purged_floors":[14,36,44],"is_endless":false,"potions_floor_spawned":[3,10,11,16,18,21,24,30,31,37,39,47],"ascension_level":0}