{"gold_per_floor":[11,11,28,28,45,45,74,74,74,74,74,108,123,3,3,103,103,119,59,74,7,55,55,80,80,106,131,31,31],"floor_reached":29,"playtime":1886,"items_purged":["Strike_G","Phantasmal Killer"],"score":347,"play_id":"606fe212-1317-4e82-b06c-4b5271d9d189","local_time":"20181231234229","is_ascension_mode":true,"campfire_choices":[{"data":"Noxious Fumes","floor":6,"key":"SMITH"},{"data":"Deadly Poison","floor":8,"key":"SMITH"},{"floor":15,"key":"REST"},{"data":"Noxious Fumes","floor":23,"key":"SMITH"},{"data":"Catalyst","floor":25,"key":"SMITH"}],"neow_cost":"NO_GOLD","seed_source_timestamp":921587778011830,"circlet_count":0,"master_deck":["Defend_G","Defend_G","Defend_G","Strike_G","Strike_G","Survivor","Neutralize","Burst+1","Dodge and Roll","Noxious Fumes+1","Deadly Poison+1","Acrobatics","Bane","Escape Plan","Backflip","Adrenaline","Well Laid Plans","Dagger Spray","Noxious Fumes+1","Catalyst+1","Dodge and Roll","Crippling Poison"],"relics":["Ring of the Serpent","Ornamental Fan","Question Card","Gremlin Horn","Lantern","Darkstone Periapt","Blood Vial","Unceasing Top"],"potions_floor_usage":[7,7,24,24,27],"damage_taken":[{"damage":4,"enemies":"Jaw Worm","floor":1,"turns":4},{"damage":1,"enemies":"Cultist","floor":3,"turns":5},{"damage":0,"enemies":"2 Louse","floor":5,"turns":4},{"damage":30,"enemies":"Gremlin Nob","floor":7,"turns":4},{"damage":7,"enemies":"Lagavulin","floor":12,"turns":8},{"damage":2,"enemies":"Exordium Thugs","floor":13,"turns":4},{"damage":16,"enemies":"The Guardian","floor":16,"turns":8},{"damage":0,"enemies":"Chosen","floor":18,"turns":5},{"damage":16,"enemies":"3 Byrds","floor":20,"turns":5},{"damage":24,"enemies":"Book of Stabbing","floor":24,"turns":4},{"damage":30,"enemies":"Gremlin Leader","floor":27,"turns":4}],"seed_played":"9200266166667814828","potions_obtained":[{"floor":3,"key":"Regen Potion"},{"floor":5,"key":"Energy Potion"},{"floor":12,"key":"SmokeBomb"},{"floor":16,"key":"Regen Potion"},{"floor":18,"key":"PowerPotion"},{"floor":20,"key":"PowerPotion"}],"is_trial":false,"path_per_floor":["M","?","M","$","M","R","E","R","T","?","?","E","M","$","R","B",null,"M","?","M","$","T","R","E","R","T","E","$","?"],"character_chosen":"THE_SILENT","items_purchased":["Backflip","Catalyst"],"campfire_rested":1,"item_purchase_floors":[14,21],"current_hp_per_floor":[59,59,58,58,58,58,42,42,42,35,35,28,26,26,47,31,60,60,60,44,44,44,44,34,34,34,6,6,0],"gold":31,"neow_bonus":"THREE_RARE_CARDS","is_prod":false,"is_daily":false,"chose_seed":false,"campfire_upgraded":4,"win_rate":0,"timestamp":1546328549,"path_taken":["M","?","M","$","?","R","E","R","T","?","?","E","M","$","R","BOSS","M","?","M","$","?","R","E","R","T","E","$","?"],"build_version":"2018-12-20","purchased_purges":2,"victory":false,"max_hp_per_floor":[70,70,70,70,70,70,70,70,70,70,70,70,70,70,70,70,70,70,70,70,70,70,70,70,70,70,70,70,70],"card_choices":[{"not_picked":["Doppelganger","Storm of Steel"],"picked":"Burst","floor":0},{"not_picked":["Bane","Sucker Punch"],"picked":"Dodge and Roll","floor":1},{"not_picked":["Reflex","Envenom"],"picked":"Noxious Fumes","floor":3},{"not_picked":["Dagger Throw","Bane"],"picked":"Deadly Poison","floor":5},{"not_picked":["Dagger Spray","Calculated Gamble"],"picked":"Acrobatics","floor":7},{"not_picked":["Cloak And Dagger","Terror","Riddle With Holes"],"picked":"Bane","floor":12},{"not_picked":["Dagger Throw","Well Laid Plans","Deadly Poison"],"picked":"Escape Plan","floor":13},{"not_picked":["Doppelganger","Die Die Die","Tools of the Trade"],"picked":"Adrenaline","floor":16},{"not_picked":["Dash","Quick Slash","Acrobatics"],"picked":"Well Laid Plans","floor":18},{"not_picked":["Dodge and Roll","Deflect","Cloak And Dagger"],"picked":"Noxious Fumes","floor":20},{"not_picked":["Storm of Steel","Poisoned Stab","Reflex+1"],"picked":"Dodge and Roll","floor":24},{"not_picked":["Choke","PiercingWail","Heel Hook"],"picked":"Crippling Poison","floor":27}],"player_experience":244649,"relics_obtained":[{"floor":7,"key":"Ornamental Fan"},{"floor":9,"key":"Question Card"},{"floor":12,"key":"Gremlin Horn"},{"floor":22,"key":"Lantern"},{"floor":24,"key":"Darkstone Periapt"},{"floor":26,"key":"Blood Vial"},{"floor":27,"key":"Unceasing Top"}],"event_choices":[{"cards_removed":["Defend_G"],"damage_healed":0,"gold_gain":0,"player_choice":"Offered Basic","damage_taken":0,"max_hp_gain":0,"max_hp_loss":0,"event_name":"Bonfire Elementals","floor":2,"gold_loss":0},{"cards_removed":["Strike_G"],"damage_healed":0,"gold_gain":0,"player_choice":"Card Removal","damage_taken":7,"max_hp_gain":0,"max_hp_loss":0,"event_name":"Golden Wing","floor":10,"gold_loss":0},{"damage_healed":0,"gold_gain":0,"player_choice":"Grow","damage_taken":0,"max_hp_gain":0,"max_hp_loss":0,"event_name":"Living Wall","floor":11,"gold_loss":0,"cards_upgraded":["Burst"]},{"damage_healed":0,"gold_gain":0,"cards_transformed":["Defend_G","Strike_G"],"player_choice":"Transformed Cards","damage_taken":0,"max_hp_gain":0,"max_hp_loss":0,"event_name":"Designer","floor":19,"gold_loss":60,"cards_obtained":["Dagger Spray","Phantasmal Killer"]},{"damage_healed":0,"gold_gain":0,"player_choice":"Joined the Cult","damage_taken":6,"max_hp_gain":0,"max_hp_loss":0,"event_name":"Nest","floor":29,"gold_loss":0,"cards_obtained":["RitualDagger"]}],"is_beta":false,"boss_relics":[{"not_picked":["Tiny House","Calling Bell"],"picked":"Ring of the Serpent"}],"items_purged_floors":[14,28],"is_endless":false,"potions_floor_spawned":[3,5,12,16,18,20],"ascension_level":6}