{"gold_per_floor":[112,124,136,136,211,211,226,226,253,266,266,279,298,312,312,312],"floor_reached":16,"playtime":1416,"items_purged":[],"score":96,"play_id":"2a1c311d-cfe8-48ec-967e-45863ac811a5","local_time":"20181201233727","is_ascension_mode":false,"campfire_choices":[{"data":"Cloak And Dagger","floor":6,"key":"SMITH"},{"data":"Burst","floor":8,"key":"SMITH"},{"floor":15,"key":"REST"}],"neow_cost":"CURSE","seed_source_timestamp":1519566067329540,"circlet_count":0,"master_deck":["Defend_G","Defend_G","Defend_G","Defend_G","Defend_G","Strike_G","Strike_G","Strike_G","Strike_G","Strike_G","Survivor","Neutralize","After Image","Cloak And Dagger+1","Burst+1","Choke","Accuracy","Outmaneuver","Blade Dance"],"relics":["Ring of the Snake","Golden Idol","Lantern"],"potions_floor_usage":[16],"damage_taken":[{"damage":0,"enemies":"2 Louse","floor":1,"turns":3},{"damage":0,"enemies":"Small Slimes","floor":2,"turns":6},{"damage":0,"enemies":"Cultist","floor":3,"turns":6},{"damage":10,"enemies":"Large Slime","floor":7,"turns":10},{"damage":0,"enemies":"2 Fungi Beasts","floor":10,"turns":4},{"damage":2,"enemies":"Exordium Wildlife","floor":12,"turns":7},{"damage":6,"enemies":"Exordium Thugs","floor":13,"turns":6},{"damage":11,"enemies":"Large Slime","floor":14,"turns":7},{"damage":31,"enemies":"The Guardian","floor":16,"turns":8}],"seed_played":"4329019872020184226","potions_obtained":[{"floor":3,"key":"Poison Potion"},{"floor":7,"key":"Strength Potion"},{"floor":12,"key":"EntropicBrew"}],"is_trial":false,"path_per_floor":["M","M","M","?","?","R","M","R","T","M","?","M","M","M","R","B"],"character_chosen":"THE_SILENT","items_purchased":[],"campfire_rested":1,"item_purchase_floors":[],"current_hp_per_floor":[70,70,70,53,42,42,32,32,32,32,25,23,17,6,27,0],"gold":312,"neow_bonus":"THREE_RARE_CARDS","is_prod":false,"is_daily":false,"chose_seed":false,"campfire_upgraded":2,"win_rate":0.0,"timestamp":1543736247,"path_taken":["M","M","M","?","?","R","M","R","T","M","?","M","M","M","R","BOSS"],"build_version":"2018-11-15","purchased_purges":0,"victory":false,"max_hp_per_floor":[70,70,70,70,70,70,70,70,70,70,70,70,70,70,70,70],"card_choices":[{"not_picked":["Doppelganger","Corpse Explosion"],"picked":"After Image","floor":0},{"not_picked":["PiercingWail","Poisoned Stab","Eviscerate"],"picked":"SKIP","floor":1},{"not_picked":["Slice","Poisoned Stab"],"picked":"Cloak And Dagger","floor":2},{"not_picked":["Masterful Stab","Dodge and Roll","Bouncing Flask"],"picked":"SKIP","floor":3},{"not_picked":["Flechettes","Backflip"],"picked":"Burst","floor":7},{"not_picked":["Backstab","Sucker Punch"],"picked":"Choke","floor":10},{"not_picked":["Dagger Spray","Acrobatics"],"picked":"Accuracy","floor":12},{"not_picked":["Tactician","Masterful Stab"],"picked":"Outmaneuver","floor":13},{"not_picked":["Dodge and Roll","Bane"],"picked":"Blade Dance","floor":14}],"player_experience":63277,"relics_obtained":[{"floor":9,"key":"Lantern"}],"event_choices":[{"damage_healed":0,"gold_gain":0,"player_choice":"Take Damage","damage_taken":17,"relics_obtained":["Golden Idol"],"max_hp_gain":0,"max_hp_loss":0,"event_name":"Golden Idol","floor":4,"gold_loss":0},{"damage_healed":0,"gold_gain":75,"player_choice":"Gather Gold","damage_taken":11,"max_hp_gain":0,"max_hp_loss":0,"event_name":"World of Goop","floor":5,"gold_loss":0},{"cards_removed":["Shame"],"damage_healed":0,"gold_gain":0,"player_choice":"Card Removal","damage_taken":7,"max_hp_gain":0,"max_hp_loss":0,"event_name":"Golden Wing","floor":11,"gold_loss":0}],"is_beta":false,"boss_relics":[],"items_purged_floors":[],"is_endless":false,"potions_floor_spawned":[3,7,12,13],"killed_by":"The Guardian","ascension_level":0}