{"gold_per_floor":[116,40,59,59,59,59,93,113,113,113,141,160,160,173,173,268,318,335,353,41,57,68,68,80,80,80,80,94,94,5,24,24,119,119,136,148,48,64,64],"floor_reached":39,"playtime":1947,"items_purged":["Strike_G","Regret"],"score":579,"play_id":"e62fc443-c456-4ade-845c-f157edc4adf1","local_time":"20190105192558","is_ascension_mode":true,"campfire_choices":[{"data":"Noxious Fumes","floor":6,"key":"SMITH"},{"data":"Dodge and Roll","floor":13,"key":"SMITH"},{"data":"Poisoned Stab","floor":15,"key":"SMITH"},{"floor":23,"key":"REST"},{"data":"Burst","floor":27,"key":"SMITH"},{"data":"Bouncing Flask","floor":29,"key":"SMITH"},{"data":"Malaise","floor":32,"key":"SMITH"}],"neow_cost":"CURSE","seed_source_timestamp":1338143308268166,"circlet_count":0,"master_deck":["Defend_G","Defend_G","Defend_G","Defend_G+1","Defend_G","Strike_G","Survivor","Neutralize","Madness","Violence","Writhe","Poisoned Stab+1","Noxious Fumes+1","Deadly Poison+1","Dodge and Roll+1","Blur","Blur","Deadly Poison","Malaise+1","Well Laid Plans","Blur","Sadistic Nature","Leg Sweep","Burst+1","Dagger Throw","Reflex","Bouncing Flask+1","Bandage Up","Doubt","Injury","Acrobatics","Acrobatics+1","Deadly Poison+1","Outmaneuver"],"relics":["Ring of the Snake","Meat on the Bone","Mercury Hourglass","Anchor","Tiny House","Letter Opener","Calling Bell","Pen Nib","Ninja Scroll","Prayer Wheel"],"potions_floor_usage":[7,16,28,33,33,39],"damage_taken":[{"damage":0,"enemies":"Small Slimes","floor":1,"turns":4},{"damage":8,"enemies":"2 Louse","floor":3,"turns":4},{"damage":28,"enemies":"Gremlin Nob","floor":7,"turns":4},{"damage":0,"enemies":"Cultist","floor":8,"turns":4},{"damage":12,"enemies":"3 Sentries","floor":11,"turns":7},{"damage":6,"enemies":"3 Louse","floor":12,"turns":3},{"damage":0,"enemies":"Looter","floor":14,"turns":4},{"damage":0,"enemies":"Hexaghost","floor":16,"turns":9},{"damage":17,"enemies":"Spheric Guardian","floor":18,"turns":5},{"damage":0,"enemies":"3 Byrds","floor":19,"turns":5},{"damage":12,"enemies":"Snake Plant","floor":21,"turns":4},{"damage":24,"enemies":"Cultist and Chosen","floor":22,"turns":7},{"damage":13,"enemies":"Snecko","floor":24,"turns":6},{"damage":11,"enemies":"Snake Plant","floor":28,"turns":4},{"damage":25,"enemies":"Sentry and Sphere","floor":31,"turns":7},{"damage":32,"enemies":"Collector","floor":33,"turns":10},{"damage":39,"enemies":"3 Darklings","floor":35,"turns":5},{"damage":6,"enemies":"Orb Walker","floor":36,"turns":5},{"damage":52,"enemies":"Sphere and 2 Shapes","floor":38,"turns":4},{"damage":28,"enemies":"Transient","floor":39,"turns":4}],"seed_played":"4840675350999594429","potions_obtained":[{"floor":3,"key":"Regen Potion"},{"floor":7,"key":"FairyPotion"},{"floor":12,"key":"SkillPotion"},{"floor":14,"key":"Dexterity Potion"},{"floor":17,"key":"Fire Potion"},{"floor":28,"key":"Fire Potion"},{"floor":35,"key":"GamblersBrew"},{"floor":38,"key":"Poison Potion"}],"is_trial":false,"path_per_floor":["M","$","M","$","?","R","E","M","T","?","E","M","R","M","R","B",null,"M","M","$","M","M","R","M","?","T","R","M","R","$","M","R","B",null,"M","M","$","M","M"],"character_chosen":"THE_SILENT","items_purchased":["Noxious Fumes","Blur","Sadistic Nature","Bandage Up"],"campfire_rested":1,"item_purchase_floors":[2,20,20,30],"current_hp_per_floor":[63,63,55,55,48,48,34,46,46,46,46,40,40,40,40,40,68,51,51,51,39,27,49,48,48,48,48,49,49,49,40,40,24,62,39,49,49,23,0],"gold":64,"neow_bonus":"RANDOM_COLORLESS_2","is_prod":false,"is_daily":false,"chose_seed":false,"campfire_upgraded":6,"win_rate":0,"timestamp":1546745158,"path_taken":["M","$","M","$","?","R","E","M","T","?","E","M","R","?","R","BOSS","M","M","$","M","M","R","M","?","T","R","M","R","$","M","R","BOSS","M","M","$","M","M"],"build_version":"2019-01-03v4","purchased_purges":2,"victory":false,"max_hp_per_floor":[70,70,70,70,70,70,70,70,70,70,70,70,70,70,70,70,75,75,75,75,75,75,75,75,75,75,75,75,75,75,75,75,75,75,75,75,75,75,75],"card_choices":[{"not_picked":["Deflect","Sucker Punch"],"picked":"Poisoned Stab","floor":1},{"not_picked":["Acrobatics","Cloak And Dagger"],"picked":"Deadly Poison","floor":3},{"not_picked":["Infinite Blades","Flying Knee"],"picked":"Dodge and Roll","floor":7},{"not_picked":["Crippling Poison","Dodge and Roll"],"picked":"Blur","floor":8},{"not_picked":["Wraith Form v2","Reflex"],"picked":"Blur","floor":11},{"not_picked":["Outmaneuver","Concentrate","Eviscerate"],"picked":"SKIP","floor":12},{"not_picked":["Flechettes","Well Laid Plans"],"picked":"Deadly Poison","floor":14},{"not_picked":["Die Die Die","Bullet Time"],"picked":"Malaise","floor":16},{"not_picked":["Riddle With Holes","Slice"],"picked":"Well Laid Plans","floor":17},{"not_picked":["Choke+1","Prepared","Blade Dance"],"picked":"SKIP","floor":18},{"not_picked":["Blade Dance","Sucker Punch","Caltrops+1"],"picked":"SKIP","floor":19},{"not_picked":["Underhanded Strike+1","Sucker Punch","Finisher"],"picked":"SKIP","floor":21},{"not_picked":["PiercingWail","Bane+1"],"picked":"Leg Sweep","floor":22},{"not_picked":["Bane","Dagger Spray"],"picked":"Burst","floor":24},{"not_picked":["Distraction+1","Underhanded Strike"],"picked":"Bouncing Flask","floor":28},{"not_picked":["Sucker Punch","Slice","Poisoned Stab"],"picked":"SKIP","floor":31},{"not_picked":["Backflip","Poisoned Stab"],"picked":"Acrobatics","floor":35},{"not_picked":["Flying Knee+1","Bane+1","Acrobatics+1"],"picked":"SKIP","floor":35},{"not_picked":["Flying Knee+1","Bane+1"],"picked":"Acrobatics+1","floor":35},{"not_picked":["Poisoned Stab","Acrobatics+1"],"picked":"Deadly Poison+1","floor":36},{"not_picked":["Choke","Deadly Poison+1","Terror"],"picked":"SKIP","floor":36},{"not_picked":["Finisher","Dagger Spray+1"],"picked":"Outmaneuver","floor":38},{"not_picked":["Cloak And Dagger","Distraction+1","Blade Dance"],"picked":"SKIP","floor":38}],"player_experience":274970,"relics_obtained":[{"floor":7,"key":"Meat on the Bone"},{"floor":9,"key":"Mercury Hourglass"},{"floor":11,"key":"Anchor"},{"floor":26,"key":"Letter Opener"},{"floor":34,"key":"Pen Nib"},{"floor":34,"key":"Ninja Scroll"},{"floor":34,"key":"Prayer Wheel"}],"event_choices":[{"cards_removed":["Strike_G"],"damage_healed":0,"gold_gain":0,"player_choice":"Card Removal","damage_taken":7,"max_hp_gain":0,"max_hp_loss":0,"event_name":"Golden Wing","floor":5,"gold_loss":0},{"damage_healed":0,"gold_gain":0,"player_choice":"Upgraded","damage_taken":0,"max_hp_gain":0,"max_hp_loss":0,"event_name":"Upgrade Shrine","floor":10,"gold_loss":0,"cards_upgraded":["Deadly Poison"]},{"damage_healed":0,"gold_gain":0,"cards_transformed":["Strike_G","Strike_G"],"player_choice":"Became Test Subject","damage_taken":0,"max_hp_gain":0,"max_hp_loss":0,"event_name":"Drug Dealer","floor":25,"gold_loss":0,"cards_obtained":["Dagger Throw","Reflex"]}],"is_beta":false,"boss_relics":[{"not_picked":["White Beast Statue","Eternal Feather"],"picked":"Tiny House"},{"not_picked":["Runic Dome","Runic Pyramid"],"picked":"Calling Bell"}],"items_purged_floors":[20,37],"is_endless":false,"potions_floor_spawned":[3,7,12,14,18,24,28,31,35,38],"killed_by":"Transient","ascension_level":6}