{"gold_per_floor":[118,136,136,136,151,151,161,174,243,266,276,276,37,37,37,142,142,156,169,169,184,162,162,54,69,69,69,69,69,86,118,118,118],"floor_reached":33,"playtime":1765,"items_purged":[],"score":282,"play_id":"936f57b3-63e2-47f0-aeb1-bbc5cab0490e","local_time":"20190616005709","is_ascension_mode":false,"campfire_choices":[{"data":"Rampage","floor":6,"key":"SMITH"},{"floor":12,"key":"REST"},{"floor":15,"key":"REST"},{"floor":23,"key":"REST"},{"floor":28,"key":"REST"},{"floor":32,"key":"REST"}],"neow_cost":"NONE","seed_source_timestamp":38891346766400,"circlet_count":0,"master_deck":["Strike_R","Strike_R","Strike_R","Strike_R","Strike_R","Defend_R","Defend_R","Defend_R","Defend_R","Bash","Carnage+1","Rampage+1","Fire Breathing","Flex","Bludgeon","Rage","Metallicize","Seeing Red","Uppercut","Finesse","Disarm","Juggernaut","Inflame","Cleave","Infernal Blade","Rampage","Rampage","Cleave+1","Flex+1","Bludgeon","Flame Barrier+1","Anger","Clash","Madness","Inflame+1","Deep Breath","Heavy Blade","Battle Trance"],"relics":["Burning Blood","Matryoshka","Bronze Scales","Question Card","Odd Mushroom","Orrery","PreservedInsect","Self Forming Clay","Champion Belt"],"potions_floor_usage":[8,10,16,19,25,30,31],"damage_taken":[{"damage":6,"enemies":"Jaw Worm","floor":1,"turns":2},{"damage":3,"enemies":"Small Slimes","floor":2,"turns":3},{"damage":5,"enemies":"2 Louse","floor":5,"turns":2},{"damage":16,"enemies":"Red Slaver","floor":7,"turns":3},{"damage":36,"enemies":"Lots of Slimes","floor":8,"turns":5},{"damage":9,"enemies":"The Mushroom Lair","floor":10,"turns":3},{"damage":9,"enemies":"Looter","floor":11,"turns":3},{"damage":30,"enemies":"The Guardian","floor":16,"turns":10},{"damage":13,"enemies":"Spheric Guardian","floor":18,"turns":3},{"damage":29,"enemies":"Shell Parasite","floor":19,"turns":5},{"damage":21,"enemies":"Snake Plant","floor":21,"turns":3},{"damage":16,"enemies":"Centurion and Healer","floor":25,"turns":6},{"damage":27,"enemies":"Shelled Parasite and Fungi","floor":30,"turns":5},{"damage":19,"enemies":"Slavers","floor":31,"turns":5},{"damage":50,"enemies":"Champ","floor":33,"turns":6}],"seed_played":"385926237084827013","potions_obtained":[{"floor":1,"key":"Poison Potion"},{"floor":5,"key":"Dexterity Potion"},{"floor":8,"key":"Swift Potion"},{"floor":11,"key":"Block Potion"},{"floor":18,"key":"SteroidPotion"},{"floor":19,"key":"SteroidPotion"},{"floor":21,"key":"Poison Potion"},{"floor":31,"key":"GamblersBrew"}],"is_trial":false,"path_per_floor":["M","M","?","T","M","R","M","M","T","?","M","R","$","?","R","B",null,"M","M","?","M","$","R","$","M","T","?","R","$","M","E","R","B"],"character_chosen":"IRONCLAD","items_purchased":["Uppercut","Finesse","Disarm","Anger","Clash","Madness"],"campfire_rested":5,"item_purchase_floors":[13,13,13,22,24,24],"current_hp_per_floor":[80,80,80,80,80,80,70,40,40,37,34,58,58,58,80,56,80,73,50,50,35,35,59,59,49,49,33,57,57,36,23,47,0],"gold":118,"neow_bonus":"THREE_CARDS","is_prod":false,"is_daily":false,"chose_seed":false,"campfire_upgraded":1,"win_rate":0.0,"timestamp":1560643029,"path_taken":["M","M","?","?","M","R","M","M","T","?","M","R","?","?","R","BOSS","M","M","?","?","$","R","?","M","T","?","R","$","M","E","R","BOSS"],"build_version":"2019-01-23","purchased_purges":0,"victory":false,"max_hp_per_floor":[80,80,80,80,80,80,80,80,80,80,80,80,80,80,80,80,80,80,80,80,80,80,80,80,80,80,80,80,80,80,80,80,80],"card_choices":[{"not_picked":["Clash","Dual Wield"],"picked":"Carnage","floor":0},{"not_picked":["Cleave","Headbutt"],"picked":"Rampage","floor":1},{"not_picked":["Body Slam","Blood for Blood"],"picked":"Fire Breathing","floor":2},{"not_picked":["Clothesline","Shrug It Off"],"picked":"Flex","floor":5},{"not_picked":["Corruption","Iron Wave"],"picked":"Bludgeon","floor":7},{"not_picked":["Twin Strike","Cleave"],"picked":"Rage","floor":8},{"not_picked":["Combust","Corruption","Twin Strike"],"picked":"Metallicize","floor":10},{"not_picked":["Feel No Pain","Dual Wield","Warcry"],"picked":"Seeing Red","floor":11},{"not_picked":["Fiend Fire","Dark Embrace","Double Tap"],"picked":"Juggernaut","floor":16},{"not_picked":["True Grit","Thunderclap","Dual Wield"],"picked":"Inflame","floor":17},{"not_picked":["Combust","Armaments","Clothesline"],"picked":"Cleave","floor":17},{"not_picked":["Rupture","Thunderclap","Cleave"],"picked":"Infernal Blade","floor":17},{"not_picked":["Cleave","Armaments","Burning Pact"],"picked":"Rampage","floor":17},{"not_picked":["Sword Boomerang","Fire Breathing","Clash"],"picked":"Rampage","floor":17},{"not_picked":["Combust+1","Clothesline+1","Bloodletting"],"picked":"Cleave+1","floor":18},{"not_picked":["Dark Embrace","Cleave","Body Slam"],"picked":"Flex+1","floor":19},{"not_picked":["Clothesline","Flex","True Grit+1"],"picked":"Flame Barrier+1","floor":21},{"not_picked":["Clothesline","Bloodletting+1","Shrug It Off"],"picked":"Inflame+1","floor":25},{"not_picked":["Pummel","Burning Pact","Shockwave"],"picked":"Heavy Blade","floor":30},{"not_picked":["Body Slam","Seeing Red","Rampage+1"],"picked":"Battle Trance","floor":31}],"player_experience":45036,"relics_obtained":[{"floor":4,"key":"Matryoshka"},{"floor":9,"key":"Bronze Scales"},{"floor":9,"key":"Question Card"},{"floor":10,"key":"Odd Mushroom"},{"floor":26,"key":"PreservedInsect"},{"floor":26,"key":"Self Forming Clay"},{"floor":31,"key":"Champion Belt"}],"event_choices":[{"damage_healed":0,"gold_gain":0,"player_choice":"Grow","damage_taken":0,"max_hp_gain":0,"max_hp_loss":0,"event_name":"Living Wall","floor":3,"gold_loss":0,"cards_upgraded":["Carnage"]},{"damage_healed":0,"gold_gain":0,"player_choice":"Fought Mushrooms","damage_taken":0,"max_hp_gain":0,"max_hp_loss":0,"event_name":"Mushrooms","floor":10,"gold_loss":0},{"damage_healed":0,"gold_gain":0,"player_choice":"Ignored","damage_taken":0,"max_hp_gain":0,"max_hp_loss":0,"event_name":"Shining Light","floor":14,"gold_loss":0},{"damage_healed":0,"gold_gain":0,"player_choice":"Copied","damage_taken":0,"max_hp_gain":0,"max_hp_loss":0,"event_name":"Duplicator","floor":20,"gold_loss":0,"cards_obtained":["Bludgeon"]},{"damage_healed":0,"gold_gain":0,"player_choice":"CARD ","damage_taken":16,"max_hp_gain":0,"max_hp_loss":0,"event_name":"Knowing Skull","floor":27,"potions_obtained":[],"gold_loss":0,"cards_obtained":["Deep Breath"]}],"is_beta":false,"boss_relics":[{"not_picked":["Snecko Eye","Runic Pyramid"],"picked":"Orrery"}],"items_purged_floors":[],"is_endless":false,"potions_floor_spawned":[1,5,8,11,18,19,21,31],"killed_by":"Champ","ascension_level":0}