{"gold_per_floor":[114,76,76,91,24,54,54,69,69,69,69,99,114,129,129,229,229,244,124,124,139,454,484,484],"floor_reached":24,"playtime":955,"items_purged":["Strike_R"],"score":251,"play_id":"1338027f-406b-4449-904d-bf17a74ccd84","local_time":"20190403234016","daily_mods":["Specialized","Vintage","Binary"],"is_ascension_mode":false,"campfire_choices":[{"data":"Inflame","floor":7,"key":"SMITH"},{"data":"Bash","floor":10,"key":"SMITH"},{"data":"Heavy Blade","floor":15,"key":"SMITH"}],"neow_cost":"","seed_source_timestamp":1860877642778483,"circlet_count":0,"master_deck":["Strike_R","Strike_R","Strike_R","Strike_R+1","Defend_R","Defend_R","Defend_R","Defend_R","Bash+1","Warcry","Warcry","Warcry","Warcry","Warcry","Inflame+1","Feel No Pain","Inflame+1","Heavy Blade+1","Double Tap","Inflame"],"special_seed":17990,"relics":["Burning Blood","Vajra","Smiling Mask","Gremlin Horn","Question Card","Self Forming Clay","Bronze Scales","Blood Vial","Regal Pillow","Velvet Choker","Pen Nib","Incense Burner","Old Coin","Turnip"],"potions_floor_usage":[6,12,23,24],"damage_taken":[{"damage":11,"enemies":"Jaw Worm","floor":1,"turns":4},{"damage":6,"enemies":"Cultist","floor":4,"turns":3},{"damage":36,"enemies":"Lagavulin","floor":6,"turns":6},{"damage":0,"enemies":"2 Louse","floor":8,"turns":2},{"damage":19,"enemies":"Gremlin Nob","floor":12,"turns":5},{"damage":13,"enemies":"Lots of Slimes","floor":13,"turns":3},{"damage":12,"enemies":"Looter","floor":14,"turns":3},{"damage":26,"enemies":"Hexaghost","floor":16,"turns":7},{"damage":7,"enemies":"Shell Parasite","floor":18,"turns":3},{"damage":10,"enemies":"Chosen","floor":21,"turns":3},{"damage":31,"enemies":"Shelled Parasite and Fungi","floor":22,"turns":4},{"damage":36,"enemies":"Book of Stabbing","floor":23,"turns":5},{"damage":16,"enemies":"Snake Plant","floor":24,"turns":2}],"seed_played":"-293968740941532516","potions_obtained":[{"floor":1,"key":"Regen Potion"},{"floor":8,"key":"Weak Potion"},{"floor":16,"key":"SpeedPotion"},{"floor":23,"key":"Poison Potion"}],"is_trial":false,"path_per_floor":["M","$","?","M","$","E","R","M","T","R","?","E","M","M","R","B",null,"M","$","?","M","M","E","M"],"character_chosen":"IRONCLAD","items_purchased":["Inflame","Feel No Pain","Inflame"],"campfire_rested":0,"item_purchase_floors":[2,5,19],"current_hp_per_floor":[75,75,75,75,75,54,54,60,60,60,60,47,40,36,36,18,80,79,79,64,62,39,11,0],"gold":484,"neow_bonus":"","is_prod":false,"is_daily":true,"chose_seed":false,"campfire_upgraded":3,"win_rate":0,"timestamp":1554360016,"path_taken":["M","$","?","M","$","E","R","M","T","R","?","E","?","M","R","BOSS","M","$","?","M","M","E","M"],"build_version":"2019-01-23","purchased_purges":1,"victory":false,"max_hp_per_floor":[80,80,80,80,80,80,80,80,80,80,80,80,80,80,80,80,80,80,80,85,85,85,85,85],"card_choices":[{"not_picked":["Intimidate"],"picked":"Inflame","floor":6},{"not_picked":["Combust","Blood for Blood"],"picked":"Heavy Blade","floor":12},{"not_picked":["Fiend Fire","Immolate"],"picked":"Double Tap","floor":16},{"not_picked":["Perfected Strike","Warcry","Entrench"],"picked":"SKIP","floor":23}],"player_experience":560643,"relics_obtained":[{"floor":1,"key":"Vajra"},{"floor":4,"key":"Smiling Mask"},{"floor":6,"key":"Gremlin Horn"},{"floor":8,"key":"Question Card"},{"floor":9,"key":"Self Forming Clay"},{"floor":12,"key":"Bronze Scales"},{"floor":13,"key":"Blood Vial"},{"floor":14,"key":"Regal Pillow"},{"floor":18,"key":"Pen Nib"},{"floor":21,"key":"Incense Burner"},{"floor":22,"key":"Old Coin"},{"floor":23,"key":"Turnip"}],"event_choices":[{"damage_healed":0,"gold_gain":0,"player_choice":"Grow","damage_taken":0,"max_hp_gain":0,"max_hp_loss":0,"event_name":"Living Wall","floor":3,"gold_loss":0,"cards_upgraded":["Inflame"]},{"damage_healed":0,"gold_gain":0,"player_choice":"Forge","damage_taken":0,"max_hp_gain":0,"max_hp_loss":0,"event_name":"Accursed Blacksmith","floor":11,"gold_loss":0,"cards_upgraded":["Strike_R"]},{"damage_healed":0,"gold_gain":0,"player_choice":"Shed Blood","damage_taken":20,"max_hp_gain":5,"max_hp_loss":0,"event_name":"Forgotten Altar","floor":20,"gold_loss":0}],"is_beta":false,"boss_relics":[{"not_picked":["Sozu","Runic Dome"],"picked":"Velvet Choker"}],"items_purged_floors":[19],"is_endless":false,"potions_floor_spawned":[1,8,16,23],"killed_by":"Snake Plant","ascension_level":0}