{"gold_per_floor":[115,115,125,137,137,165,180,190,267,267,267,67,86,103,103,204,204,220,220,233,243,243],"floor_reached":22,"playtime":1833,"items_purged":[],"score":190,"play_id":"6cf8869c-b8cb-404a-9939-4edbc356cdb1","local_time":"20190614222907","is_ascension_mode":false,"campfire_choices":[{"floor":11,"key":"REST"},{"floor":15,"key":"REST"}],"neow_cost":"NONE","seed_source_timestamp":32780909734100,"circlet_count":0,"master_deck":["Strike_B","Strike_B","Strike_B","Defend_B","Defend_B","Defend_B","Defend_B","Zap+1","Dualcast","Finesse","Doom and Gloom","Stack+1","Go for the Eyes","Self Repair+1","Redo","Coolheaded","Electrodynamics+1","Leap","Rip and Tear","All For One","Lockon","Amplify","Leap+1","Chill","Heatsinks+1"],"relics":["Cracked Core","Frozen Egg 2","Shuriken","Inserter"],"potions_floor_usage":[16,16,16,21],"damage_taken":[{"damage":1,"enemies":"Cultist","floor":1,"turns":3},{"damage":4,"enemies":"2 Louse","floor":3,"turns":3},{"damage":0,"enemies":"Small Slimes","floor":4,"turns":2},{"damage":13,"enemies":"3 Sentries","floor":6,"turns":6},{"damage":0,"enemies":"Blue Slaver","floor":7,"turns":4},{"damage":15,"enemies":"2 Fungi Beasts","floor":8,"turns":3},{"damage":0,"enemies":"Large Slime","floor":13,"turns":3},{"damage":18,"enemies":"Exordium Thugs","floor":14,"turns":2},{"damage":66,"enemies":"The Guardian","floor":16,"turns":10},{"damage":19,"enemies":"Chosen","floor":18,"turns":7},{"damage":30,"enemies":"2 Thieves","floor":20,"turns":4},{"damage":9,"enemies":"Centurion and Healer","floor":21,"turns":12},{"damage":27,"enemies":"Sentry and Sphere","floor":22,"turns":3}],"seed_played":"-7508616621394359501","potions_obtained":[{"floor":4,"key":"Block Potion"},{"floor":8,"key":"SpeedPotion"},{"floor":13,"key":"LiquidBronze"},{"floor":16,"key":"PowerPotion"},{"floor":20,"key":"Block Potion"}],"is_trial":false,"path_per_floor":["M","?","M","M","?","E","M","M","T","?","R","$","M","M","R","B",null,"M","?","M","M","M"],"character_chosen":"DEFECT","items_purchased":["Electrodynamics+1","Leap","Rip and Tear"],"campfire_rested":2,"item_purchase_floors":[12,12,12],"current_hp_per_floor":[74,67,63,63,68,55,65,60,60,44,68,68,78,70,80,24,80,71,56,26,27,0],"gold":243,"neow_bonus":"RANDOM_COLORLESS","is_prod":false,"is_daily":false,"chose_seed":false,"campfire_upgraded":0,"win_rate":0.0,"timestamp":1560547747,"path_taken":["M","?","M","M","?","E","M","M","T","?","R","$","M","M","R","BOSS","M","?","M","M","M"],"build_version":"2019-01-23","purchased_purges":0,"victory":false,"max_hp_per_floor":[75,75,75,75,80,80,80,80,80,80,80,80,80,80,80,80,80,80,85,85,85,85],"card_choices":[{"not_picked":["Leap","Conserve Battery"],"picked":"Doom and Gloom","floor":1},{"not_picked":["Rebound","Sweeping Beam"],"picked":"Stack","floor":3},{"not_picked":["Sweeping Beam","Barrage"],"picked":"Go for the Eyes","floor":4},{"not_picked":["Conserve Battery","Double Energy"],"picked":"Self Repair","floor":6},{"not_picked":["Ball Lightning","Sweeping Beam"],"picked":"Redo","floor":7},{"not_picked":["Barrage","Gash"],"picked":"Coolheaded","floor":8},{"not_picked":["Go for the Eyes","Rebound"],"picked":"All For One","floor":13},{"not_picked":["Steam","Sweeping Beam"],"picked":"Lockon","floor":14},{"not_picked":["Seek","All For One"],"picked":"Amplify","floor":16},{"not_picked":["Fusion","Conserve Battery"],"picked":"Leap+1","floor":18},{"not_picked":["Capacitor+1","Self Repair+1"],"picked":"Chill","floor":20},{"not_picked":["Gash+1","Ball Lightning"],"picked":"Heatsinks+1","floor":21}],"player_experience":10674,"relics_obtained":[{"floor":6,"key":"Frozen Egg 2"},{"floor":9,"key":"Shuriken"}],"event_choices":[{"cards_removed":["Strike_B"],"damage_healed":0,"gold_gain":0,"player_choice":"Card Removal","damage_taken":7,"max_hp_gain":0,"max_hp_loss":0,"event_name":"Golden Wing","floor":2,"gold_loss":0},{"damage_healed":0,"gold_gain":0,"player_choice":"Donut","damage_taken":0,"max_hp_gain":5,"max_hp_loss":0,"event_name":"Big Fish","floor":5,"gold_loss":0},{"damage_healed":0,"gold_gain":0,"player_choice":"Entered Light","damage_taken":16,"max_hp_gain":0,"max_hp_loss":0,"event_name":"Shining Light","floor":10,"gold_loss":0,"cards_upgraded":["Zap","Stack"]},{"damage_healed":0,"gold_gain":0,"player_choice":"Shed Blood","damage_taken":20,"max_hp_gain":5,"max_hp_loss":0,"event_name":"Forgotten Altar","floor":19,"gold_loss":0}],"is_beta":false,"boss_relics":[{"not_picked":["Astrolabe","Empty Cage"],"picked":"Inserter"}],"items_purged_floors":[],"is_endless":false,"potions_floor_spawned":[4,8,13,16,20],"killed_by":"Sentry and Sphere","ascension_level":0}