{"gold_per_floor":[109,27,43,43,58,87,98,98,170,170,190,190,140,140,140,235,285,302,302,302,313,162,188,188,198,279,290,290],"floor_reached":28,"playtime":4235,"items_purged":[],"score":369,"play_id":"a07fa188-9d34-4dba-9253-b1179c1c2845","local_time":"20190128150921","is_ascension_mode":true,"campfire_choices":[{"floor":8,"key":"REST"},{"data":"Noxious Fumes","floor":10,"key":"SMITH"},{"data":"Deadly Poison","floor":12,"key":"SMITH"},{"data":"Leg Sweep","floor":15,"key":"SMITH"},{"floor":24,"key":"REST"}],"neow_cost":"NONE","seed_source_timestamp":1738399767813177,"circlet_count":0,"master_deck":["AscendersBane","Defend_G+1","Defend_G+1","Defend_G+1","Defend_G+1","Defend_G+1","Strike_G+1","Strike_G+1","Strike_G+1","Strike_G+1","Survivor","Neutralize","Deep Breath","Noxious Fumes+1","Venomology+1","Deadly Poison+1","Acrobatics","Escape Plan","Leg Sweep+1","Adrenaline","Dash","Deadly Poison","Backstab+1","Predator","Cloak And Dagger+1"],"relics":["Ring of the Snake","Prayer Wheel","Vajra","Tiny House","Blood Vial","Bird Faced Urn","Toxic Egg 2"],"potions_floor_usage":[6,6,6,16,16,18,21,23,25,25,27,28,28],"damage_taken":[{"damage":1,"enemies":"Small Slimes","floor":1,"turns":5},{"damage":3,"enemies":"Cultist","floor":3,"turns":4},{"damage":10,"enemies":"Jaw Worm","floor":5,"turns":5},{"damage":24,"enemies":"3 Sentries","floor":6,"turns":6},{"damage":18,"enemies":"Exordium Wildlife","floor":7,"turns":6},{"damage":8,"enemies":"Red Slaver","floor":11,"turns":6},{"damage":5,"enemies":"The Guardian","floor":16,"turns":8},{"damage":14,"enemies":"Chosen","floor":18,"turns":7},{"damage":15,"enemies":"3 Byrds","floor":21,"turns":5},{"damage":27,"enemies":"Slavers","floor":23,"turns":8},{"damage":14,"enemies":"3 Cultists","floor":25,"turns":6},{"damage":2,"enemies":"Cultist and Chosen","floor":27,"turns":4},{"damage":40,"enemies":"Gremlin Leader","floor":28,"turns":4}],"seed_played":"5867355378641516260","potions_obtained":[{"floor":5,"key":"SkillPotion"},{"floor":6,"key":"SteroidPotion"},{"floor":11,"key":"Ancient Potion"},{"floor":17,"key":"GhostInAJar"},{"floor":23,"key":"GhostInAJar"},{"floor":25,"key":"Fruit Juice"}],"is_trial":false,"path_per_floor":["M","$","M","?","M","E","M","R","T","R","M","R","?","?","R","B",null,"M","?","?","M","$","E","R","M","T","M","E"],"character_chosen":"THE_SILENT","items_purchased":["Noxious Fumes","Blood Vial"],"campfire_rested":2,"item_purchase_floors":[2,22],"current_hp_per_floor":[62,62,59,70,60,36,18,39,39,39,31,31,31,24,24,19,62,48,48,48,33,33,8,30,25,25,27,0],"gold":290,"neow_bonus":"RANDOM_COLORLESS","is_prod":false,"is_daily":false,"chose_seed":false,"campfire_upgraded":3,"win_rate":0,"timestamp":1548716961,"path_taken":["M","$","M","?","M","E","M","R","T","R","?","R","?","?","R","BOSS","M","?","?","M","$","E","R","M","T","?","E"],"build_version":"2019-01-23","purchased_purges":0,"victory":false,"max_hp_per_floor":[70,70,70,70,70,70,70,70,70,70,70,70,70,70,70,70,75,75,75,75,75,75,75,75,80,80,80,80],"card_choices":[{"not_picked":["Dagger Throw","Dodge and Roll","Poisoned Stab"],"picked":"SKIP","floor":1},{"not_picked":["Dagger Throw","Leg Sweep"],"picked":"Venomology","floor":3},{"not_picked":["Dagger Spray","Expertise"],"picked":"Deadly Poison","floor":5},{"not_picked":["Flying Knee","Setup"],"picked":"Acrobatics","floor":6},{"not_picked":["Choke","Blade Dance"],"picked":"Escape Plan","floor":7},{"not_picked":["Slice","Storm of Steel","Dodge and Roll"],"picked":"SKIP","floor":7},{"not_picked":["Calculated Gamble","Outmaneuver"],"picked":"Leg Sweep","floor":11},{"not_picked":["Sucker Punch","Blade Dance","Skewer"],"picked":"SKIP","floor":11},{"not_picked":["Sucker Punch","Blade Dance","Skewer"],"picked":"SKIP","floor":11},{"not_picked":["Wraith Form v2","Tools of the Trade"],"picked":"Adrenaline","floor":16},{"not_picked":["Cloak And Dagger","Skewer"],"picked":"Dash","floor":18},{"not_picked":["Tactician","Bane","Deflect+1"],"picked":"SKIP","floor":18},{"not_picked":["Cloak And Dagger","Sucker Punch"],"picked":"Deadly Poison","floor":21},{"not_picked":["Dagger Throw","Quick Slash","Tools of the Trade"],"picked":"SKIP","floor":21},{"not_picked":["Dagger Throw","Quick Slash","Tools of the Trade"],"picked":"SKIP","floor":21},{"not_picked":["Escape Plan","Flying Knee"],"picked":"Backstab+1","floor":23},{"not_picked":["Dagger Spray","Heel Hook"],"picked":"Predator","floor":25},{"not_picked":["Dodge and Roll+1","Concentrate","Cloak And Dagger+1"],"picked":"SKIP","floor":25},{"not_picked":["Slice+1","Concentrate+1"],"picked":"Cloak And Dagger+1","floor":27},{"not_picked":["Setup+1","Slice","PiercingWail+1"],"picked":"SKIP","floor":27}],"player_experience":429814,"relics_obtained":[{"floor":6,"key":"Prayer Wheel"},{"floor":23,"key":"Bird Faced Urn"},{"floor":26,"key":"Toxic Egg 2"}],"event_choices":[{"damage_healed":11,"gold_gain":0,"player_choice":"Full Heal","damage_taken":0,"max_hp_gain":0,"max_hp_loss":0,"event_name":"Wheel of Change","floor":4,"gold_loss":0},{"cards_removed":["Strike_G"],"damage_healed":0,"gold_gain":0,"player_choice":"Card Removal","damage_taken":0,"max_hp_gain":0,"max_hp_loss":0,"event_name":"The Cleric","floor":13,"gold_loss":50},{"damage_healed":0,"gold_gain":0,"player_choice":"Success","damage_taken":7,"relics_obtained":["Vajra"],"max_hp_gain":0,"max_hp_loss":0,"event_name":"Scrap Ooze","floor":14,"gold_loss":0},{"damage_healed":0,"gold_gain":0,"player_choice":"Simplicity","damage_taken":0,"max_hp_gain":0,"max_hp_loss":0,"event_name":"Back to Basics","floor":19,"gold_loss":0,"cards_upgraded":["Defend_G","Defend_G","Defend_G","Defend_G","Defend_G","Strike_G","Strike_G","Strike_G","Strike_G"]},{"damage_healed":0,"gold_gain":0,"player_choice":"Ignored","damage_taken":0,"max_hp_gain":0,"max_hp_loss":0,"event_name":"Ghosts","floor":20,"gold_loss":0}],"is_beta":false,"boss_relics":[{"not_picked":["Snecko Eye","Busted Crown"],"picked":"Tiny House"}],"items_purged_floors":[],"is_endless":false,"potions_floor_spawned":[5,6,11,23,25],"killed_by":"Gremlin Leader","ascension_level":11}