{"gold_per_floor":[217,231,241,29,29,59,74,99,124,140,169,19,33,45,45,45],"floor_reached":16,"playtime":1470,"items_purged":["Strike_R"],"score":176,"play_id":"96788cd2-9d1b-4070-9096-dcbadf87c0f7","local_time":"20190118224508","is_ascension_mode":true,"campfire_choices":[{"floor":15,"key":"REST"}],"neow_cost":"NONE","seed_source_timestamp":0,"circlet_count":0,"master_deck":["Strike_R","Strike_R","Strike_R","Strike_R","Defend_R+1","Defend_R","Defend_R","Defend_R+1","Bash","Iron Wave","Corruption","Headbutt","Pommel Strike","Good Instincts","Flame Barrier","Shrug It Off","Shrug It Off","True Grit","Bloodletting","Spot Weakness","Infernal Blade"],"special_seed":0,"relics":["Burning Blood","Shovel","War Paint","Dream Catcher","Bag of Preparation","Oddly Smooth Stone"],"potions_floor_usage":[11,11,16],"damage_taken":[{"damage":1.0,"enemies":"Cultist","floor":1.0,"turns":4.0},{"damage":4.0,"enemies":"Jaw Worm","floor":2.0,"turns":4.0},{"damage":0.0,"enemies":"Small Slimes","floor":3.0,"turns":4.0},{"damage":0.0,"enemies":"Exordium Thugs","floor":5.0,"turns":1.0},{"damage":35.0,"enemies":"3 Sentries","floor":6.0,"turns":11.0},{"damage":24.0,"enemies":"Gremlin Gang","floor":7.0,"turns":6.0},{"damage":18.0,"enemies":"Gremlin Nob","floor":8.0,"turns":5.0},{"damage":3.0,"enemies":"Looter","floor":10.0,"turns":4.0},{"damage":9,"enemies":"3 Sentries","floor":11,"turns":10},{"damage":2,"enemies":"3 Louse","floor":13,"turns":4},{"damage":0,"enemies":"Large Slime","floor":14,"turns":7},{"damage":57,"enemies":"Hexaghost","floor":16,"turns":11}],"seed_played":"-6057649990943225500","potions_obtained":[{"floor":1.0,"key":"SmokeBomb"},{"floor":6.0,"key":"Ancient Potion"},{"floor":8.0,"key":"Dexterity Potion"},{"floor":10.0,"key":"Swift Potion"},{"floor":14,"key":"SpeedPotion"}],"is_trial":false,"path_per_floor":["M","M","M","$","M","E","M","E","T","M","E","$","M","M","R","B"],"character_chosen":"IRONCLAD","items_purchased":["Pommel Strike","Good Instincts","Oddly Smooth Stone"],"campfire_rested":1,"item_purchase_floors":[4,4,12],"current_hp_per_floor":[77,79,80,80,80,51,33,21,21,24,21,21,25,31,55,0],"gold":45,"neow_bonus":"HUNDRED_GOLD","is_prod":false,"is_daily":false,"chose_seed":false,"campfire_upgraded":0,"win_rate":0,"timestamp":1547840708,"path_taken":["M","M","M","$","M","E","M","E","T","M","E","?","M","M","R","BOSS"],"build_version":"2019-01-17v2","purchased_purges":1,"victory":false,"max_hp_per_floor":[80,80,80,80,80,80,80,80,80,80,80,80,80,80,80,80],"card_choices":[{"not_picked":["Second Wind","True Grit"],"picked":"Iron Wave","floor":1.0},{"not_picked":["Thunderclap","Bloodletting"],"picked":"Corruption","floor":2.0},{"not_picked":["Sword Boomerang","Cleave"],"picked":"Headbutt","floor":3.0},{"not_picked":["Havoc","Reckless Charge"],"picked":"Flame Barrier","floor":6.0},{"not_picked":["Body Slam","Berserk"],"picked":"Shrug It Off","floor":7.0},{"not_picked":["Wild Strike","Fire Breathing"],"picked":"Shrug It Off","floor":8.0},{"not_picked":["Whirlwind","Heavy Blade","Body Slam"],"picked":"SKIP","floor":10.0},{"not_picked":["Twin Strike","Seeing Red"],"picked":"True Grit","floor":11},{"not_picked":["Warcry","Flex"],"picked":"Bloodletting","floor":13},{"not_picked":["Battle Trance","Warcry"],"picked":"Spot Weakness","floor":14},{"not_picked":["Perfected Strike","Reaper"],"picked":"Infernal Blade","floor":15}],"player_experience":54030,"relics_obtained":[{"floor":6.0,"key":"Shovel"},{"floor":8.0,"key":"War Paint"},{"floor":9.0,"key":"Dream Catcher"},{"floor":11,"key":"Bag of Preparation"}],"event_choices":[],"is_beta":false,"boss_relics":[],"items_purged_floors":[4],"is_endless":false,"potions_floor_spawned":[1,6,8,10,14],"killed_by":"Hexaghost","ascension_level":8}