{"gold_per_floor":[109,124,142,4,4,4,31,31,31,59,109,119,119,43,43,116,116,136,49,40,40],"floor_reached":21,"playtime":8673,"items_purged":[],"score":346,"play_id":"39c1fe18-dc91-4384-b5b7-65582b56c54e","local_time":"20190601134310","is_ascension_mode":true,"campfire_choices":[{"data":"Deadly Poison","floor":6.0,"key":"SMITH"},{"floor":8.0,"key":"REST"},{"floor":15,"key":"REST"}],"neow_cost":"NONE","seed_source_timestamp":0,"circlet_count":0,"master_deck":["AscendersBane","Defend_G","Defend_G","Defend_G","Defend_G","Defend_G","Strike_G","Strike_G","Strike_G","Strike_G","Survivor","Neutralize+1","Dagger Spray","Deadly Poison+1","Dodge and Roll","Wraith Form v2+1","PiercingWail","Cloak And Dagger","Backflip","Dash","Leg Sweep","Bouncing Flask","Dash","Heel Hook","Escape Plan","Deflect"],"special_seed":0,"relics":["Ring of the Snake","Mummified Hand","Sundial","WingedGreaves","Orrery"],"potions_floor_usage":[16,20],"damage_taken":[{"damage":0.0,"enemies":"Cultist","floor":1.0,"turns":4.0},{"damage":0.0,"enemies":"Jaw Worm","floor":2.0,"turns":4.0},{"damage":2.0,"enemies":"Small Slimes","floor":3.0,"turns":3.0},{"damage":26.0,"enemies":"Lagavulin","floor":7.0,"turns":9.0},{"damage":32.0,"enemies":"Gremlin Nob","floor":10.0,"turns":5.0},{"damage":4.0,"enemies":"Gremlin Gang","floor":12.0,"turns":3.0},{"damage":29,"enemies":"The Guardian","floor":16,"turns":16},{"damage":21,"enemies":"Chosen","floor":18,"turns":9},{"damage":4,"enemies":"2 Thieves","floor":20,"turns":4},{"damage":34,"enemies":"Colosseum Slavers","floor":21,"turns":7}],"seed_played":"818003140170829985","potions_obtained":[{"floor":2.0,"key":"Explosive Potion"},{"floor":12.0,"key":"Regen Potion"},{"floor":16,"key":"AttackPotion"}],"is_trial":false,"path_per_floor":["M","M","M","$","?","R","E","R","T","E","?","M","?","$","R","B",null,"M","$","M","?"],"character_chosen":"THE_SILENT","items_purchased":["Wraith Form v2","PiercingWail","Dash","Escape Plan"],"campfire_rested":2,"item_purchase_floors":[4,4,14,19],"current_hp_per_floor":[59,59,57,57,57,57,31,50,50,18,18,14,7,7,26,12,53,32,32,28,0],"gold":40,"neow_bonus":"UPGRADE_CARD","is_prod":false,"is_daily":false,"chose_seed":false,"campfire_upgraded":1,"win_rate":0,"timestamp":1559389390,"path_taken":["M","?","M","$","?","R","E","R","T","E","?","?","?","$","R","BOSS","M","$","M","?"],"build_version":"2019-01-23","purchased_purges":0,"victory":false,"max_hp_per_floor":[66,66,66,66,66,66,66,66,66,66,66,66,66,66,66,66,66,66,66,66,66],"card_choices":[{"not_picked":["Prepared","Quick Slash"],"picked":"Dagger Spray","floor":1.0},{"not_picked":["Prepared","Bane"],"picked":"Deadly Poison","floor":2.0},{"not_picked":["Slice","Sucker Punch"],"picked":"Dodge and Roll","floor":3.0},{"not_picked":["Night Terror","Accuracy"],"picked":"Cloak And Dagger","floor":7.0},{"not_picked":["Masterful Stab","Skewer","Dodge and Roll"],"picked":"SKIP","floor":10.0},{"not_picked":["Sucker Punch","Cloak And Dagger"],"picked":"Backflip","floor":12.0},{"not_picked":["Deflect","PiercingWail"],"picked":"Leg Sweep","floor":17},{"not_picked":["Blade Dance","Deflect"],"picked":"Bouncing Flask","floor":17},{"not_picked":["Acrobatics","Slice"],"picked":"Dash","floor":17},{"not_picked":["Leg Sweep","Backflip"],"picked":"Heel Hook","floor":18},{"not_picked":["Prepared","Setup"],"picked":"Deflect","floor":20}],"player_experience":752490,"relics_obtained":[{"floor":7.0,"key":"Mummified Hand"},{"floor":9.0,"key":"Sundial"},{"floor":10.0,"key":"WingedGreaves"}],"event_choices":[{"damage_healed":0.0,"max_hp_gain":0.0,"max_hp_loss":0.0,"gold_gain":0.0,"event_name":"Living Wall","player_choice":"Grow","floor":5.0,"gold_loss":0.0,"damage_taken":0.0,"cards_upgraded":["Wraith Form v2"]},{"damage_healed":0.0,"max_hp_gain":0.0,"max_hp_loss":0.0,"gold_gain":50.0,"event_name":"Golden Shrine","player_choice":"Pray","floor":11.0,"gold_loss":0.0,"damage_taken":0.0},{"cards_removed":["Strike_G"],"damage_healed":0.0,"max_hp_gain":0.0,"max_hp_loss":0.0,"gold_gain":0.0,"event_name":"Golden Wing","player_choice":"Card Removal","floor":13.0,"gold_loss":0.0,"damage_taken":7.0},{"damage_healed":0,"gold_gain":0,"player_choice":"Fight","damage_taken":0,"max_hp_gain":0,"max_hp_loss":0,"event_name":"Colosseum","floor":21,"gold_loss":0}],"is_beta":false,"boss_relics":[{"not_picked":["Ring of the Serpent","Calling Bell"],"picked":"Orrery"}],"items_purged_floors":[],"is_endless":false,"potions_floor_spawned":[2,12,16],"killed_by":"Colosseum Slavers","ascension_level":17}