{"gold_per_floor":[144,189,234,279,0,90,4,4,54,115,115,160,335,335,335,635,635,680,14,14,59,10,10,100,145,170,215,270,270,315,56,56,356,356,401,401,446,67,67,157,157,202,202,11,11,0,45,90,90,90],"floor_reached":50,"playtime":4037,"items_purged":[],"score":567,"play_id":"eab84359-6d2e-4ee8-ab2c-2a7a86fa55f7","local_time":"20190616154635","daily_mods":["Shiny","Time Dilation","Midas"],"is_ascension_mode":false,"campfire_choices":[{"floor":15,"key":"REST"},{"floor":23,"key":"REST"},{"floor":29,"key":"REST"},{"floor":32,"key":"REST"},{"floor":41,"key":"REST"},{"floor":45,"key":"REST"},{"floor":49,"key":"REST"}],"neow_cost":"","seed_source_timestamp":6933773373500,"circlet_count":0,"master_deck":["Venomology+1","Corpse Explosion+1","Malaise+1","Phantasmal Killer+1","Die Die Die+1","Adrenaline+1","Envenom+1","Doppelganger+1","Burst+1","Wraith Form v2+1","Tools of the Trade+1","Unload+1","After Image+1","Bullet Time+1","Storm of Steel+1","Glass Knife+1","A Thousand Cuts+1","Grand Finale+1","Crippling Poison+1","Cloak And Dagger+1","Crippling Poison+1","Magnetism+1","Dagger Throw+1","Deep Breath+1","Venomology+1","Dark Shackles+1","Venomology+1","Injury","Adrenaline+1","Eviscerate+1","Dagger Throw+1","Footwork+1","Dark Shackles+1","Endless Agony+1","Decay","Backflip+1","Acrobatics+1","Backstab+1","Crippling Poison+1","Choke+1","Slice+1","Catalyst+1","Noxious Fumes+1","Dark Shackles+1","Flying Knee+1","Bullet Time+1","Quick Slash+1","Terror+1","Infinite Blades+1","Blade Dance+1","Underhanded Strike+1","Eviscerate+1","Catalyst+1","Dagger Spray+1","Prepared+1","Tactician","Acrobatics+1","Deflect+1","Slice","Deflect+1"],"special_seed":18063,"relics":["Ring of the Snake","Strawberry","Bag of Marbles","Astrolabe","Sling","Letter Opener","Anchor","Boot","Tiny Chest","Black Star","Centennial Puzzle","Mark of the Bloom","Sundial","Dream Catcher","Bag of Preparation","Juzu Bracelet","Red Mask"],"potions_floor_usage":[3,4,6,12,12,14,16,16,18,18,18,21,24,24,24,25,25,27,27,27,30,33,33,33,37,40,40,42,48,48,48,50,50,50,50,50],"damage_taken":[{"damage":6,"enemies":"Cultist","floor":1,"turns":3},{"damage":1,"enemies":"Jaw Worm","floor":2,"turns":3},{"damage":7,"enemies":"Small Slimes","floor":3,"turns":2},{"damage":13,"enemies":"Looter","floor":4,"turns":3},{"damage":28,"enemies":"3 Sentries","floor":6,"turns":5},{"damage":9,"enemies":"Large Slime","floor":12,"turns":6},{"damage":0,"enemies":"Exordium Wildlife","floor":14,"turns":1},{"damage":21,"enemies":"Hexaghost","floor":16,"turns":10},{"damage":15,"enemies":"Spheric Guardian","floor":18,"turns":7},{"damage":12,"enemies":"3 Byrds","floor":21,"turns":5},{"damage":5,"enemies":"Slavers","floor":24,"turns":5},{"damage":11,"enemies":"Centurion and Healer","floor":25,"turns":5},{"damage":7,"enemies":"Shelled Parasite and Fungi","floor":27,"turns":4},{"damage":11,"enemies":"Snake Plant","floor":30,"turns":3},{"damage":63,"enemies":"Collector","floor":33,"turns":10},{"damage":11,"enemies":"Orb Walker","floor":35,"turns":3},{"damage":3,"enemies":"3 Shapes","floor":37,"turns":5},{"damage":27,"enemies":"Giant Head","floor":40,"turns":6},{"damage":4,"enemies":"3 Darklings","floor":42,"turns":4},{"damage":5,"enemies":"Writhing Mass","floor":47,"turns":4},{"damage":6,"enemies":"Sphere and 2 Shapes","floor":48,"turns":3},{"damage":30,"enemies":"Awakened One","floor":50,"turns":10}],"seed_played":"-4255218080682064028","potions_obtained":[{"floor":2,"key":"SteroidPotion"},{"floor":3,"key":"SmokeBomb"},{"floor":16,"key":"Swift Potion"},{"floor":24,"key":"Block Potion"},{"floor":25,"key":"Fire Potion"},{"floor":42,"key":"AttackPotion"},{"floor":47,"key":"Swift Potion"},{"floor":48,"key":"Weak Potion"}],"is_trial":false,"path_per_floor":["M","M","M","M","$","E","$","?","T","?","?","M","?","M","R","B",null,"M","$","?","M","$","R","E","M","T","M","T","R","M","$","R","B",null,"M","?","M","$","?","E","R","M","T","$","R","?","M","M","R","B"],"character_chosen":"THE_SILENT","items_purchased":["Magnetism","Dagger Throw","Deep Breath","Dark Shackles","Footwork","Dark Shackles","Endless Agony","Sling","Letter Opener","Acrobatics","Catalyst","Noxious Fumes","Dark Shackles","Flying Knee","Centennial Puzzle","Infinite Blades","Blade Dance","Underhanded Strike","Eviscerate","Juzu Bracelet","Tactician"],"campfire_rested":7,"item_purchase_floors":[5,5,5,7,19,19,19,19,19,22,31,31,31,31,38,38,38,38,38,44,44],"current_hp_per_floor":[64,63,56,43,43,22,22,22,22,22,22,13,13,13,36,15,77,62,62,62,50,50,73,68,57,57,50,50,73,62,62,77,14,77,66,66,72,72,72,45,45,41,41,41,41,41,36,30,30,0],"gold":90,"neow_bonus":"","is_prod":false,"is_daily":true,"chose_seed":false,"campfire_upgraded":0,"win_rate":0.0,"timestamp":1560696395,"path_taken":["M","?","M","M","$","E","$","?","T","?","?","M","?","M","R","BOSS","M","$","?","M","?","R","E","M","T","?","?","R","M","$","R","BOSS","M","?","M","$","?","E","R","M","T","?","R","?","M","M","R","BOSS"],"build_version":"2019-01-23","purchased_purges":0,"victory":false,"max_hp_per_floor":[70,70,70,70,70,77,77,77,77,77,77,77,77,77,77,77,77,77,77,77,77,77,77,77,77,77,77,77,77,77,77,77,77,77,77,77,77,77,77,77,77,77,77,77,77,77,77,77,77,77],"card_choices":[{"not_picked":["Slice","All Out Attack"],"picked":"Setup","floor":1},{"not_picked":["Cloak And Dagger","Outmaneuver"],"picked":"Crippling Poison","floor":2},{"not_picked":["Sucker Punch","Skewer"],"picked":"Cloak And Dagger","floor":3},{"not_picked":["Acrobatics","Dagger Spray"],"picked":"Crippling Poison","floor":4},{"not_picked":["Flying Knee","Quick Slash"],"picked":"Venomology","floor":6},{"not_picked":["Expertise","Dagger Throw"],"picked":"Bane","floor":12},{"not_picked":["Malaise","Corpse Explosion"],"picked":"Venomology","floor":16},{"not_picked":["Concentrate","Underhanded Strike"],"picked":"Dagger Throw+1","floor":18},{"not_picked":["Dodge and Roll","Setup+1"],"picked":"Backflip+1","floor":21},{"not_picked":["Skewer+1","Outmaneuver"],"picked":"Backstab+1","floor":24},{"not_picked":["Sucker Punch","Caltrops"],"picked":"Crippling Poison+1","floor":25},{"not_picked":["Cloak And Dagger+1","Reflex"],"picked":"Choke+1","floor":27},{"not_picked":["Sucker Punch","Bane"],"picked":"Slice+1","floor":30},{"not_picked":["Storm of Steel","Night Terror"],"picked":"Bullet Time","floor":33},{"not_picked":["Crippling Poison","Blade Dance"],"picked":"Quick Slash+1","floor":35},{"not_picked":["Backflip+1","Deadly Poison+1"],"picked":"Terror+1","floor":37},{"not_picked":["Poisoned Stab+1","Cloak And Dagger+1"],"picked":"Catalyst+1","floor":40},{"not_picked":["PiercingWail","Cloak And Dagger+1"],"picked":"Dagger Spray+1","floor":41},{"not_picked":["Quick Slash+1","After Image"],"picked":"Prepared+1","floor":42},{"not_picked":["Backflip","Poisoned Stab+1"],"picked":"Acrobatics+1","floor":45},{"not_picked":["Tactician","Flying Knee+1"],"picked":"Deflect+1","floor":47},{"not_picked":["Setup","Dagger Throw+1"],"picked":"Slice","floor":48},{"not_picked":["Flying Knee+1","Setup+1"],"picked":"Deflect+1","floor":49}],"player_experience":61420,"relics_obtained":[{"floor":6,"key":"Strawberry"},{"floor":9,"key":"Bag of Marbles"},{"floor":24,"key":"Anchor"},{"floor":26,"key":"Boot"},{"floor":28,"key":"Tiny Chest"},{"floor":40,"key":"Sundial"},{"floor":40,"key":"Dream Catcher"},{"floor":43,"key":"Bag of Preparation"}],"event_choices":[{"damage_healed":0,"gold_gain":0,"player_choice":"Fled","damage_taken":0,"max_hp_gain":0,"max_hp_loss":0,"event_name":"Scrap Ooze","floor":8,"gold_loss":0},{"damage_healed":0,"gold_gain":61,"player_choice":"Gained Gold","damage_taken":0,"max_hp_gain":0,"max_hp_loss":0,"event_name":"Golden Wing","floor":10,"gold_loss":0},{"damage_healed":0,"gold_gain":0,"player_choice":"Ignored","damage_taken":0,"max_hp_gain":0,"max_hp_loss":0,"event_name":"Shining Light","floor":11,"gold_loss":0},{"damage_healed":0,"gold_gain":175,"player_choice":"AGREE","damage_taken":0,"max_hp_gain":0,"max_hp_loss":0,"event_name":"Liars Game","floor":13,"gold_loss":0,"cards_obtained":["Doubt"]},{"damage_healed":0,"gold_gain":0,"player_choice":"Cursed","damage_taken":0,"max_hp_gain":0,"max_hp_loss":0,"event_name":"Wheel of Change","floor":20,"gold_loss":0,"cards_obtained":["Decay"]},{"cards_removed":["Bane"],"damage_healed":0,"gold_gain":0,"player_choice":"Removed Attack","damage_taken":0,"max_hp_gain":0,"max_hp_loss":0,"event_name":"Falling","floor":36,"gold_loss":0},{"damage_healed":0,"gold_gain":0,"player_choice":"Upgrade","damage_taken":0,"relics_obtained":["Mark of the Bloom"],"max_hp_gain":0,"max_hp_loss":0,"event_name":"MindBloom","floor":39,"gold_loss":0,"cards_upgraded":["Venomology","Corpse Explosion","Malaise","Phantasmal Killer","Die Die Die","Adrenaline","Envenom","Doppelganger","Burst","Wraith Form v2","Tools of the Trade","Unload","After Image","Bullet Time","Storm of Steel","Glass Knife","A Thousand Cuts","Grand Finale","Crippling Poison","Cloak And Dagger","Crippling Poison","Magnetism","Dagger Throw","Deep Breath","Venomology","Dark Shackles","Venomology","Footwork","Dark Shackles","Endless Agony","Acrobatics","Catalyst","Noxious Fumes","Dark Shackles","Flying Knee","Bullet Time","Infinite Blades","Blade Dance","Underhanded Strike","Eviscerate"]},{"damage_healed":0,"gold_gain":0,"player_choice":"Paid","damage_taken":0,"relics_obtained":["Red Mask"],"max_hp_gain":0,"max_hp_loss":0,"event_name":"Tomb of Lord Red Mask","floor":46,"gold_loss":11}],"is_beta":false,"boss_relics":[{"not_picked":["Ectoplasm","Calling Bell"],"picked":"Astrolabe"},{"not_picked":["Busted Crown","Eternal Feather"],"picked":"Black Star"}],"items_purged_floors":[],"is_endless":false,"potions_floor_spawned":[2,3,14,16,21,24,25,42,47,48],"killed_by":"Awakened One","ascension_level":0}