{"gold_per_floor":[112,123,198,115,115,115,142,27,27,42,42,42,123,139,139,244,244,258,278,131,46,59,59,71,91,115,133,133,133,148,166,166,166],"floor_reached":33,"playtime":1403,"items_purged":["Strike_G"],"score":438,"play_id":"2d1a5f05-6df1-4fd1-b9ba-ce6b8542d373","local_time":"20190331185854","is_ascension_mode":true,"campfire_choices":[{"data":"Dash","floor":6,"key":"SMITH"},{"data":"Noxious Fumes","floor":12,"key":"SMITH"},{"data":"Noxious Fumes","floor":15,"key":"SMITH"},{"data":"Deadly Poison","floor":23,"key":"SMITH"},{"floor":29,"key":"REST"},{"data":"Footwork","floor":32,"key":"SMITH"}],"neow_cost":"NONE","seed_source_timestamp":1595882175345704,"circlet_count":0,"master_deck":["AscendersBane","Defend_G","Defend_G","Defend_G","Defend_G+1","Defend_G","Strike_G","Strike_G","Survivor+1","Neutralize","Dash+1","Deadly Poison+1","Noxious Fumes+1","Leg Sweep","Noxious Fumes+1","Calculated Gamble","Bullet Time","Leg Sweep","Deadly Poison","Footwork+1","Corpse Explosion","Backflip","Decay","Backflip+1"],"relics":["Ring of the Snake","NeowsBlessing","Bottled Lightning","Question Card","Meat on the Bone","Empty Cage","Ginger","Regal Pillow"],"potions_floor_usage":[16,18,25,27,31,33],"damage_taken":[{"damage":0,"enemies":"Cultist","floor":1,"turns":1},{"damage":0,"enemies":"Jaw Worm","floor":2,"turns":1},{"damage":0,"enemies":"Gremlin Nob","floor":7,"turns":1},{"damage":1,"enemies":"2 Louse","floor":10,"turns":2},{"damage":0,"enemies":"Looter","floor":14,"turns":3},{"damage":5,"enemies":"Slime Boss","floor":16,"turns":9},{"damage":19,"enemies":"3 Byrds","floor":18,"turns":5},{"damage":16,"enemies":"Spheric Guardian","floor":19,"turns":5},{"damage":4,"enemies":"Snecko","floor":22,"turns":6},{"damage":12,"enemies":"Cultist and Chosen","floor":24,"turns":7},{"damage":33,"enemies":"Shelled Parasite and Fungi","floor":25,"turns":7},{"damage":13,"enemies":"Centurion and Healer","floor":27,"turns":7},{"damage":6,"enemies":"Snecko","floor":30,"turns":6},{"damage":12,"enemies":"Snake Plant","floor":31,"turns":6},{"damage":67,"enemies":"Automaton","floor":33,"turns":6}],"seed_played":"2827737489666572809","potions_obtained":[{"floor":1,"key":"Explosive Potion"},{"floor":2,"key":"GhostInAJar"},{"floor":19,"key":"Energy Potion"},{"floor":24,"key":"SpeedPotion"},{"floor":25,"key":"EssenceOfSteel"},{"floor":31,"key":"SkillPotion"}],"is_trial":false,"path_per_floor":["M","M","?","$","?","R","E","$","T","M","?","R","T","M","R","B",null,"M","M","$","?","M","R","M","M","T","M","?","R","M","M","R","B"],"character_chosen":"THE_SILENT","items_purchased":["Dash","Deadly Poison","Noxious Fumes","Leg Sweep","Leg Sweep"],"campfire_rested":1,"item_purchase_floors":[4,4,8,8,20],"current_hp_per_floor":[63,63,52,52,52,52,52,52,52,51,37,37,37,37,37,44,64,45,41,41,41,37,37,37,16,16,15,15,51,45,45,45,0],"gold":166,"neow_bonus":"THREE_ENEMY_KILL","is_prod":false,"is_daily":false,"chose_seed":false,"campfire_upgraded":5,"win_rate":0,"timestamp":1554083934,"path_taken":["M","?","?","$","?","R","E","$","T","M","?","R","?","M","R","BOSS","M","M","$","?","M","R","M","M","T","M","?","R","M","M","R","BOSS"],"build_version":"2019-01-23","purchased_purges":1,"victory":false,"max_hp_per_floor":[70,70,70,70,70,70,70,70,70,70,70,70,70,70,70,70,70,70,70,70,70,70,70,70,70,70,70,70,70,70,70,70,70],"card_choices":[{"not_picked":["Calculated Gamble","Dagger Throw","Bane"],"picked":"SKIP","floor":1},{"not_picked":["Slice","Tactician","Dagger Throw"],"picked":"SKIP","floor":2},{"not_picked":["Setup","Concentrate","Slice"],"picked":"SKIP","floor":7},{"not_picked":["Prepared","Quick Slash","Choke"],"picked":"Noxious Fumes","floor":10},{"not_picked":["Quick Slash","Bane","Reflex"],"picked":"Calculated Gamble","floor":14},{"not_picked":["Storm of Steel","Burst","Doppelganger"],"picked":"Bullet Time","floor":16},{"not_picked":["Poisoned Stab","Underhanded Strike","Dagger Throw","Blade Dance"],"picked":"SKIP","floor":18},{"not_picked":["Underhanded Strike","Blade Dance","Prepared","PiercingWail"],"picked":"SKIP","floor":19},{"not_picked":["Dagger Spray+1","Dodge and Roll","Heel Hook"],"picked":"Deadly Poison","floor":22},{"not_picked":["Backflip","Slice+1","Masterful Stab"],"picked":"Footwork","floor":24},{"not_picked":["Leg Sweep","Bane","Flying Knee"],"picked":"Corpse Explosion","floor":25},{"not_picked":["Cloak And Dagger","Riddle With Holes","Infinite Blades"],"picked":"Backflip","floor":27},{"not_picked":["Deadly Poison","Skewer","Predator"],"picked":"Backflip+1","floor":30},{"not_picked":["Blade Dance+1","Prepared","Slice","Poisoned Stab"],"picked":"SKIP","floor":31}],"player_experience":547623,"relics_obtained":[{"floor":7,"key":"Bottled Lightning"},{"floor":9,"key":"Question Card"},{"floor":13,"key":"Meat on the Bone"},{"floor":26,"key":"Regal Pillow"}],"event_choices":[{"damage_healed":0,"gold_gain":75,"player_choice":"Gather Gold","damage_taken":11,"max_hp_gain":0,"max_hp_loss":0,"event_name":"World of Goop","floor":3,"gold_loss":0},{"damage_healed":0,"gold_gain":0,"player_choice":"Ignored","damage_taken":0,"max_hp_gain":0,"max_hp_loss":0,"event_name":"Liars Game","floor":5,"gold_loss":0},{"damage_healed":0,"gold_gain":0,"player_choice":"Entered Light","damage_taken":14,"max_hp_gain":0,"max_hp_loss":0,"event_name":"Shining Light","floor":11,"gold_loss":0,"cards_upgraded":["Survivor","Defend_G"]},{"damage_healed":0,"gold_gain":0,"player_choice":"Obtained Relic","damage_taken":0,"relics_obtained":["Ginger"],"max_hp_gain":0,"max_hp_loss":0,"event_name":"Addict","floor":21,"gold_loss":85},{"damage_healed":0,"gold_gain":0,"player_choice":"Smashed Altar","damage_taken":0,"max_hp_gain":0,"max_hp_loss":0,"event_name":"Forgotten Altar","floor":28,"gold_loss":0,"cards_obtained":["Decay"]}],"is_beta":false,"boss_relics":[{"not_picked":["WristBlade","Snecko Eye"],"picked":"Empty Cage"}],"items_purged_floors":[20],"is_endless":false,"potions_floor_spawned":[1,2,7,14,19,24,25,31],"killed_by":"Automaton","ascension_level":12}