{"gold_per_floor":[118,6,16,16,16,16,42,60,60,60,89,117,64,88,100,112],"floor_reached":16,"playtime":455,"items_purged":["Strike_G"],"score":170,"play_id":"e2f6dc1b-213a-4f65-9e03-a7729fabe1b3","local_time":"20190103192324","is_ascension_mode":true,"campfire_choices":[{"data":"Dodge and Roll","floor":6,"key":"SMITH"},{"data":"All Out Attack","floor":10,"key":"SMITH"},{"floor":15,"key":"RECALL"}],"neow_cost":"NONE","seed_source_timestamp":1166681276073047,"circlet_count":0,"master_deck":["Defend_G","Defend_G+1","Defend_G","Defend_G","Defend_G+1","Strike_G","Strike_G","Strike_G","Survivor","Neutralize+1","Dodge and Roll+1","All Out Attack+1","Backstab+1","Wraith Form v2","Acrobatics"],"relics":["Ring of the Snake","NeowsBlessing","War Paint","Pear","Juzu Bracelet","Odd Mushroom","MawBank"],"potions_floor_usage":[16],"damage_taken":[{"damage":0,"enemies":"Jaw Worm","floor":1,"turns":1},{"damage":0,"enemies":"2 Louse","floor":3,"turns":1},{"damage":0,"enemies":"Lagavulin","floor":7,"turns":1},{"damage":0,"enemies":"Small Slimes","floor":8,"turns":3},{"damage":23,"enemies":"Gremlin Nob","floor":11,"turns":5},{"damage":0,"enemies":"The Mushroom Lair","floor":12,"turns":3},{"damage":37,"enemies":"Hexaghost","floor":16,"turns":14}],"seed_played":"8761446654054558359","potions_obtained":[{"floor":3,"key":"Energy Potion"}],"is_trial":false,"path_per_floor":["M","$","M","?","?","R","E","M","T","R","E","?","$","T","R","B"],"character_chosen":"THE_SILENT","items_purchased":["All Out Attack","Acrobatics"],"campfire_rested":0,"item_purchase_floors":[2,13],"current_hp_per_floor":[63,63,63,49,42,42,42,42,52,52,29,29,29,29,29,0],"gold":112,"neow_bonus":"THREE_ENEMY_KILL","is_prod":false,"is_daily":false,"chose_seed":false,"campfire_upgraded":2,"win_rate":0,"timestamp":1546572204,"path_taken":["M","$","M","?","?","R","E","M","T","R","E","?","?","?","R","BOSS"],"build_version":"2019-01-03","purchased_purges":1,"victory":false,"max_hp_per_floor":[70,70,70,70,70,70,70,70,80,80,80,80,80,80,80,80],"card_choices":[{"not_picked":["Sucker Punch","Outmaneuver"],"picked":"Dodge and Roll","floor":1},{"not_picked":["Dodge and Roll","Riddle With Holes"],"picked":"Backstab","floor":3},{"not_picked":["Reflex","Flying Knee","Concentrate"],"picked":"SKIP","floor":7},{"not_picked":["Deflect","Finisher"],"picked":"Wraith Form v2","floor":8},{"not_picked":["Quick Slash","Sucker Punch","Heel Hook"],"picked":"SKIP","floor":11}],"player_experience":265729,"relics_obtained":[{"floor":7,"key":"War Paint"},{"floor":9,"key":"Pear"},{"floor":11,"key":"Juzu Bracelet"},{"floor":12,"key":"Odd Mushroom"},{"floor":14,"key":"MawBank"}],"event_choices":[{"damage_healed":0,"gold_gain":0,"player_choice":"Entered Light","damage_taken":14,"max_hp_gain":0,"max_hp_loss":0,"event_name":"Shining Light","floor":4,"gold_loss":0,"cards_upgraded":["Backstab","Neutralize"]},{"cards_removed":["Strike_G"],"damage_healed":0,"gold_gain":0,"player_choice":"Card Removal","damage_taken":7,"max_hp_gain":0,"max_hp_loss":0,"event_name":"Golden Wing","floor":5,"gold_loss":0},{"damage_healed":0,"gold_gain":0,"player_choice":"Fought Mushrooms","damage_taken":0,"max_hp_gain":0,"max_hp_loss":0,"event_name":"Mushrooms","floor":12,"gold_loss":0}],"is_beta":false,"boss_relics":[],"items_purged_floors":[2],"is_endless":false,"potions_floor_spawned":[3],"killed_by":"Hexaghost","ascension_level":6}