{"gold_per_floor":[112,125,138,150,150,150,75,75,75,45,81,81,46,71,71,162,162,182,182,202,202,202],"floor_reached":22,"playtime":1333,"items_purged":["Injury"],"score":344,"play_id":"3627a759-aea0-4d80-85d6-718ebfb8bd84","local_time":"20190529111605","is_ascension_mode":true,"campfire_choices":[{"data":"Corpse Explosion","floor":6.0,"key":"SMITH"},{"data":"Caltrops","floor":15,"key":"SMITH"}],"neow_cost":"TEN_PERCENT_HP_LOSS","seed_source_timestamp":1180402553234200,"circlet_count":0,"master_deck":["AscendersBane","Defend_G","Defend_G","Defend_G","Defend_G","Defend_G","Strike_G","Strike_G","Strike_G","Strike_G","Strike_G","Survivor","Neutralize","Corpse Explosion+1","Cloak And Dagger","Poisoned Stab","Caltrops+1","PiercingWail","Crippling Poison","A Thousand Cuts","Deflect","Cloak And Dagger","PiercingWail","Acrobatics","Noxious Fumes+1","Backstab"],"special_seed":0,"relics":["Ring of the Snake","Golden Idol","Blue Candle","Smiling Mask","Orrery","Peace Pipe"],"potions_floor_usage":[12,20],"damage_taken":[{"damage":7.0,"enemies":"Cultist","floor":1.0,"turns":4.0},{"damage":9.0,"enemies":"Small Slimes","floor":2.0,"turns":4.0},{"damage":0.0,"enemies":"2 Louse","floor":3.0,"turns":2.0},{"damage":1.0,"enemies":"Lots of Slimes","floor":4.0,"turns":2.0},{"damage":15.0,"enemies":"Lagavulin","floor":11.0,"turns":5.0},{"damage":0,"enemies":"Large Slime","floor":12,"turns":1},{"damage":9,"enemies":"Exordium Thugs","floor":14,"turns":6},{"damage":18,"enemies":"Hexaghost","floor":16,"turns":9},{"damage":18,"enemies":"2 Thieves","floor":18,"turns":3},{"damage":34,"enemies":"Chosen","floor":20,"turns":6},{"damage":4,"enemies":"Sentry and Sphere","floor":22,"turns":3}],"seed_played":"-5078302430770165363","potions_obtained":[{"floor":1.0,"key":"SteroidPotion"},{"floor":10.0,"key":"Fire Potion"},{"floor":10.0,"key":"SmokeBomb"},{"floor":16,"key":"Explosive Potion"}],"is_trial":false,"path_per_floor":["M","M","M","M","?","R","$","?","T","?","E","M","?","M","R","B",null,"M","?","M","T","M"],"character_chosen":"THE_SILENT","items_purchased":[],"campfire_rested":0,"item_purchase_floors":[],"current_hp_per_floor":[52,43,43,42,42,42,42,47,47,47,32,32,48,39,39,21,54,36,49,15,15,11],"gold":202,"neow_bonus":"THREE_RARE_CARDS","is_prod":false,"is_daily":false,"chose_seed":false,"campfire_upgraded":2,"win_rate":0,"timestamp":1559121365,"path_taken":["M","M","?","M","?","R","$","?","T","?","E","?","?","M","R","BOSS","M","?","M","?","M"],"build_version":"2019-01-23","purchased_purges":1,"victory":false,"max_hp_per_floor":[60,60,60,60,60,60,60,65,65,65,65,65,65,65,65,65,65,65,65,65,65,65],"card_choices":[{"not_picked":["Venomology","After Image"],"picked":"Corpse Explosion","floor":0.0},{"not_picked":["Finisher","Bane"],"picked":"Cloak And Dagger","floor":1.0},{"not_picked":["Blade Dance","Prepared"],"picked":"Poisoned Stab","floor":2.0},{"not_picked":["Deflect","Deadly Poison"],"picked":"Caltrops","floor":3.0},{"not_picked":["Backflip","Acrobatics"],"picked":"PiercingWail","floor":4.0},{"not_picked":["Backflip","Acrobatics"],"picked":"Crippling Poison","floor":11.0},{"not_picked":["Acrobatics","Night Terror","Blade Dance"],"picked":"SKIP","floor":14},{"not_picked":["Corpse Explosion","Storm of Steel"],"picked":"A Thousand Cuts","floor":16},{"not_picked":["Sucker Punch","PiercingWail"],"picked":"Deflect","floor":17},{"not_picked":["Concentrate","Choke"],"picked":"Cloak And Dagger","floor":17},{"not_picked":["Prepared","Quick Slash"],"picked":"PiercingWail","floor":17},{"not_picked":["Skewer","Sucker Punch"],"picked":"Acrobatics","floor":17},{"not_picked":["Slice","Accuracy+1"],"picked":"Noxious Fumes+1","floor":18},{"not_picked":["Skewer","Calculated Gamble"],"picked":"Backstab","floor":20}],"player_experience":691462,"relics_obtained":[{"floor":9.0,"key":"Blue Candle"},{"floor":11.0,"key":"Smiling Mask"},{"floor":21,"key":"Peace Pipe"}],"event_choices":[{"damage_healed":0.0,"max_hp_gain":0.0,"max_hp_loss":0.0,"gold_gain":0.0,"event_name":"Golden Idol","player_choice":"Take Wound","floor":5.0,"gold_loss":0.0,"damage_taken":0.0,"relics_obtained":["Golden Idol"],"cards_obtained":["Injury"]},{"damage_healed":0.0,"max_hp_gain":5.0,"max_hp_loss":0.0,"gold_gain":0.0,"event_name":"Big Fish","player_choice":"Donut","floor":8.0,"gold_loss":0.0,"damage_taken":0.0},{"damage_healed":0.0,"max_hp_gain":0.0,"max_hp_loss":0.0,"gold_gain":0.0,"event_name":"The Woman in Blue","player_choice":"Bought 2 Potions","floor":10.0,"gold_loss":0.0,"damage_taken":0.0},{"damage_healed":16,"gold_gain":0,"player_choice":"Healed","damage_taken":0,"max_hp_gain":0,"max_hp_loss":0,"event_name":"The Cleric","floor":13,"gold_loss":35},{"damage_healed":13,"gold_gain":0,"player_choice":"Heal","damage_taken":0,"max_hp_gain":0,"max_hp_loss":0,"event_name":"The Library","floor":19,"gold_loss":0}],"is_beta":false,"boss_relics":[{"not_picked":["HoveringKite","WristBlade"],"picked":"Orrery"}],"items_purged_floors":[7],"is_endless":false,"potions_floor_spawned":[1,12,16],"killed_by":"Sentry and Sphere","ascension_level":17}