{"gold_per_floor":[114,129,144,159,121,151,151,151,176,206,236,251,281,296,296,396,396,411,510,525,269,284,299,149,149,224,254,279,309,339,369,369,469,469,484,499,499,122,152,152,167,167,167,197,212,227,257,272,272,272],"floor_reached":51,"playtime":3275,"items_purged":[],"score":1172,"play_id":"c886001c-4209-48a2-8d46-485a120c1385","local_time":"20190529000503","daily_mods":["Insanity","Time Dilation","DeadlyEvents"],"is_ascension_mode":false,"campfire_choices":[{"data":"Bouncing Flask","floor":7,"key":"SMITH"},{"data":"Leg Sweep","floor":15,"key":"SMITH"},{"floor":32,"key":"REST"},{"floor":40,"key":"REST"},{"floor":42,"key":"REST"},{"floor":49,"key":"REST"}],"neow_cost":"","seed_source_timestamp":0,"circlet_count":0,"master_deck":["Expertise","Escape Plan","Deflect","Caltrops","Calculated Gamble","Calculated Gamble","Dodge and Roll","Cloak And Dagger","Calculated Gamble","Prepared","Sucker Punch","Poisoned Stab","Acrobatics","Bouncing Flask+1","Quick Slash","Dagger Throw","Underhanded Strike","Slice","Prepared","PiercingWail","Terror","Bane","Leg Sweep","Distraction+1","Cloak And Dagger","Poisoned Stab","Masterful Stab","PiercingWail","Dodge and Roll","Slice","Dagger Throw","Infinite Blades","Slice","Flying Knee","Backflip","Eviscerate","Outmaneuver","Deadly Poison","Terror","Acrobatics","Distraction","Leg Sweep+1","Dagger Throw","Quick Slash","Dagger Spray","Outmaneuver","Riddle With Holes","Dagger Throw","Cloak And Dagger","Escape Plan+1","Blur","Blur","Footwork","Blade Dance","Accuracy","A Thousand Cuts","Bane+1","Infinite Blades","Backstab","Blade Dance","Infinite Blades","Footwork+1","Blur","Envenom","Escape Plan","Skewer","Caltrops","Footwork","Envenom","Blade Dance","Accuracy"],"special_seed":18045,"relics":["Ring of the Snake","Lantern","GremlinMask","Anchor","Mummified Hand","FossilizedHelix","Happy Flower","Fusion Hammer","Blood Vial","War Paint","MutagenicStrength","Shuriken","Potion Belt","Bag of Marbles","Pear","Singing Bowl","Kunai","Empty Cage","Incense Burner","Paper Crane","The Specimen","PreservedInsect","Dodecahedron"],"potions_floor_usage":[4,10,10,16,23,30,30,36,50],"damage_taken":[{"damage":0,"enemies":"Cultist","floor":1,"turns":2},{"damage":0,"enemies":"Small Slimes","floor":2,"turns":2},{"damage":1,"enemies":"Jaw Worm","floor":3,"turns":2},{"damage":7,"enemies":"Large Slime","floor":4,"turns":3},{"damage":10,"enemies":"Gremlin Nob","floor":6,"turns":3},{"damage":0,"enemies":"Lagavulin","floor":10,"turns":4},{"damage":3,"enemies":"3 Sentries","floor":11,"turns":6},{"damage":0,"enemies":"2 Fungi Beasts","floor":12,"turns":2},{"damage":0,"enemies":"Gremlin Nob","floor":13,"turns":3},{"damage":0,"enemies":"3 Louse","floor":14,"turns":2},{"damage":9,"enemies":"Hexaghost","floor":16,"turns":6},{"damage":0,"enemies":"Spheric Guardian","floor":18,"turns":3},{"damage":0,"enemies":"2 Thieves","floor":20,"turns":3},{"damage":0,"enemies":"Shelled Parasite and Fungi","floor":22,"turns":2},{"damage":0,"enemies":"Snecko","floor":23,"turns":5},{"damage":0,"enemies":"Gremlin Leader","floor":27,"turns":4},{"damage":0,"enemies":"Book of Stabbing","floor":29,"turns":2},{"damage":18,"enemies":"Gremlin Leader","floor":30,"turns":3},{"damage":0,"enemies":"Book of Stabbing","floor":31,"turns":4},{"damage":0,"enemies":"Champ","floor":33,"turns":5},{"damage":0,"enemies":"3 Darklings","floor":35,"turns":4},{"damage":0,"enemies":"3 Shapes","floor":36,"turns":1},{"damage":7,"enemies":"Giant Head","floor":39,"turns":7},{"damage":13,"enemies":"Jaw Worm Horde","floor":41,"turns":4},{"damage":0,"enemies":"Reptomancer","floor":44,"turns":2},{"damage":0,"enemies":"Maw","floor":45,"turns":5},{"damage":0,"enemies":"Transient","floor":46,"turns":5},{"damage":0,"enemies":"Nemesis","floor":47,"turns":2},{"damage":0,"enemies":"4 Shapes","floor":48,"turns":3},{"damage":30,"enemies":"Awakened One","floor":50,"turns":9}],"seed_played":"-6599637533551132899","potions_obtained":[{"floor":1,"key":"Block Potion"},{"floor":2,"key":"SkillPotion"},{"floor":6,"key":"LiquidBronze"},{"floor":11,"key":"PowerPotion"},{"floor":12,"key":"Regen Potion"},{"floor":14,"key":"Strength Potion"},{"floor":16,"key":"GamblersBrew"},{"floor":23,"key":"Energy Potion"},{"floor":27,"key":"Regen Potion"},{"floor":29,"key":"SteroidPotion"},{"floor":30,"key":"SteroidPotion"},{"floor":33,"key":"SpeedPotion"},{"floor":35,"key":"Fruit Juice"},{"floor":36,"key":"FearPotion"},{"floor":48,"key":"SkillPotion"}],"is_trial":false,"path_per_floor":["M","M","M","M","$","E","R","?","T","E","E","M","E","M","R","B",null,"M","?","M","$","M","M","$","?","T","E","T","E","E","E","R","B",null,"M","M","?","$","E","R","M","R","T","E","M","M","E","M","R","B",null],"character_chosen":"THE_SILENT","items_purchased":["Footwork","Blood Vial","Infinite Blades","Backstab","War Paint","Incense Burner","Caltrops"],"campfire_rested":4,"item_purchase_floors":[5,21,21,21,24,38,38],"current_hp_per_floor":[70,70,69,62,62,52,52,52,52,52,49,49,49,49,49,40,70,70,70,70,70,70,70,70,70,70,70,70,80,64,66,82,82,82,82,87,87,87,80,87,74,87,87,89,91,93,93,93,93,63],"gold":272,"neow_bonus":"","is_prod":false,"is_daily":true,"chose_seed":false,"campfire_upgraded":2,"win_rate":0,"timestamp":1559113503,"path_taken":["M","M","M","?","$","E","R","?","T","?","E","?","E","M","R","BOSS","M","?","M","$","M","M","$","?","T","E","?","?","?","?","R","BOSS","M","M","?","$","?","R","M","R","T","E","M","M","E","M","R","BOSS"],"build_version":"2019-01-23","purchased_purges":0,"victory":true,"max_hp_per_floor":[70,70,70,70,70,70,70,70,70,70,70,70,70,70,70,70,70,70,70,70,70,70,70,70,70,70,70,70,80,82,82,82,82,82,82,87,87,87,87,87,87,87,87,89,91,93,93,93,93,93],"card_choices":[{"not_picked":["Flying Knee","Distraction"],"picked":"Cloak And Dagger","floor":1},{"not_picked":["Well Laid Plans","Setup"],"picked":"Escape Plan","floor":2},{"not_picked":["Backstab","Crippling Poison"],"picked":"Blur","floor":3},{"not_picked":["Expertise","Heel Hook"],"picked":"Blur","floor":4},{"not_picked":["Backflip","Reflex","Night Terror"],"picked":"SKIP","floor":6},{"not_picked":["Heel Hook","Masterful Stab","PiercingWail"],"picked":"SKIP","floor":10},{"not_picked":["Poisoned Stab","Sucker Punch"],"picked":"Blade Dance","floor":11},{"not_picked":["Deflect","Dagger Throw","Riddle With Holes"],"picked":"SKIP","floor":12},{"not_picked":["Deflect","Concentrate","Acrobatics"],"picked":"SKIP","floor":13},{"not_picked":["Slice","Poisoned Stab"],"picked":"Accuracy","floor":14},{"not_picked":["Wraith Form v2","Storm of Steel"],"picked":"A Thousand Cuts","floor":16},{"not_picked":["Dagger Spray","Prepared","Distraction"],"picked":"SKIP","floor":18},{"not_picked":["Caltrops+1","Eviscerate"],"picked":"Bane+1","floor":20},{"not_picked":["Underhanded Strike","Backflip"],"picked":"Blade Dance","floor":22},{"not_picked":["Distraction","Riddle With Holes","Bane"],"picked":"SKIP","floor":23},{"not_picked":["PiercingWail","Masterful Stab"],"picked":"Infinite Blades","floor":27},{"not_picked":["Leg Sweep","Endless Agony"],"picked":"Footwork+1","floor":29},{"not_picked":["Concentrate","Leg Sweep","Cloak And Dagger"],"picked":"Singing Bowl","floor":30},{"not_picked":["Deflect","Setup"],"picked":"Blur","floor":31},{"not_picked":["Unload","Adrenaline"],"picked":"Envenom","floor":33},{"not_picked":["Leg Sweep","Terror+1"],"picked":"Escape Plan","floor":35},{"not_picked":["Blade Dance+1","Acrobatics+1"],"picked":"Skewer","floor":36},{"not_picked":["Dagger Throw+1","Flying Knee"],"picked":"Footwork","floor":39},{"not_picked":["Cloak And Dagger","Masterful Stab"],"picked":"Envenom","floor":41},{"not_picked":["Deflect","Dodge and Roll+1","Night Terror"],"picked":"Singing Bowl","floor":44},{"not_picked":["Tactician+1","Dagger Spray+1","Reflex+1"],"picked":"Singing Bowl","floor":45},{"not_picked":["Tactician+1","Poisoned Stab+1","Underhanded Strike+1"],"picked":"Singing Bowl","floor":46},{"not_picked":["Expertise+1","Dagger Throw+1"],"picked":"Blade Dance","floor":47},{"not_picked":["Flechettes+1","Flying Knee"],"picked":"Accuracy","floor":48}],"player_experience":609597,"relics_obtained":[{"floor":6,"key":"Lantern"},{"floor":9,"key":"Anchor"},{"floor":10,"key":"Mummified Hand"},{"floor":11,"key":"FossilizedHelix"},{"floor":13,"key":"Happy Flower"},{"floor":26,"key":"Shuriken"},{"floor":27,"key":"Potion Belt"},{"floor":28,"key":"Bag of Marbles"},{"floor":29,"key":"Pear"},{"floor":30,"key":"Singing Bowl"},{"floor":31,"key":"Kunai"},{"floor":39,"key":"Paper Crane"},{"floor":43,"key":"The Specimen"},{"floor":44,"key":"PreservedInsect"},{"floor":47,"key":"Dodecahedron"}],"event_choices":[{"damage_healed":0,"gold_gain":0,"player_choice":"Trade","damage_taken":0,"relics_obtained":["GremlinMask"],"max_hp_gain":0,"max_hp_loss":0,"event_name":"FaceTrader","floor":8,"gold_loss":0},{"damage_healed":0,"gold_gain":99,"player_choice":"Stole From Cult","damage_taken":0,"max_hp_gain":0,"max_hp_loss":0,"event_name":"Nest","floor":19,"gold_loss":0},{"damage_healed":0,"gold_gain":0,"player_choice":"Inject Mutagens","damage_taken":0,"relics_obtained":["MutagenicStrength"],"max_hp_gain":0,"max_hp_loss":0,"event_name":"Drug Dealer","floor":25,"gold_loss":0},{"damage_healed":0,"gold_gain":0,"player_choice":"Bought 0 Potions","damage_taken":0,"max_hp_gain":0,"max_hp_loss":0,"event_name":"The Woman in Blue","floor":37,"gold_loss":0}],"is_beta":false,"boss_relics":[{"not_picked":["Busted Crown","Astrolabe"],"picked":"Fusion Hammer"},{"not_picked":["Runic Dome","Philosopher\u0027s Stone"],"picked":"Empty Cage"}],"items_purged_floors":[],"is_endless":false,"potions_floor_spawned":[1,2,6,11,12,14,16,23,27,29,30,33,35,36,45,48],"ascension_level":0}