{"gold_per_floor":[112,112,132,152,152,187,187,39,62,62,81,81,94,112,112,112],"floor_reached":16,"playtime":839,"items_purged":["Strike_G"],"score":163,"play_id":"670c39dd-a867-496e-8871-ff30bd49da56","local_time":"20190205003216","is_ascension_mode":true,"campfire_choices":[{"data":"Caltrops","floor":7,"key":"SMITH"},{"data":"Catalyst","floor":12,"key":"SMITH"},{"floor":15,"key":"REST"}],"neow_cost":"NONE","seed_source_timestamp":267714758320128,"circlet_count":0,"master_deck":["AscendersBane","Defend_G","Defend_G","Defend_G","Defend_G","Defend_G","Strike_G","Strike_G","Strike_G","Strike_G","Survivor","Neutralize","Deadly Poison","Backflip","Backstab","Predator","Caltrops+1","Bouncing Flask","Catalyst+1","Backflip"],"relics":["Ring of the Snake","Golden Idol","Potion Belt","Regal Pillow"],"potions_floor_usage":[6,13,13,14],"damage_taken":[{"damage":0,"enemies":"Jaw Worm","floor":1,"turns":4},{"damage":1,"enemies":"Cultist","floor":3,"turns":4},{"damage":2,"enemies":"Small Slimes","floor":4,"turns":3},{"damage":27,"enemies":"3 Sentries","floor":6,"turns":9},{"damage":22,"enemies":"Exordium Thugs","floor":11,"turns":5},{"damage":16,"enemies":"Lots of Slimes","floor":13,"turns":3},{"damage":0,"enemies":"3 Louse","floor":14,"turns":3},{"damage":42,"enemies":"Slime Boss","floor":16,"turns":7}],"seed_played":"2233337781984779873","potions_obtained":[{"floor":3,"key":"Strength Potion"},{"floor":4,"key":"Energy Potion"},{"floor":6,"key":"Energy Potion"},{"floor":11,"key":"Dexterity Potion"}],"is_trial":false,"path_per_floor":["M","?","M","M","?","E","R","$","T","?","M","R","M","M","R","B"],"character_chosen":"THE_SILENT","items_purchased":["Bouncing Flask"],"campfire_rested":1,"item_purchase_floors":[8],"current_hp_per_floor":[63,63,62,60,43,16,16,16,16,39,17,17,1,1,37,0],"gold":112,"neow_bonus":"THREE_CARDS","is_prod":false,"is_daily":false,"chose_seed":false,"campfire_upgraded":2,"win_rate":0,"timestamp":1549355536,"path_taken":["M","?","?","M","?","E","R","$","T","?","M","R","M","?","R","BOSS"],"build_version":"2019-01-23","purchased_purges":1,"victory":false,"max_hp_per_floor":[70,70,70,70,70,70,70,70,70,70,70,70,70,70,70,70],"card_choices":[{"not_picked":["Riddle With Holes","Deflect"],"picked":"Deadly Poison","floor":0},{"not_picked":["Prepared","Setup"],"picked":"Backflip","floor":1},{"not_picked":["Dodge and Roll","Endless Agony","Dagger Throw"],"picked":"SKIP","floor":3},{"not_picked":["Slice","Flying Knee"],"picked":"Predator","floor":4},{"not_picked":["Accuracy","Quick Slash"],"picked":"Caltrops","floor":6},{"not_picked":["Deflect","Cloak And Dagger"],"picked":"Catalyst","floor":11},{"not_picked":["Wraith Form v2","Blade Dance","Dagger Spray"],"picked":"SKIP","floor":13},{"not_picked":["Flying Knee","Dagger Throw"],"picked":"Backflip","floor":14}],"player_experience":473766,"relics_obtained":[{"floor":6,"key":"Potion Belt"},{"floor":9,"key":"Regal Pillow"}],"event_choices":[{"damage_healed":0,"gold_gain":0,"player_choice":"1 cards matched","damage_taken":0,"max_hp_gain":0,"max_hp_loss":0,"event_name":"Match and Keep!","floor":2,"gold_loss":0,"cards_obtained":["Backstab"]},{"damage_healed":0,"gold_gain":0,"player_choice":"Take Damage","damage_taken":17,"relics_obtained":["Golden Idol"],"max_hp_gain":0,"max_hp_loss":0,"event_name":"Golden Idol","floor":5,"gold_loss":0},{"damage_healed":23,"gold_gain":0,"player_choice":"Banana","damage_taken":0,"max_hp_gain":0,"max_hp_loss":0,"event_name":"Big Fish","floor":10,"gold_loss":0}],"is_beta":false,"boss_relics":[],"items_purged_floors":[8],"is_endless":false,"potions_floor_spawned":[3,4,6,11],"killed_by":"Slime Boss","ascension_level":12}