{"gold_per_floor":[116,116,131,43,68,106,106,140,165,165,199,199,240,315,315,439,439,462,480,7,47,47,88,113,156,182,217,41,60,60,76,76,200,200,225,244,119,119,143,187,210,253,253,272,272,303,321,321,321,321],"floor_reached":51,"playtime":3863,"items_purged":["Parasite","Strike_R","Strike_R"],"score":1397,"play_id":"3ba69f96-c98e-4792-aa41-69c75afded7f","local_time":"20190118202752","is_ascension_mode":true,"campfire_choices":[{"data":"Bash","floor":7,"key":"SMITH"},{"data":"Corruption","floor":10,"key":"SMITH"},{"data":"Anger","floor":12,"key":"SMITH"},{"floor":15,"key":"REST"},{"data":"Havoc","floor":30,"key":"SMITH"},{"data":"Blind","floor":32,"key":"SMITH"}],"neow_cost":"NONE","seed_source_timestamp":72918277820471,"circlet_count":0,"master_deck":["Strike_R+1","Strike_R+1","Strike_R+1","Defend_R+1","Defend_R+1","Defend_R+1","Defend_R+1","Bash+1","Twin Strike+1","Anger+1","Dramatic Entrance+1","Metallicize+1","Impervious+1","Corruption+1","Juggernaut+1","True Grit+1","Metallicize+1","Blind+1","Havoc+1","Sentinel+1","Battle Trance+1","Metallicize+1","Fiend Fire+1","Havoc+1","Feel No Pain+1","Ghostly Armor+1","Burning Pact+1","Exhume+1","Shockwave+1","Corruption+1","Sentinel+1","Second Wind+1","True Grit+1","Battle Trance+1","Shockwave+1"],"relics":["Burning Blood","Golden Idol","Omamori","Bronze Scales","Bag of Marbles","Torii","Letter Opener","Calling Bell","PreservedInsect","Question Card","Dead Branch","Pantograph","Red Mask","Molten Egg 2","Charon\u0027s Ashes","Ancient Tea Set","Bag of Preparation","Happy Flower","Coffee Dripper","Incense Burner","Orichalcum","Juzu Bracelet","Lantern","Mark of the Bloom"],"potions_floor_usage":[6,11,18],"damage_taken":[{"damage":2,"enemies":"Small Slimes","floor":1,"turns":4},{"damage":6,"enemies":"2 Louse","floor":3,"turns":4},{"damage":1,"enemies":"Cultist","floor":5,"turns":3},{"damage":8,"enemies":"Gremlin Nob","floor":6,"turns":3},{"damage":16,"enemies":"3 Sentries","floor":8,"turns":8},{"damage":2,"enemies":"Gremlin Nob","floor":11,"turns":4},{"damage":12,"enemies":"Lagavulin","floor":13,"turns":7},{"damage":48,"enemies":"Hexaghost","floor":16,"turns":8},{"damage":15,"enemies":"Shell Parasite","floor":18,"turns":5},{"damage":8,"enemies":"Chosen","floor":19,"turns":4},{"damage":10,"enemies":"Masked Bandits","floor":21,"turns":2},{"damage":1,"enemies":"Book of Stabbing","floor":23,"turns":4},{"damage":1,"enemies":"Centurion and Healer","floor":24,"turns":3},{"damage":22,"enemies":"Gremlin Leader","floor":25,"turns":5},{"damage":0,"enemies":"Slavers","floor":27,"turns":1},{"damage":0,"enemies":"Cultist and Chosen","floor":29,"turns":4},{"damage":0,"enemies":"3 Cultists","floor":31,"turns":3},{"damage":0,"enemies":"Collector","floor":33,"turns":3},{"damage":1,"enemies":"Orb Walker","floor":35,"turns":3},{"damage":10,"enemies":"3 Shapes","floor":36,"turns":2},{"damage":0,"enemies":"Maw","floor":39,"turns":5},{"damage":0,"enemies":"Reptomancer","floor":40,"turns":3},{"damage":0,"enemies":"Sphere and 2 Shapes","floor":41,"turns":2},{"damage":0,"enemies":"Nemesis","floor":42,"turns":2},{"damage":4,"enemies":"4 Shapes","floor":44,"turns":1},{"damage":3,"enemies":"Giant Head","floor":46,"turns":3},{"damage":0,"enemies":"Writhing Mass","floor":47,"turns":2},{"damage":0,"enemies":"Awakened One","floor":50,"turns":3}],"seed_played":"-1463765936948216403","potions_obtained":[{"floor":0,"key":"FearPotion"},{"floor":0,"key":"SpeedPotion"},{"floor":0,"key":"Ancient Potion"},{"floor":8,"key":"Poison Potion"},{"floor":11,"key":"Swift Potion"},{"floor":19,"key":"Dexterity Potion"},{"floor":39,"key":"GamblersBrew"}],"is_trial":false,"path_per_floor":["M","?","M","$","M","E","R","E","T","R","E","R","E","?","R","B",null,"M","M","$","?","?","E","M","E","T","E","$","M","R","M","R","B",null,"M","M","$","?","M","E","M","E","T","M","?","E","M","?","R","B",null],"character_chosen":"IRONCLAD","items_purchased":["Dramatic Entrance","Blind","Havoc","Pantograph","Feel No Pain"],"campfire_rested":1,"item_purchase_floors":[4,20,20,20,28],"current_hp_per_floor":[76,74,74,74,74,72,72,62,62,62,66,66,60,49,71,29,63,54,52,52,48,48,53,58,42,42,48,48,54,54,60,60,71,71,71,67,67,67,71,71,71,71,71,71,71,71,71,71,71,71],"gold":321,"neow_bonus":"THREE_SMALL_POTIONS","is_prod":false,"is_daily":false,"chose_seed":false,"campfire_upgraded":5,"win_rate":0,"timestamp":1547832472,"path_taken":["M","?","M","$","M","E","R","E","T","R","E","R","E","?","R","BOSS","M","M","$","?","?","E","?","E","T","E","$","M","R","M","R","BOSS","M","M","$","?","M","E","M","E","T","M","?","E","M","?","R","BOSS"],"build_version":"2019-01-17v2","purchased_purges":3,"victory":true,"max_hp_per_floor":[80,74,74,74,74,74,74,74,74,74,74,74,74,74,74,74,74,74,74,71,71,71,71,71,71,71,71,71,71,71,71,71,71,71,71,71,71,71,71,71,71,71,71,71,71,71,71,71,71,71],"card_choices":[{"not_picked":["Armaments","Fire Breathing"],"picked":"Twin Strike","floor":1},{"not_picked":["Combust","Thunderclap"],"picked":"Anger","floor":3},{"not_picked":["True Grit","Sword Boomerang"],"picked":"Metallicize","floor":5},{"not_picked":["Sentinel","Dropkick"],"picked":"Impervious","floor":6},{"not_picked":["Shockwave","Flame Barrier"],"picked":"Corruption","floor":8},{"not_picked":["Sever Soul","Warcry","Reckless Charge"],"picked":"SKIP","floor":11},{"not_picked":["Cleave","Hemokinesis","Blood for Blood"],"picked":"SKIP","floor":13},{"not_picked":["Immolate","Brutality"],"picked":"Juggernaut","floor":16},{"not_picked":["Clash","Searing Blow","Whirlwind"],"picked":"True Grit","floor":18},{"not_picked":["Cleave","Fire Breathing","Corruption+1"],"picked":"Metallicize","floor":19},{"not_picked":["Anger","Shrug It Off+1","Flex"],"picked":"Sentinel","floor":21},{"not_picked":["Warcry","Headbutt+1","Blood for Blood+1"],"picked":"Battle Trance+1","floor":23},{"not_picked":["Clothesline+1","Pommel Strike+1","Anger+1"],"picked":"Metallicize","floor":24},{"not_picked":["Anger+1","Rampage+1","Twin Strike+1"],"picked":"Fiend Fire+1","floor":25},{"not_picked":["Sever Soul+1","Anger+1","Searing Blow+1"],"picked":"Havoc+1","floor":27},{"not_picked":["Perfected Strike+1","Pummel+1","Warcry"],"picked":"Ghostly Armor","floor":29},{"not_picked":["Anger+1","Warcry","Spot Weakness"],"picked":"Burning Pact","floor":31},{"not_picked":["Reaper+1","Immolate+1","Double Tap"],"picked":"Exhume","floor":33},{"not_picked":["Evolve","Flex","Clothesline+1"],"picked":"Shockwave","floor":35},{"not_picked":["Iron Wave+1","Perfected Strike+1","Thunderclap+1","Wild Strike+1"],"picked":"SKIP","floor":36},{"not_picked":["Infernal Blade","Disarm+1","Hemokinesis+1"],"picked":"Sentinel+1","floor":39},{"not_picked":["Feed+1","Metallicize+1","Disarm+1"],"picked":"Second Wind","floor":40},{"not_picked":["Fire Breathing+1","Reckless Charge+1","Cleave+1"],"picked":"True Grit+1","floor":41},{"not_picked":["Wild Strike+1","Thunderclap+1","Intimidate+1","Iron Wave+1"],"picked":"SKIP","floor":42},{"not_picked":["Thunderclap+1","Infernal Blade","True Grit"],"picked":"Battle Trance+1","floor":44},{"not_picked":["Iron Wave+1","Flex","Wild Strike+1","Reckless Charge+1"],"picked":"SKIP","floor":46},{"not_picked":["Feed+1","Pummel+1","Inflame"],"picked":"Shockwave+1","floor":47}],"player_experience":50167,"relics_obtained":[{"floor":6,"key":"Omamori"},{"floor":8,"key":"Bronze Scales"},{"floor":9,"key":"Bag of Marbles"},{"floor":11,"key":"Torii"},{"floor":13,"key":"Letter Opener"},{"floor":17,"key":"PreservedInsect"},{"floor":17,"key":"Question Card"},{"floor":17,"key":"Dead Branch"},{"floor":21,"key":"Red Mask"},{"floor":22,"key":"Molten Egg 2"},{"floor":23,"key":"Charon\u0027s Ashes"},{"floor":25,"key":"Ancient Tea Set"},{"floor":26,"key":"Bag of Preparation"},{"floor":27,"key":"Happy Flower"},{"floor":40,"key":"Incense Burner"},{"floor":42,"key":"Orichalcum"},{"floor":43,"key":"Juzu Bracelet"},{"floor":46,"key":"Lantern"}],"event_choices":[{"damage_healed":0,"gold_gain":0,"player_choice":"Lose Max HP","damage_taken":0,"relics_obtained":["Golden Idol"],"max_hp_gain":0,"max_hp_loss":6,"event_name":"Golden Idol","floor":2,"gold_loss":0},{"damage_healed":0,"gold_gain":75,"player_choice":"Gather Gold","damage_taken":11,"max_hp_gain":0,"max_hp_loss":0,"event_name":"World of Goop","floor":14,"gold_loss":0},{"damage_healed":0,"gold_gain":0,"player_choice":"Fought Bandits","damage_taken":0,"max_hp_gain":0,"max_hp_loss":0,"event_name":"Masked Bandits","floor":21,"gold_loss":0},{"damage_healed":0,"gold_gain":0,"player_choice":"Relic","damage_taken":0,"max_hp_gain":0,"max_hp_loss":0,"event_name":"Wheel of Change","floor":22,"gold_loss":0},{"damage_healed":0,"gold_gain":0,"player_choice":"Copied","damage_taken":0,"max_hp_gain":0,"max_hp_loss":0,"event_name":"Duplicator","floor":38,"gold_loss":0,"cards_obtained":["Corruption"]},{"damage_healed":0,"gold_gain":0,"player_choice":"Ignored","damage_taken":0,"max_hp_gain":0,"max_hp_loss":0,"event_name":"Tomb of Lord Red Mask","floor":45,"gold_loss":0},{"damage_healed":0,"gold_gain":0,"player_choice":"Upgrade","damage_taken":0,"relics_obtained":["Mark of the Bloom"],"max_hp_gain":0,"max_hp_loss":0,"event_name":"MindBloom","floor":48,"gold_loss":0,"cards_upgraded":["Strike_R","Strike_R","Strike_R","Defend_R","Defend_R","Defend_R","Defend_R","Twin Strike","Dramatic Entrance","Metallicize","Impervious","Juggernaut","True Grit","Metallicize","Sentinel","Metallicize","Feel No Pain","Ghostly Armor","Burning Pact","Exhume","Shockwave","Second Wind"]}],"is_beta":false,"boss_relics":[{"not_picked":["Eternal Feather","Black Star"],"picked":"Calling Bell"},{"not_picked":["Astrolabe","White Beast Statue"],"picked":"Coffee Dripper"}],"items_purged_floors":[20,28,37],"is_endless":false,"potions_floor_spawned":[5,8,11,19,23,24,31,33,36,39,46,47],"ascension_level":7}