{"gold_per_floor":[110,64,64,76,95,95,195,195,221,221,255,255,275,288,288,388,388,398,412,412,298,317,317],"floor_reached":23,"playtime":1523,"items_purged":["Defend_G+1"],"score":248,"play_id":"82b8dfc7-8686-430c-8d8d-5de2f595a0ec","local_time":"20181231152529","is_ascension_mode":true,"campfire_choices":[{"data":"Caltrops","floor":6,"key":"SMITH"},{"data":"Neutralize","floor":8,"key":"SMITH"},{"data":"Backflip","floor":12,"key":"SMITH"},{"data":"Catalyst","floor":15,"key":"SMITH"}],"neow_cost":"NONE","seed_source_timestamp":892131163727776,"circlet_count":0,"master_deck":["Defend_G+1","Defend_G+1","Defend_G+1","Strike_G+1","Strike_G+1","Strike_G+1","Strike_G+1","Survivor","Neutralize+1","Well Laid Plans","Backflip+1","Caltrops+1","Blur","Acrobatics","Catalyst+1","Adrenaline","Backflip","Blur","Acrobatics+1"],"relics":["Ring of the Serpent","NeowsBlessing","Juzu Bracelet","Dodecahedron"],"potions_floor_usage":[11,11,16,19,23,23],"damage_taken":[{"damage":0,"enemies":"2 Louse","floor":1,"turns":1},{"damage":0,"enemies":"Cultist","floor":4,"turns":1},{"damage":0,"enemies":"Small Slimes","floor":5,"turns":1},{"damage":25,"enemies":"Gremlin Nob","floor":11,"turns":5},{"damage":2,"enemies":"2 Fungi Beasts","floor":13,"turns":4},{"damage":0,"enemies":"Blue Slaver","floor":14,"turns":5},{"damage":15,"enemies":"The Guardian","floor":16,"turns":10},{"damage":21,"enemies":"Chosen","floor":18,"turns":8},{"damage":1,"enemies":"Shell Parasite","floor":19,"turns":7},{"damage":12,"enemies":"Snecko","floor":22,"turns":8},{"damage":35,"enemies":"Slavers","floor":23,"turns":4}],"seed_played":"-8178826351487938981","potions_obtained":[{"floor":1,"key":"Regen Potion"},{"floor":5,"key":"AttackPotion"},{"floor":11,"key":"Poison Potion"},{"floor":14,"key":"Block Potion"},{"floor":16,"key":"LiquidBronze"},{"floor":22,"key":"Dexterity Potion"}],"is_trial":false,"path_per_floor":["M","$","?","M","M","R","?","R","T","?","E","R","M","M","R","B",null,"M","M","?","$","M","E"],"character_chosen":"THE_SILENT","items_purchased":["Backflip","Blur"],"campfire_rested":0,"item_purchase_floors":[2,21],"current_hp_per_floor":[63,63,63,63,63,63,63,63,63,63,47,47,45,45,45,30,60,39,38,38,38,26,0],"gold":317,"neow_bonus":"THREE_ENEMY_KILL","is_prod":false,"is_daily":false,"chose_seed":false,"campfire_upgraded":4,"win_rate":0,"timestamp":1546298729,"path_taken":["M","$","?","?","M","R","?","R","T","?","E","R","M","M","R","BOSS","M","M","?","$","M","E"],"build_version":"2018-12-20","purchased_purges":1,"victory":false,"max_hp_per_floor":[70,70,70,70,70,70,70,70,70,70,70,70,70,70,70,70,70,70,70,70,70,70,70],"card_choices":[{"not_picked":["Bouncing Flask","Dagger Throw"],"picked":"Well Laid Plans","floor":1},{"not_picked":["Heel Hook","Underhanded Strike"],"picked":"Caltrops","floor":4},{"not_picked":["Dodge and Roll","Deadly Poison"],"picked":"Blur","floor":5},{"not_picked":["Quick Slash","Bane"],"picked":"Acrobatics","floor":11},{"not_picked":["Sucker Punch","Unload","Heel Hook"],"picked":"SKIP","floor":13},{"not_picked":["Backflip","Cloak And Dagger"],"picked":"Catalyst","floor":14},{"not_picked":["Storm of Steel","Die Die Die"],"picked":"Adrenaline","floor":16},{"not_picked":["Infinite Blades+1","Dodge and Roll"],"picked":"Backflip","floor":18},{"not_picked":["Dagger Spray","Underhanded Strike","Deflect"],"picked":"SKIP","floor":19},{"not_picked":["Endless Agony","Outmaneuver"],"picked":"Acrobatics+1","floor":22}],"player_experience":238812,"relics_obtained":[{"floor":9,"key":"Juzu Bracelet"},{"floor":11,"key":"Dodecahedron"}],"event_choices":[{"cards_removed":["Defend_G"],"damage_healed":0,"gold_gain":0,"player_choice":"Purged","damage_taken":0,"max_hp_gain":0,"max_hp_loss":0,"event_name":"Purifier","floor":3,"gold_loss":0},{"damage_healed":0,"gold_gain":100,"player_choice":"Pray","damage_taken":0,"max_hp_gain":0,"max_hp_loss":0,"event_name":"Golden Shrine","floor":7,"gold_loss":0},{"cards_removed":["Strike_G"],"damage_healed":0,"gold_gain":0,"player_choice":"Offered Basic","damage_taken":0,"max_hp_gain":0,"max_hp_loss":0,"event_name":"Bonfire Elementals","floor":10,"gold_loss":0},{"damage_healed":0,"gold_gain":0,"player_choice":"Simplicity","damage_taken":0,"max_hp_gain":0,"max_hp_loss":0,"event_name":"Back to Basics","floor":20,"gold_loss":0,"cards_upgraded":["Defend_G","Defend_G","Defend_G","Defend_G","Strike_G","Strike_G","Strike_G","Strike_G"]}],"is_beta":false,"boss_relics":[{"not_picked":["Tiny House","Eternal Feather"],"picked":"Ring of the Serpent"}],"items_purged_floors":[21],"is_endless":false,"potions_floor_spawned":[1,5,11,14,16,22],"killed_by":"Slavers","ascension_level":6}