{"gold_per_floor":[213,213,224,235,250,284,301,301,328,328,328,343,343,354,354,433,433,446,461,461,477,265,265,294,294,294,12,41,41,104,119,119,193,193,213,231,50,50,70,70,96,96,119,139,139,171,171,189,189,189],"floor_reached":50,"playtime":4840,"items_purged":["Strike_B","Strike_B"],"score":1086,"play_id":"3a75f036-209b-464b-881c-3e9ad1a0e0ec","local_time":"20190602112210","is_ascension_mode":true,"campfire_choices":[{"floor":10.0,"key":"REST"},{"floor":13.0,"key":"REST"},{"data":"Zap","floor":15.0,"key":"SMITH"},{"data":"Defragment","floor":23.0,"key":"SMITH"},{"data":"Defragment","floor":25.0,"key":"SMITH"},{"data":"Self Repair","floor":29.0,"key":"SMITH"},{"data":"Go for the Eyes","floor":32.0,"key":"SMITH"},{"data":"Consume","floor":40.0,"key":"SMITH"},{"floor":42,"key":"REST"},{"data":"Go for the Eyes","floor":45,"key":"SMITH"},{"floor":49,"key":"REST"}],"neow_cost":"NONE","seed_source_timestamp":0,"circlet_count":0,"master_deck":["AscendersBane","Strike_B","Defend_B","Defend_B","Defend_B","Defend_B","Zap+1","Dualcast","Static Discharge","Genetic Algorithm","Undo","Coolheaded+1","Gash","Go for the Eyes+1","Compile Driver","Core Surge","Steam","Defragment+1","Stack+1","Self Repair+1","Sweeping Beam","Defragment+1","Go for the Eyes+1","Skim","Creative AI","Reinforced Body+1","Consume+1","Defragment+1","Beam Cell"],"special_seed":0,"relics":["Cracked Core","Shuriken","Potion Belt","Sozu","GremlinMask","Centennial Puzzle","Ornamental Fan","Lee\u0027s Waffle","Turnip","Tiny Chest","Runic Pyramid","PreservedInsect","Pen Nib","Unceasing Top"],"potions_floor_usage":[41],"damage_taken":[{"damage":0.0,"enemies":"Jaw Worm","floor":1.0,"turns":3.0},{"damage":0.0,"enemies":"Cultist","floor":3.0,"turns":2.0},{"damage":3.0,"enemies":"2 Louse","floor":4.0,"turns":2.0},{"damage":6.0,"enemies":"Looter","floor":5.0,"turns":3.0},{"damage":37.0,"enemies":"3 Sentries","floor":6.0,"turns":6.0},{"damage":14.0,"enemies":"Gremlin Gang","floor":7.0,"turns":6.0},{"damage":2.0,"enemies":"Exordium Wildlife","floor":12.0,"turns":4.0},{"damage":4.0,"enemies":"Red Slaver","floor":14.0,"turns":5.0},{"damage":2.0,"enemies":"Slime Boss","floor":16.0,"turns":8.0},{"damage":6.0,"enemies":"Chosen","floor":18.0,"turns":5.0},{"damage":8.0,"enemies":"3 Byrds","floor":19.0,"turns":5.0},{"damage":10.0,"enemies":"Snake Plant","floor":21.0,"turns":5.0},{"damage":13.0,"enemies":"Book of Stabbing","floor":24.0,"turns":6.0},{"damage":26.0,"enemies":"Slavers","floor":28.0,"turns":6.0},{"damage":6.0,"enemies":"Gremlin Leader","floor":30.0,"turns":8.0},{"damage":17.0,"enemies":"Centurion and Healer","floor":31.0,"turns":5.0},{"damage":27.0,"enemies":"Collector","floor":33.0,"turns":9.0},{"damage":11.0,"enemies":"3 Shapes","floor":35.0,"turns":4.0},{"damage":0.0,"enemies":"Orb Walker","floor":36.0,"turns":4.0},{"damage":15.0,"enemies":"Transient","floor":39.0,"turns":6.0},{"damage":55,"enemies":"Giant Head","floor":41,"turns":11},{"damage":2,"enemies":"Maw","floor":44,"turns":8},{"damage":0,"enemies":"Nemesis","floor":46,"turns":9},{"damage":35,"enemies":"Spire Growth","floor":48,"turns":6},{"damage":60,"enemies":"Time Eater","floor":50,"turns":12}],"seed_played":"-7710997137809670340","potions_obtained":[{"floor":6.0,"key":"FocusPotion"},{"floor":7.0,"key":"Ancient Potion"},{"floor":12.0,"key":"Weak Potion"},{"floor":14.0,"key":"Energy Potion"}],"is_trial":false,"path_per_floor":["M","?","M","M","M","E","M","T","T","R","?","M","R","M","R","B",null,"M","M","?","M","$","R","E","R","T","$","E","R","E","M","R","B",null,"M","M","$","?","M","R","E","R","T","M","R","E","?","M","R","B"],"character_chosen":"DEFECT","items_purchased":["Self Repair","Sweeping Beam","Lee\u0027s Waffle","Go for the Eyes","Defragment"],"campfire_rested":4,"item_purchase_floors":[22,22,27,27,37],"current_hp_per_floor":[64,64,64,61,55,18,4,4,4,25,25,23,44,40,40,38,63,57,49,49,39,39,39,33,33,33,78,59,59,63,56,56,39,68,67,67,67,67,62,62,17,40,40,48,48,58,58,33,56,0],"gold":189,"neow_bonus":"HUNDRED_GOLD","is_prod":false,"is_daily":false,"chose_seed":false,"campfire_upgraded":7,"win_rate":0,"timestamp":1559467330,"path_taken":["M","?","M","?","M","E","M","?","T","R","?","M","R","M","R","BOSS","M","M","?","M","$","R","E","R","T","$","E","R","E","M","R","BOSS","M","?","$","?","M","R","E","R","T","?","R","E","?","M","R","BOSS"],"build_version":"2019-01-23","purchased_purges":2,"victory":false,"max_hp_per_floor":[71,71,71,71,71,71,71,71,71,71,71,71,71,71,71,71,71,71,71,71,71,71,71,71,71,71,78,78,78,78,78,78,78,78,78,78,78,78,78,78,78,78,78,78,78,78,78,78,78,78],"card_choices":[{"not_picked":["Compile Driver","Redo"],"picked":"Ball Lightning","floor":1.0},{"not_picked":["Tempest","Hello World"],"picked":"Static Discharge","floor":3.0},{"not_picked":["Ball Lightning","Self Repair"],"picked":"Genetic Algorithm","floor":4.0},{"not_picked":["Reinforced Body","Rebound"],"picked":"Undo","floor":5.0},{"not_picked":["Redo","Leap"],"picked":"Coolheaded","floor":6.0},{"not_picked":["Barrage","Go for the Eyes"],"picked":"Gash","floor":7.0},{"not_picked":["Steam","Skim"],"picked":"Go for the Eyes","floor":12.0},{"not_picked":["Aggregate","Sunder"],"picked":"Compile Driver","floor":14.0},{"not_picked":["Buffer","Reboot"],"picked":"Core Surge","floor":16.0},{"not_picked":["Leap","Rebound"],"picked":"Steam","floor":18.0},{"not_picked":["Turbo","Streamline"],"picked":"Defragment","floor":19.0},{"not_picked":["Streamline","Redo"],"picked":"Stack+1","floor":21.0},{"not_picked":["Chill","Loop"],"picked":"Defragment","floor":24.0},{"not_picked":["Storm+1","Rip and Tear","Scrape"],"picked":"SKIP","floor":28.0},{"not_picked":["Turbo","Force Field"],"picked":"Skim","floor":30.0},{"not_picked":["Fusion","Seek","Redo"],"picked":"SKIP","floor":31.0},{"not_picked":["Rainbow","Machine Learning"],"picked":"Creative AI","floor":33.0},{"not_picked":["Steam","Streamline"],"picked":"Reinforced Body+1","floor":35.0},{"not_picked":["Melter","Steam"],"picked":"Consume","floor":36.0},{"not_picked":["BootSequence+1","White Noise","Tempest"],"picked":"SKIP","floor":39.0},{"not_picked":["Storm","Scrape","Chaos"],"picked":"SKIP","floor":41},{"not_picked":["Aggregate","Rebound"],"picked":"Beam Cell","floor":44},{"not_picked":["Auto Shields","Ball Lightning+1","Doom and Gloom+1"],"picked":"SKIP","floor":46},{"not_picked":["Streamline","Scrape","Skim+1"],"picked":"SKIP","floor":48}],"player_experience":766597,"relics_obtained":[{"floor":6.0,"key":"Shuriken"},{"floor":9.0,"key":"Potion Belt"},{"floor":24.0,"key":"Centennial Puzzle"},{"floor":26.0,"key":"Ornamental Fan"},{"floor":28.0,"key":"Turnip"},{"floor":30.0,"key":"Tiny Chest"},{"floor":41,"key":"PreservedInsect"},{"floor":43,"key":"Pen Nib"},{"floor":46,"key":"Unceasing Top"}],"event_choices":[{"cards_removed":["Strike_B"],"damage_healed":0.0,"max_hp_gain":0.0,"max_hp_loss":0.0,"gold_gain":0.0,"event_name":"Bonfire Elementals","player_choice":"Offered Basic","floor":2.0,"gold_loss":0.0,"damage_taken":0.0},{"damage_healed":0.0,"max_hp_gain":0.0,"max_hp_loss":0.0,"gold_gain":0.0,"event_name":"Living Wall","player_choice":"Grow","floor":11.0,"gold_loss":0.0,"damage_taken":0.0,"cards_upgraded":["Coolheaded"]},{"damage_healed":0.0,"max_hp_gain":0.0,"max_hp_loss":0.0,"gold_gain":0.0,"event_name":"FaceTrader","player_choice":"Trade","floor":20.0,"gold_loss":0.0,"damage_taken":0.0,"relics_obtained":["GremlinMask"]},{"damage_healed":0.0,"max_hp_gain":0.0,"max_hp_loss":0.0,"gold_gain":0.0,"event_name":"Accursed Blacksmith","player_choice":"Forge","floor":38.0,"gold_loss":0.0,"damage_taken":0.0,"cards_upgraded":["Defragment"]},{"cards_removed":["Ball Lightning"],"damage_healed":0,"gold_gain":0,"player_choice":"Removed Attack","damage_taken":0,"max_hp_gain":0,"max_hp_loss":0,"event_name":"Falling","floor":47,"gold_loss":0}],"is_beta":false,"boss_relics":[{"not_picked":["Snecko Eye","FrozenCore"],"picked":"Sozu"},{"not_picked":["Tiny House","Pandora\u0027s Box"],"picked":"Runic Pyramid"}],"items_purged_floors":[22,37],"is_endless":false,"potions_floor_spawned":[6,7,12,14,19,21,30,33,35,39,46],"killed_by":"Time Eater","ascension_level":17}