{"gold_per_floor":[114,39,114,124,48,48,75,75,120,135,160,60,60,73,73,168,168,181,181,181,191,210,210,222,222],"floor_reached":25,"playtime":1112,"items_purged":["Strike_G","Strike_G"],"score":274,"play_id":"ef1471ae-d96b-4ef2-98f2-4f4fab57a7f8","local_time":"20190106015341","is_ascension_mode":true,"campfire_choices":[{"data":"Noxious Fumes","floor":6,"key":"SMITH"},{"floor":13,"key":"REST"},{"data":"Noxious Fumes","floor":15,"key":"SMITH"},{"floor":23,"key":"REST"}],"neow_cost":"NONE","seed_source_timestamp":2071150165547,"circlet_count":0,"master_deck":["Defend_G","Defend_G","Defend_G","Defend_G","Defend_G","Strike_G","Strike_G","Survivor","Neutralize","Noxious Fumes+1","Acrobatics","Noxious Fumes+1","Infinite Blades","Dodge and Roll","Burst","Cloak And Dagger","Leg Sweep","Bouncing Flask","Backflip"],"relics":["Ring of the Serpent","Ancient Tea Set","Unceasing Top","Pen Nib","Question Card","Enchiridion"],"potions_floor_usage":[11,16,16,21,24,25],"damage_taken":[{"damage":3,"enemies":"Jaw Worm","floor":1,"turns":4},{"damage":1,"enemies":"2 Louse","floor":4,"turns":3},{"damage":9,"enemies":"3 Sentries","floor":7,"turns":6},{"damage":1,"enemies":"Cultist","floor":10,"turns":5},{"damage":22,"enemies":"Lagavulin","floor":11,"turns":7},{"damage":4,"enemies":"3 Louse","floor":14,"turns":4},{"damage":28,"enemies":"Slime Boss","floor":16,"turns":9},{"damage":20,"enemies":"Spheric Guardian","floor":18,"turns":6},{"damage":2,"enemies":"3 Byrds","floor":21,"turns":5},{"damage":8,"enemies":"Shelled Parasite and Fungi","floor":22,"turns":8},{"damage":10,"enemies":"Centurion and Healer","floor":24,"turns":6},{"damage":30,"enemies":"Slavers","floor":25,"turns":3}],"seed_played":"-8674510230244672681","potions_obtained":[{"floor":4,"key":"Swift Potion"},{"floor":10,"key":"Regen Potion"},{"floor":11,"key":"FearPotion"},{"floor":20,"key":"GamblersBrew"},{"floor":20,"key":"SneckoOil"},{"floor":20,"key":"Fire Potion"},{"floor":22,"key":"Poison Potion"},{"floor":24,"key":"Strength Potion"}],"is_trial":false,"path_per_floor":["M","$","?","M","$","R","E","?","T","M","E","$","R","M","R","B",null,"M","?","?","M","M","R","M","E"],"character_chosen":"THE_SILENT","items_purchased":["Noxious Fumes"],"campfire_rested":2,"item_purchase_floors":[5],"current_hp_per_floor":[60,60,49,48,48,48,39,39,39,38,30,30,51,47,47,19,57,37,21,21,19,11,32,22,0],"gold":222,"neow_bonus":"RANDOM_COMMON_RELIC","is_prod":false,"is_daily":false,"chose_seed":false,"campfire_upgraded":2,"win_rate":0,"timestamp":1546768421,"path_taken":["M","$","?","M","$","R","E","?","T","?","E","$","R","M","R","BOSS","M","?","?","M","M","R","M","E"],"build_version":"2019-01-03v4","purchased_purges":2,"victory":false,"max_hp_per_floor":[70,70,70,70,70,70,70,70,70,70,70,70,70,70,70,70,70,70,70,70,70,70,70,70,70],"card_choices":[{"not_picked":["Prepared","Eviscerate"],"picked":"Noxious Fumes","floor":1},{"not_picked":["Skewer","Dagger Throw"],"picked":"Acrobatics","floor":4},{"not_picked":["Quick Slash","Outmaneuver","Choke"],"picked":"SKIP","floor":7},{"not_picked":["Slice","Blade Dance"],"picked":"Infinite Blades","floor":10},{"not_picked":["Quick Slash","Choke","Die Die Die"],"picked":"SKIP","floor":11},{"not_picked":["Acrobatics","Flying Knee","Sucker Punch"],"picked":"Dodge and Roll","floor":14},{"not_picked":["Bullet Time","Storm of Steel","Die Die Die"],"picked":"Burst","floor":16},{"not_picked":["Heel Hook+1","Flying Knee+1","Slice"],"picked":"Cloak And Dagger","floor":18},{"not_picked":["Riddle With Holes","Sucker Punch","Cloak And Dagger"],"picked":"Leg Sweep","floor":21},{"not_picked":["Accuracy","Endless Agony","Slice"],"picked":"Bouncing Flask","floor":22},{"not_picked":["Acrobatics","Backstab","Deflect"],"picked":"Backflip","floor":24}],"player_experience":280207,"relics_obtained":[{"floor":7,"key":"Unceasing Top"},{"floor":9,"key":"Pen Nib"},{"floor":11,"key":"Question Card"},{"floor":19,"key":"Enchiridion"}],"event_choices":[{"damage_healed":0,"gold_gain":75,"player_choice":"Gather Gold","damage_taken":11,"max_hp_gain":0,"max_hp_loss":0,"event_name":"World of Goop","floor":3,"gold_loss":0},{"cards_removed":["Strike_G"],"damage_healed":0,"gold_gain":0,"player_choice":"Purged","damage_taken":0,"max_hp_gain":0,"max_hp_loss":0,"event_name":"Purifier","floor":8,"gold_loss":0},{"damage_healed":0,"gold_gain":0,"player_choice":"Obtained Book","damage_taken":16,"max_hp_gain":0,"max_hp_loss":0,"event_name":"Cursed Tome","floor":19,"gold_loss":0},{"damage_healed":0,"gold_gain":0,"player_choice":"Got Potions","damage_taken":0,"max_hp_gain":0,"max_hp_loss":0,"event_name":"Lab","floor":20,"gold_loss":0}],"is_beta":false,"boss_relics":[{"not_picked":["Pandora\u0027s Box","White Beast Statue"],"picked":"Ring of the Serpent"}],"items_purged_floors":[2,12],"is_endless":false,"potions_floor_spawned":[4,10,11,22,24],"killed_by":"Slavers","ascension_level":6}