{"gold_per_floor":[115,115,14,14,14,47,47,47,116,116,145,145,158,222,222,323,323,340,68,68,68,68,103,103,117,144,144,155,181,181,16,16,120,120,140,157,7,26,26,26,26,40,40,40,40,0,0,0,0,0,0,0,0,33,33],"floor_reached":55,"playtime":3012,"items_purged":["Strike_G","Defend_G","Strike_G","Defend_G"],"score":1004,"play_id":"0bf23863-3c0c-4e14-8404-f4f4d3de3356","local_time":"20190107154256","is_ascension_mode":true,"campfire_choices":[{"data":"Deadly Poison","floor":7,"key":"SMITH"},{"floor":12,"key":"RECALL"},{"data":"Caltrops","floor":15,"key":"SMITH"},{"floor":24,"key":"REST"},{"floor":27,"key":"REST"},{"data":"Noxious Fumes","floor":30,"key":"SMITH"},{"data":"Dash","floor":32,"key":"SMITH"},{"floor":40,"key":"REST"},{"floor":47,"key":"REST"},{"floor":49,"key":"REST"},{"floor":52,"key":"REST"}],"neow_cost":"NONE","seed_source_timestamp":127012931354800,"circlet_count":0,"master_deck":["Defend_G","Defend_G","Defend_G","Strike_G","Survivor","Neutralize","Backflip","Deadly Poison+1","Dash+1","Malaise","Caltrops+1","Corpse Explosion","Deadly Poison","Necronomicurse","Blur","Noxious Fumes+1","Blade Dance+1","Calculated Gamble+1","Caltrops","Burst","Blade Dance+1","Caltrops","Parasite","Blur+1","Bandage Up","Doubt","Dash+1"],"relics":["Ring of the Snake","NeowsBlessing","Kunai","Gremlin Horn","Du-Vu Doll","Ninja Scroll","Bronze Scales","Necronomicon","PreservedInsect","Ancient Tea Set","Fusion Hammer","Pear","Red Mask","Lantern"],"potions_floor_usage":[16,16,23,42,50,50],"damage_taken":[{"damage":0,"enemies":"2 Louse","floor":1,"turns":1},{"damage":0,"enemies":"3 Sentries","floor":6,"turns":2},{"damage":0,"enemies":"Gremlin Nob","floor":11,"turns":1},{"damage":0,"enemies":"Small Slimes","floor":13,"turns":2},{"damage":14,"enemies":"3 Sentries","floor":14,"turns":14},{"damage":5,"enemies":"Hexaghost","floor":16,"turns":9},{"damage":1,"enemies":"Chosen","floor":18,"turns":6},{"damage":24,"enemies":"Book of Stabbing","floor":23,"turns":5},{"damage":0,"enemies":"Shell Parasite","floor":25,"turns":5},{"damage":10,"enemies":"Snake Plant","floor":28,"turns":4},{"damage":0,"enemies":"Slavers","floor":29,"turns":3},{"damage":14,"enemies":"Automaton","floor":33,"turns":10},{"damage":13,"enemies":"3 Shapes","floor":35,"turns":3},{"damage":22,"enemies":"3 Darklings","floor":36,"turns":3},{"damage":7,"enemies":"Writhing Mass","floor":38,"turns":5},{"damage":12,"enemies":"Transient","floor":42,"turns":5},{"damage":61,"enemies":"Awakened One","floor":50,"turns":12},{"damage":26,"enemies":"Shield and Spear","floor":54,"turns":2},{"damage":66,"enemies":"The Heart","floor":55,"turns":2}],"seed_played":"1310959838038322279","potions_obtained":[{"floor":1,"key":"Energy Potion"},{"floor":14,"key":"AttackPotion"},{"floor":18,"key":"Energy Potion"},{"floor":28,"key":"GamblersBrew"},{"floor":29,"key":"GhostInAJar"},{"floor":36,"key":"Explosive Potion"},{"floor":42,"key":"Weak Potion"}],"is_trial":false,"path_per_floor":["M","?","$","?","?","E","R","$","T","?","E","R","M","?","R","B",null,"M","$","?","?","?","E","R","M","T","R","M","E","R","$","R","B",null,"M","M","$","M","?","R","?","M","T","?","$","?","R","?","R","B",null,"R","$","E","B"],"character_chosen":"THE_SILENT","items_purchased":["Deadly Poison","Bronze Scales","Deadly Poison","Caltrops"],"campfire_rested":6,"item_purchase_floors":[3,19,19,31],"current_hp_per_floor":[63,63,63,63,56,56,56,56,56,56,56,56,56,42,42,37,62,61,61,61,48,32,8,30,30,30,52,42,42,42,42,42,28,63,50,28,28,21,21,43,43,35,45,85,85,85,85,85,85,28,71,85,85,63,0],"gold":33,"neow_bonus":"THREE_ENEMY_KILL","is_prod":false,"is_daily":false,"chose_seed":false,"campfire_upgraded":4,"win_rate":0,"timestamp":1546904576,"path_taken":["M","?","$","?","?","E","R","$","T","?","E","R","?","?","R","BOSS","M","$","?","?","?","E","R","M","T","R","M","E","R","$","R","BOSS","M","M","$","M","?","R","?","M","T","?","$","?","R","?","R","BOSS","R","$","E","BOSS"],"build_version":"2019-01-03v4","purchased_purges":4,"victory":false,"max_hp_per_floor":[70,70,70,70,70,70,70,70,70,70,70,70,70,70,70,70,70,70,70,70,75,75,75,75,75,75,75,75,75,75,75,75,75,75,75,75,75,75,75,75,75,75,85,85,85,85,85,85,85,85,85,85,85,85,85],"card_choices":[{"not_picked":["Distraction","Poisoned Stab"],"picked":"Backflip","floor":1},{"not_picked":["Backstab","Dagger Throw"],"picked":"Dash","floor":6},{"not_picked":["Reflex","Outmaneuver","Dagger Spray"],"picked":"SKIP","floor":11},{"not_picked":["Terror","Backstab"],"picked":"Malaise","floor":13},{"not_picked":["Dagger Throw","Sucker Punch"],"picked":"Caltrops","floor":14},{"not_picked":["Wraith Form v2","Adrenaline"],"picked":"Corpse Explosion","floor":16},{"not_picked":["Dagger Spray","All Out Attack","Riddle With Holes"],"picked":"SKIP","floor":18},{"not_picked":["Grand Finale","Masterful Stab"],"picked":"Blur","floor":23},{"not_picked":["Caltrops+1","Dodge and Roll"],"picked":"Noxious Fumes","floor":25},{"not_picked":["Acrobatics","Deadly Poison+1"],"picked":"Blade Dance+1","floor":28},{"not_picked":["Acrobatics","Backflip"],"picked":"Calculated Gamble+1","floor":29},{"not_picked":["Wraith Form v2","Corpse Explosion"],"picked":"Burst","floor":33},{"not_picked":["Poisoned Stab","Prepared"],"picked":"Blade Dance+1","floor":35},{"not_picked":["Dagger Throw","Backflip+1"],"picked":"Caltrops","floor":36},{"not_picked":["Deadly Poison","Expertise"],"picked":"Blur+1","floor":38},{"not_picked":["Panacea","Sadistic Nature"],"picked":"Bandage Up","floor":41},{"not_picked":["Eviscerate+1","Dagger Throw","Crippling Poison"],"picked":"SKIP","floor":42},{"not_picked":["Unload","Flying Knee+1","Sucker Punch+1"],"picked":"SKIP","floor":54}],"player_experience":292010,"relics_obtained":[{"floor":6,"key":"Kunai"},{"floor":9,"key":"Gremlin Horn"},{"floor":11,"key":"Du-Vu Doll"},{"floor":14,"key":"Ninja Scroll"},{"floor":22,"key":"Necronomicon"},{"floor":23,"key":"PreservedInsect"},{"floor":29,"key":"Ancient Tea Set"},{"floor":43,"key":"Pear"},{"floor":54,"key":"Lantern"}],"event_choices":[{"damage_healed":0,"gold_gain":0,"player_choice":"Ignored","damage_taken":0,"max_hp_gain":0,"max_hp_loss":0,"event_name":"Liars Game","floor":2,"gold_loss":0},{"damage_healed":0,"gold_gain":0,"player_choice":"Leave","damage_taken":0,"max_hp_gain":0,"max_hp_loss":0,"event_name":"The Cleric","floor":4,"gold_loss":0},{"cards_removed":["Strike_G"],"damage_healed":0,"gold_gain":0,"player_choice":"Card Removal","damage_taken":7,"max_hp_gain":0,"max_hp_loss":0,"event_name":"Golden Wing","floor":5,"gold_loss":0},{"cards_removed":["Strike_G"],"damage_healed":0,"gold_gain":0,"player_choice":"Offered Basic","damage_taken":0,"max_hp_gain":0,"max_hp_loss":0,"event_name":"Bonfire Elementals","floor":10,"gold_loss":0},{"damage_healed":0,"gold_gain":30,"player_choice":"Searched \u00272\u0027 times","damage_taken":0,"max_hp_gain":0,"max_hp_loss":0,"event_name":"Dead Adventurer","floor":14,"gold_loss":0},{"damage_healed":0,"gold_gain":0,"player_choice":"Ignored","damage_taken":0,"max_hp_gain":0,"max_hp_loss":0,"event_name":"Ghosts","floor":20,"gold_loss":0},{"damage_healed":0,"gold_gain":0,"player_choice":"Shed Blood","damage_taken":18,"max_hp_gain":5,"max_hp_loss":0,"event_name":"Forgotten Altar","floor":21,"gold_loss":0},{"damage_healed":0,"gold_gain":0,"player_choice":"Obtained Book","damage_taken":16,"max_hp_gain":0,"max_hp_loss":0,"event_name":"Cursed Tome","floor":22,"gold_loss":0},{"damage_healed":0,"gold_gain":0,"player_choice":"Ignored","damage_taken":0,"max_hp_gain":0,"max_hp_loss":0,"event_name":"Mysterious Sphere","floor":39,"gold_loss":0},{"damage_healed":0,"gold_gain":0,"player_choice":"Memory 1","damage_taken":0,"max_hp_gain":0,"max_hp_loss":0,"event_name":"SensoryStone","floor":41,"gold_loss":0},{"damage_healed":40,"gold_gain":0,"player_choice":"Heal","damage_taken":0,"max_hp_gain":0,"max_hp_loss":0,"event_name":"MindBloom","floor":44,"gold_loss":0,"cards_obtained":["Doubt"]},{"damage_healed":0,"gold_gain":0,"player_choice":"Paid","damage_taken":0,"relics_obtained":["Red Mask"],"max_hp_gain":0,"max_hp_loss":0,"event_name":"Tomb of Lord Red Mask","floor":46,"gold_loss":40},{"damage_healed":0,"gold_gain":0,"player_choice":"Copied","damage_taken":0,"max_hp_gain":0,"max_hp_loss":0,"event_name":"Duplicator","floor":48,"gold_loss":0,"cards_obtained":["Dash"]}],"is_beta":false,"boss_relics":[{"not_picked":["Busted Crown","HoveringKite","Runic Pyramid"]},{"not_picked":["Empty Cage","Eternal Feather"],"picked":"Fusion Hammer"}],"items_purged_floors":[3,19,31,37],"is_endless":false,"potions_floor_spawned":[1,14,18,28,29,36,42],"killed_by":"The Heart","ascension_level":6}