{"gold_per_floor":[118,132,132,7,7,38,38,67,67,87,114,132,157,157,157,233,233,247,33,48,48],"floor_reached":21,"playtime":2212,"items_purged":["Strike_R","Strike_R"],"score":429,"play_id":"cf0614b8-0ace-4817-b71d-34f3a88f4c56","local_time":"20190309010558","is_ascension_mode":true,"campfire_choices":[{"data":"Hemokinesis","floor":7,"key":"SMITH"},{"data":"Barricade","floor":15,"key":"SMITH"}],"neow_cost":"NONE","seed_source_timestamp":1765074157064413,"circlet_count":0,"master_deck":["AscendersBane","Strike_R","Strike_R","Defend_R","Defend_R","Defend_R+1","Defend_R+1","Bash","Uppercut+1","Cleave","Shrug It Off","Hemokinesis+1","Corruption+1","Headbutt","Barricade+1","Pommel Strike","Iron Wave","Reaper","Iron Wave","Flame Barrier"],"relics":["Burning Blood","NeowsBlessing","The Courier","Pear","Shuriken","Happy Flower","Black Star","War Paint"],"potions_floor_usage":[],"damage_taken":[{"damage":0,"enemies":"Jaw Worm","floor":1,"turns":1},{"damage":0,"enemies":"2 Louse","floor":2,"turns":1},{"damage":0,"enemies":"Gremlin Nob","floor":6,"turns":1},{"damage":28,"enemies":"Lagavulin","floor":8,"turns":6},{"damage":2,"enemies":"Cultist","floor":10,"turns":3},{"damage":13,"enemies":"Gremlin Nob","floor":11,"turns":4},{"damage":7,"enemies":"2 Fungi Beasts","floor":12,"turns":4},{"damage":27,"enemies":"Lagavulin","floor":13,"turns":6},{"damage":21,"enemies":"The Guardian","floor":16,"turns":12},{"damage":26,"enemies":"Chosen","floor":18,"turns":5},{"damage":40,"enemies":"Shell Parasite","floor":20,"turns":7},{"damage":36,"enemies":"3 Cultists","floor":21,"turns":3}],"seed_played":"4492369405011085046","potions_obtained":[{"floor":8,"key":"SpeedPotion"},{"floor":10,"key":"Dexterity Potion"}],"is_trial":false,"path_per_floor":["M","M","?","$","?","E","R","E","T","M","E","M","E","?","R","B",null,"M","$","M","M"],"character_chosen":"IRONCLAD","items_purchased":["Shrug It Off","War Paint"],"campfire_rested":0,"item_purchase_floors":[4,19],"current_hp_per_floor":[74,75,75,75,68,74,74,62,62,66,59,58,37,37,37,22,69,54,54,20,0],"gold":48,"neow_bonus":"THREE_ENEMY_KILL","is_prod":false,"is_daily":false,"chose_seed":false,"campfire_upgraded":2,"win_rate":0,"timestamp":1552082758,"path_taken":["M","M","?","$","?","E","R","E","T","M","E","M","E","?","R","BOSS","M","$","?","M"],"build_version":"2019-01-23","purchased_purges":2,"victory":false,"max_hp_per_floor":[75,75,75,75,75,75,75,85,85,85,85,85,85,85,85,85,85,85,85,85,85],"card_choices":[{"not_picked":["Flex","Entrench"],"picked":"Uppercut","floor":1},{"not_picked":["True Grit","Flex"],"picked":"Cleave","floor":2},{"not_picked":["Flex","Sentinel"],"picked":"Hemokinesis","floor":6},{"not_picked":["Sentinel","Flex"],"picked":"Corruption","floor":8},{"not_picked":["Blood for Blood","Perfected Strike"],"picked":"Headbutt","floor":10},{"not_picked":["Corruption","Evolve"],"picked":"Barricade","floor":11},{"not_picked":["Uppercut","Sever Soul"],"picked":"Pommel Strike","floor":12},{"not_picked":["Blood for Blood","Wild Strike"],"picked":"Iron Wave","floor":13},{"not_picked":["Berserk","Exhume"],"picked":"Reaper","floor":16},{"not_picked":["Twin Strike","Carnage"],"picked":"Iron Wave","floor":18},{"not_picked":["Dual Wield","Headbutt"],"picked":"Flame Barrier","floor":20}],"player_experience":251976,"relics_obtained":[{"floor":6,"key":"The Courier"},{"floor":8,"key":"Pear"},{"floor":11,"key":"Shuriken"},{"floor":13,"key":"Happy Flower"}],"event_choices":[{"damage_healed":0,"gold_gain":0,"player_choice":"Grow","damage_taken":0,"max_hp_gain":0,"max_hp_loss":0,"event_name":"Living Wall","floor":3,"gold_loss":0,"cards_upgraded":["Uppercut"]},{"cards_removed":["Strike_R"],"damage_healed":0,"gold_gain":0,"player_choice":"Card Removal","damage_taken":7,"max_hp_gain":0,"max_hp_loss":0,"event_name":"Golden Wing","floor":5,"gold_loss":0},{"damage_healed":0,"gold_gain":0,"player_choice":"Upgraded","damage_taken":0,"max_hp_gain":0,"max_hp_loss":0,"event_name":"Upgrade Shrine","floor":14,"gold_loss":0,"cards_upgraded":["Corruption"]}],"is_beta":false,"boss_relics":[{"not_picked":["Runic Cube","Empty Cage"],"picked":"Black Star"}],"items_purged_floors":[4,19],"is_endless":false,"potions_floor_spawned":[8,10,12],"killed_by":"3 Cultists","ascension_level":17}