{"gold_per_floor":[118,118,129,0,14,41,57,57,125,143,143,157,122,152,152,152],"floor_reached":16,"playtime":1320,"items_purged":[],"score":102,"play_id":"10f73228-b83a-4fec-b6fa-dc81eea51049","local_time":"20190616160854","is_ascension_mode":false,"campfire_choices":[{"floor":8,"key":"REST"},{"floor":15,"key":"REST"}],"neow_cost":"PERCENT_DAMAGE","seed_source_timestamp":13423536322100,"circlet_count":0,"master_deck":["Strike_R","Strike_R","Strike_R","Strike_R","Strike_R","Defend_R","Defend_R","Defend_R","Defend_R","Bash","Reaper","Shrug It Off","Cleave","Rage","Twin Strike","Clothesline","Whirlwind","Ghostly Armor","Anger","Pommel Strike","Corruption","Feed"],"relics":["Burning Blood","CultistMask","Peace Pipe","Pear","Odd Mushroom"],"potions_floor_usage":[6,6,16],"damage_taken":[{"damage":13,"enemies":"Cultist","floor":1,"turns":5},{"damage":9,"enemies":"Small Slimes","floor":3,"turns":6},{"damage":6,"enemies":"Jaw Worm","floor":5,"turns":5},{"damage":23,"enemies":"Gremlin Nob","floor":6,"turns":5},{"damage":18,"enemies":"Large Slime","floor":7,"turns":10},{"damage":5,"enemies":"Looter","floor":10,"turns":4},{"damage":7,"enemies":"Blue Slaver","floor":12,"turns":4},{"damage":17,"enemies":"The Mushroom Lair","floor":14,"turns":4},{"damage":92,"enemies":"The Guardian","floor":16,"turns":21}],"seed_played":"945825298819131699","potions_obtained":[{"floor":1,"key":"SpeedPotion"},{"floor":5,"key":"Block Potion"},{"floor":10,"key":"Poison Potion"},{"floor":14,"key":"Poison Potion"}],"is_trial":false,"path_per_floor":["M","?","M","$","M","E","M","R","T","M","?","M","?","?","R","B"],"character_chosen":"IRONCLAD","items_purchased":["Rage","Twin Strike","Clothesline"],"campfire_rested":2,"item_purchase_floors":[4,4,4],"current_hp_per_floor":[53,53,54,54,55,38,32,56,66,67,67,66,88,77,90,0],"gold":152,"neow_bonus":"THREE_RARE_CARDS","is_prod":false,"is_daily":false,"chose_seed":false,"campfire_upgraded":0,"win_rate":0.0,"timestamp":1560697734,"path_taken":["M","?","M","$","M","E","?","R","T","M","?","M","?","?","R","BOSS"],"build_version":"2019-01-23","purchased_purges":0,"victory":false,"max_hp_per_floor":[80,80,80,80,80,80,80,80,90,90,90,90,90,90,90,90],"card_choices":[{"not_picked":["Demon Form","Dark Embrace"],"picked":"Reaper","floor":0},{"not_picked":["Dropkick","Body Slam"],"picked":"Shrug It Off","floor":1},{"not_picked":["Thunderclap","Clash"],"picked":"Cleave","floor":3},{"not_picked":["Clash","Warcry"],"picked":"Whirlwind","floor":5},{"not_picked":["Burning Pact","Hemokinesis"],"picked":"Ghostly Armor","floor":6},{"not_picked":["Bloodletting","Shrug It Off"],"picked":"Anger","floor":7},{"not_picked":["Shrug It Off","Searing Blow"],"picked":"Pommel Strike","floor":10},{"not_picked":["Heavy Blade","Intimidate"],"picked":"Corruption","floor":12},{"not_picked":["Heavy Blade","Inflame"],"picked":"Feed","floor":14}],"player_experience":65457,"relics_obtained":[{"floor":6,"key":"Peace Pipe"},{"floor":9,"key":"Pear"},{"floor":14,"key":"Odd Mushroom"}],"event_choices":[{"damage_healed":0,"gold_gain":0,"player_choice":"Trade","damage_taken":0,"relics_obtained":["CultistMask"],"max_hp_gain":0,"max_hp_loss":0,"event_name":"FaceTrader","floor":2,"gold_loss":0},{"damage_healed":0,"gold_gain":0,"player_choice":"Ignored","damage_taken":0,"max_hp_gain":0,"max_hp_loss":0,"event_name":"Liars Game","floor":11,"gold_loss":0},{"damage_healed":22,"gold_gain":0,"player_choice":"Healed","damage_taken":0,"max_hp_gain":0,"max_hp_loss":0,"event_name":"The Cleric","floor":13,"gold_loss":35},{"damage_healed":0,"gold_gain":0,"player_choice":"Fought Mushrooms","damage_taken":0,"max_hp_gain":0,"max_hp_loss":0,"event_name":"Mushrooms","floor":14,"gold_loss":0}],"is_beta":false,"boss_relics":[],"items_purged_floors":[],"is_endless":false,"potions_floor_spawned":[1,5,10,14],"killed_by":"The Guardian","ascension_level":0}