{"gold_per_floor":[111,130,230,30,30,57,57,67,118,138,138,138,150,166,166,270,270,283,283,283,183,198,198,232,232,278,310,329,339,60,78,78,177,177,197,197,197,210,80,80,96,96,166,181,181,20,20,20,20,20],"floor_reached":51,"playtime":9502,"items_purged":["Strike_G","Strike_G","Strike_G"],"score":960,"play_id":"1343d6c1-ca10-4763-b1ac-d088a10282ad","local_time":"20190126232955","is_ascension_mode":true,"campfire_choices":[{"data":"Deadly Poison","floor":7,"key":"SMITH"},{"data":"Footwork","floor":12,"key":"SMITH"},{"data":"Dash","floor":15,"key":"SMITH"},{"data":"Malaise","floor":23,"key":"SMITH"},{"floor":25,"key":"REST"},{"floor":32,"key":"REST"},{"data":"Catalyst","floor":40,"key":"SMITH"},{"data":"Corpse Explosion","floor":42,"key":"SMITH"},{"data":"Footwork","floor":45,"key":"SMITH"},{"data":"Night Terror","floor":47,"key":"SMITH"},{"floor":49,"key":"REST"}],"neow_cost":"NONE","seed_source_timestamp":1590327206174192,"circlet_count":0,"master_deck":["Defend_G","Defend_G","Defend_G","Defend_G","Survivor","Neutralize","Dash+1","Footwork+1","Dash+1","Purity","Corpse Explosion+1","Terror+1","Flechettes+1","Terror","Malaise+1","Blur+1","Dash+1","Catalyst+1","Night Terror+1","Wraith Form v2","Prepared+1","Finesse","Footwork+1","Backflip","Adrenaline"],"relics":["Ring of the Snake","NeowsBlessing","Molten Egg 2","Orichalcum","Sozu","Happy Flower","Strawberry","Bag of Preparation","Lantern","Black Star","Paper Crane"],"potions_floor_usage":[6,6,10,50],"damage_taken":[{"damage":0,"enemies":"Jaw Worm","floor":1,"turns":1},{"damage":0,"enemies":"Cultist","floor":2,"turns":1},{"damage":0,"enemies":"Small Slimes","floor":5,"turns":1},{"damage":29,"enemies":"Lagavulin","floor":6,"turns":7},{"damage":11,"enemies":"Exordium Wildlife","floor":8,"turns":6},{"damage":0,"enemies":"Blue Slaver","floor":10,"turns":7},{"damage":0,"enemies":"Red Slaver","floor":13,"turns":5},{"damage":8,"enemies":"Large Slime","floor":14,"turns":7},{"damage":15,"enemies":"Hexaghost","floor":16,"turns":13},{"damage":4,"enemies":"Spheric Guardian","floor":18,"turns":4},{"damage":2,"enemies":"Shell Parasite","floor":22,"turns":6},{"damage":40,"enemies":"Slavers","floor":24,"turns":3},{"damage":4,"enemies":"Gremlin Leader","floor":27,"turns":8},{"damage":1,"enemies":"Snake Plant","floor":28,"turns":5},{"damage":7,"enemies":"Cultist and Chosen","floor":29,"turns":4},{"damage":0,"enemies":"Centurion and Healer","floor":31,"turns":2},{"damage":25,"enemies":"Collector","floor":33,"turns":10},{"damage":1,"enemies":"3 Shapes","floor":35,"turns":3},{"damage":24,"enemies":"3 Darklings","floor":38,"turns":3},{"damage":0,"enemies":"Sphere and 2 Shapes","floor":41,"turns":5},{"damage":0,"enemies":"Jaw Worm Horde","floor":44,"turns":2},{"damage":43,"enemies":"Donu and Deca","floor":50,"turns":6}],"seed_played":"-3100769893561973512","potions_obtained":[{"floor":1,"key":"PowerPotion"},{"floor":2,"key":"LiquidBronze"},{"floor":8,"key":"Regen Potion"},{"floor":16,"key":"FearPotion"}],"is_trial":false,"path_per_floor":["M","M","?","$","M","E","R","M","T","M","?","R","M","M","R","B",null,"M","?","?","$","M","R","E","R","T","E","M","M","$","M","R","B",null,"M","?","?","M","$","R","M","R","T","M","R","$","R","?","R","B",null],"character_chosen":"THE_SILENT","items_purchased":["Footwork","Deadly Poison","Lantern","Footwork","Backflip","Adrenaline"],"campfire_rested":3,"item_purchase_floors":[4,4,30,39,39,46],"current_hp_per_floor":[63,63,63,63,63,34,34,23,23,38,38,38,38,30,30,15,56,52,52,52,52,50,50,10,31,38,34,33,26,26,26,49,24,64,63,63,63,39,39,39,39,39,39,39,39,39,39,39,60,17],"gold":20,"neow_bonus":"THREE_ENEMY_KILL","is_prod":false,"is_daily":false,"chose_seed":false,"campfire_upgraded":8,"win_rate":0,"timestamp":1548574195,"path_taken":["M","M","?","$","M","E","R","?","T","M","?","R","?","M","R","BOSS","M","?","?","$","M","R","E","R","T","E","M","?","$","M","R","BOSS","M","?","?","?","$","R","M","R","T","M","R","$","R","?","R","BOSS"],"build_version":"2019-01-23","purchased_purges":3,"victory":true,"max_hp_per_floor":[70,70,70,70,70,70,70,70,70,70,70,70,70,70,70,70,70,70,70,70,70,70,70,70,70,77,77,77,77,77,77,77,77,77,77,77,73,73,73,73,73,73,73,73,73,73,73,73,73,73],"card_choices":[{"not_picked":["Reflex","Prepared"],"picked":"Dash","floor":1},{"not_picked":["Heel Hook","Choke","Finisher"],"picked":"SKIP","floor":2},{"not_picked":["Cloak And Dagger","Quick Slash","Sucker Punch"],"picked":"SKIP","floor":5},{"not_picked":["Blade Dance","Bane","Slice"],"picked":"SKIP","floor":6},{"not_picked":["Blade Dance","Sucker Punch+1","Finisher+1"],"picked":"SKIP","floor":8},{"not_picked":["Dash+1","Dodge and Roll","Setup"],"picked":"SKIP","floor":10},{"not_picked":["Outmaneuver","Poisoned Stab+1","Bane+1"],"picked":"SKIP","floor":13},{"not_picked":["Accuracy","Endless Agony+1","Expertise"],"picked":"SKIP","floor":14},{"not_picked":["After Image","Burst"],"picked":"Corpse Explosion","floor":16},{"not_picked":["Quick Slash+1","Slice+1"],"picked":"Terror+1","floor":18},{"not_picked":["Flying Knee+1","Sucker Punch+1"],"picked":"Blur+1","floor":22},{"not_picked":["Dodge and Roll","Cloak And Dagger"],"picked":"Dash+1","floor":24},{"not_picked":["Glass Knife+1","Blade Dance+1","Acrobatics+1"],"picked":"SKIP","floor":27},{"not_picked":["Deflect+1","Cloak And Dagger","Flying Knee+1"],"picked":"SKIP","floor":28},{"not_picked":["Riddle With Holes+1","Dagger Spray+1"],"picked":"Catalyst","floor":29},{"not_picked":["Poisoned Stab+1","Outmaneuver+1"],"picked":"Night Terror","floor":31},{"not_picked":["Glass Knife+1","Tools of the Trade"],"picked":"Wraith Form v2","floor":33},{"not_picked":["Acrobatics+1","Distraction+1"],"picked":"Prepared+1","floor":35},{"not_picked":["Impatience","Good Instincts"],"picked":"Finesse","floor":36},{"not_picked":["Cloak And Dagger","PiercingWail","Blade Dance+1"],"picked":"SKIP","floor":38},{"not_picked":["Bane+1","Crippling Poison+1","Backflip"],"picked":"SKIP","floor":41},{"not_picked":["Dagger Throw+1","Deflect","Dagger Spray+1"],"picked":"SKIP","floor":44}],"player_experience":407907,"relics_obtained":[{"floor":6,"key":"Molten Egg 2"},{"floor":9,"key":"Orichalcum"},{"floor":24,"key":"Happy Flower"},{"floor":26,"key":"Strawberry"},{"floor":27,"key":"Bag of Preparation"},{"floor":43,"key":"Paper Crane"}],"event_choices":[{"damage_healed":0,"gold_gain":100,"player_choice":"Pray","damage_taken":0,"max_hp_gain":0,"max_hp_loss":0,"event_name":"Golden Shrine","floor":3,"gold_loss":0},{"damage_healed":0,"gold_gain":0,"player_choice":"2 cards matched","damage_taken":0,"max_hp_gain":0,"max_hp_loss":0,"event_name":"Match and Keep!","floor":11,"gold_loss":0,"cards_obtained":["Dash","Purity"]},{"damage_healed":0,"gold_gain":0,"cards_transformed":["Strike_G","Strike_G"],"player_choice":"Became Test Subject","damage_taken":0,"max_hp_gain":0,"max_hp_loss":0,"event_name":"Drug Dealer","floor":19,"gold_loss":0,"cards_obtained":["Flechettes","Terror"]},{"damage_healed":0,"gold_gain":0,"cards_transformed":["Defend_G"],"player_choice":"Transformed","damage_taken":0,"max_hp_gain":0,"max_hp_loss":0,"event_name":"Transmorgrifier","floor":20,"gold_loss":0,"cards_obtained":["Malaise"]},{"damage_healed":0,"gold_gain":0,"player_choice":"Memory 1","damage_taken":0,"max_hp_gain":0,"max_hp_loss":0,"event_name":"SensoryStone","floor":36,"gold_loss":0},{"damage_healed":0,"gold_gain":0,"player_choice":"Max HP","damage_taken":0,"max_hp_gain":0,"max_hp_loss":4,"event_name":"Winding Halls","floor":37,"gold_loss":0},{"cards_removed":["Deadly Poison"],"damage_healed":0,"gold_gain":0,"player_choice":"Removed Skill","damage_taken":0,"max_hp_gain":0,"max_hp_loss":0,"event_name":"Falling","floor":48,"gold_loss":0}],"is_beta":false,"boss_relics":[{"not_picked":["White Beast Statue","Coffee Dripper"],"picked":"Sozu"},{"not_picked":["Philosopher\u0027s Stone","Tiny House"],"picked":"Black Star"}],"items_purged_floors":[4,21,30],"is_endless":false,"potions_floor_spawned":[1,2,8,16,27,29,31,33,38,41],"ascension_level":9}