{"gold_per_floor":[116,41,60,73,88,88,121,121,121,133,161,161,161,178,178,273,273,288,203,219,219,235,235],"floor_reached":23,"playtime":921,"items_purged":["Strike_G"],"score":284,"play_id":"0d06fa53-9c8b-43d4-bd71-7a89ce815b85","local_time":"20190120133743","is_ascension_mode":true,"campfire_choices":[{"data":"Deadly Poison","floor":6,"key":"SMITH"},{"data":"Deadly Poison","floor":8,"key":"SMITH"},{"floor":12,"key":"REST"},{"floor":15,"key":"DIG"}],"neow_cost":"NONE","seed_source_timestamp":1045016090710184,"circlet_count":0,"master_deck":["Defend_G","Defend_G","Defend_G","Defend_G","Defend_G","Strike_G","Strike_G","Strike_G","Strike_G","Survivor","Neutralize","Backflip","Deadly Poison+1","Deadly Poison+1","After Image","Escape Plan","Parasite","Bouncing Flask","Corpse Explosion","Backflip"],"relics":["Ring of the Snake","Pantograph","StoneCalendar","Shovel","Black Star","Regal Pillow","Nloth\u0027s Gift"],"potions_floor_usage":[7,7,7,7,7,7,7,7,22,23],"damage_taken":[{"damage":7,"enemies":"Cultist","floor":1,"turns":5},{"damage":7,"enemies":"Jaw Worm","floor":3,"turns":4},{"damage":2,"enemies":"2 Louse","floor":4,"turns":3},{"damage":11,"enemies":"Exordium Wildlife","floor":5,"turns":6},{"damage":10,"enemies":"Gremlin Nob","floor":7,"turns":3},{"damage":4,"enemies":"Red Slaver","floor":10,"turns":4},{"damage":7,"enemies":"Lagavulin","floor":11,"turns":7},{"damage":4,"enemies":"Exordium Thugs","floor":14,"turns":6},{"damage":10,"enemies":"Hexaghost","floor":16,"turns":7},{"damage":12,"enemies":"Spheric Guardian","floor":18,"turns":4},{"damage":28,"enemies":"Chosen","floor":20,"turns":5},{"damage":5,"enemies":"3 Cultists","floor":22,"turns":3},{"damage":26,"enemies":"Book of Stabbing","floor":23,"turns":5}],"seed_played":"5432526510220262643","potions_obtained":[{"floor":1,"key":"Energy Potion"},{"floor":3,"key":"Swift Potion"},{"floor":5,"key":"EntropicBrew"},{"floor":14,"key":"Explosive Potion"}],"is_trial":false,"path_per_floor":["M","$","M","M","M","R","E","R","T","M","E","R","?","M","R","B",null,"M","?","M","?","M","E"],"character_chosen":"THE_SILENT","items_purchased":[],"campfire_rested":1,"item_purchase_floors":[],"current_hp_per_floor":[56,56,49,47,36,36,26,26,26,22,15,36,53,49,49,60,68,56,56,28,28,23,0],"gold":235,"neow_bonus":"THREE_CARDS","is_prod":false,"is_daily":false,"chose_seed":false,"campfire_upgraded":2,"win_rate":0,"timestamp":1548020263,"path_taken":["M","$","M","M","?","R","E","R","T","?","E","R","?","M","R","BOSS","M","?","M","?","?","E"],"build_version":"2019-01-17v2","purchased_purges":1,"victory":false,"max_hp_per_floor":[70,70,70,70,70,70,70,70,70,70,70,70,70,70,70,70,70,70,70,70,70,70,70],"card_choices":[{"not_picked":["Skewer","Underhanded Strike"],"picked":"Backflip","floor":0},{"not_picked":["All Out Attack","Blade Dance"],"picked":"Deadly Poison","floor":1},{"not_picked":["Blade Dance","Deflect"],"picked":"Deadly Poison","floor":3},{"not_picked":["Accuracy","Deadly Poison"],"picked":"After Image","floor":4},{"not_picked":["Backflip","Underhanded Strike"],"picked":"Escape Plan","floor":5},{"not_picked":["Tools of the Trade","Accuracy","Flying Knee"],"picked":"SKIP","floor":7},{"not_picked":["Deflect","Sucker Punch","Deadly Poison"],"picked":"SKIP","floor":10},{"not_picked":["All Out Attack","Riddle With Holes","Sucker Punch"],"picked":"SKIP","floor":11},{"not_picked":["Flying Knee","Glass Knife"],"picked":"Bouncing Flask","floor":14},{"not_picked":["Doppelganger","A Thousand Cuts"],"picked":"Corpse Explosion","floor":16},{"not_picked":["Choke","Slice","Finisher"],"picked":"SKIP","floor":18},{"not_picked":["Bouncing Flask","Dagger Spray"],"picked":"Backflip","floor":20},{"not_picked":["Quick Slash","Flying Knee","Reflex"],"picked":"SKIP","floor":22}],"player_experience":376019,"relics_obtained":[{"floor":7,"key":"Pantograph"},{"floor":9,"key":"StoneCalendar"},{"floor":11,"key":"Shovel"},{"floor":15,"key":"Pen Nib"}],"event_choices":[{"damage_healed":17,"gold_gain":0,"player_choice":"Healed and dodged fight","damage_taken":0,"max_hp_gain":0,"max_hp_loss":0,"event_name":"Mushrooms","floor":13,"gold_loss":0,"cards_obtained":["Parasite"]},{"damage_healed":0,"gold_gain":0,"player_choice":"Obtained Relic","damage_taken":0,"relics_obtained":["Regal Pillow"],"max_hp_gain":0,"max_hp_loss":0,"event_name":"Addict","floor":19,"gold_loss":85},{"damage_healed":0,"gold_gain":0,"player_choice":"Traded Relic","damage_taken":0,"relics_obtained":["Nloth\u0027s Gift"],"max_hp_gain":0,"max_hp_loss":0,"event_name":"N\u0027loth","floor":21,"relics_lost":["Pen Nib"],"gold_loss":0}],"is_beta":false,"boss_relics":[{"not_picked":["Ectoplasm","Cursed Key"],"picked":"Black Star"}],"items_purged_floors":[2],"is_endless":false,"potions_floor_spawned":[1,3,5,14],"killed_by":"Book of Stabbing","ascension_level":8}