{"gold_per_floor":[12,30,46,62,72,72,83,83,109,119,136,86,86,7,7,107,107,123,109,109,109],"floor_reached":21,"playtime":2226,"items_purged":[],"score":230,"play_id":"27f0177d-c9c4-4f8b-bd51-596c7b827244","local_time":"20181230173355","is_ascension_mode":true,"campfire_choices":[{"data":"Burst","floor":6,"key":"SMITH"},{"data":"Neutralize","floor":13,"key":"SMITH"},{"floor":15,"key":"REST"}],"neow_cost":"NO_GOLD","seed_source_timestamp":812727015233446,"circlet_count":0,"master_deck":["Defend_G","Defend_G","Defend_G","Defend_G","Defend_G","Strike_G","Strike_G","Strike_G","Strike_G","Survivor","Neutralize+1","Burst+1","Poisoned Stab","PiercingWail","Backflip","Dash","Acrobatics","Deadly Poison","Cloak And Dagger","Outmaneuver","After Image","A Thousand Cuts","Well Laid Plans","Writhe"],"relics":["Ring of the Snake","Regal Pillow","Philosopher\u0027s Stone","Snake Skull"],"potions_floor_usage":[8,8,8,8,16,16,16,18],"damage_taken":[{"damage":2,"enemies":"Cultist","floor":1,"turns":4},{"damage":6,"enemies":"Jaw Worm","floor":2,"turns":4},{"damage":1,"enemies":"Small Slimes","floor":3,"turns":4},{"damage":10,"enemies":"Blue Slaver","floor":4,"turns":5},{"damage":1,"enemies":"2 Fungi Beasts","floor":5,"turns":6},{"damage":1,"enemies":"Looter","floor":7,"turns":4},{"damage":11,"enemies":"Large Slime","floor":8,"turns":7},{"damage":1,"enemies":"2 Fungi Beasts","floor":10,"turns":4},{"damage":6,"enemies":"3 Louse","floor":11,"turns":3},{"damage":21,"enemies":"Hexaghost","floor":16,"turns":11},{"damage":37,"enemies":"3 Byrds","floor":18,"turns":6},{"damage":15,"enemies":"2 Thieves","floor":19,"turns":4},{"damage":10,"enemies":"Snake Plant","floor":21,"turns":2}],"seed_played":"2207046874036750540","potions_obtained":[{"floor":1,"key":"LiquidBronze"},{"floor":3,"key":"SkillPotion"},{"floor":4,"key":"EntropicBrew"},{"floor":11,"key":"FearPotion"},{"floor":16,"key":"Fire Potion"}],"is_trial":false,"path_per_floor":["M","M","M","M","M","R","M","M","T","M","M","?","R","$","R","B",null,"M","M","?","M"],"character_chosen":"THE_SILENT","items_purchased":["After Image"],"campfire_rested":1,"item_purchase_floors":[14],"current_hp_per_floor":[61,55,54,44,43,43,42,31,31,30,24,24,24,24,60,39,62,25,10,10,0],"gold":109,"neow_bonus":"THREE_RARE_CARDS","is_prod":false,"is_daily":false,"chose_seed":false,"campfire_upgraded":2,"win_rate":0,"timestamp":1546220035,"path_taken":["M","?","?","M","M","R","M","?","T","M","M","?","R","$","R","BOSS","M","M","?","M"],"build_version":"2018-12-20","purchased_purges":0,"victory":false,"max_hp_per_floor":[70,70,70,70,70,70,70,70,70,70,70,70,70,70,70,70,70,70,70,70,70],"card_choices":[{"not_picked":["Tools of the Trade","Phantasmal Killer"],"picked":"Burst","floor":0},{"not_picked":["Distraction","Sucker Punch"],"picked":"Poisoned Stab","floor":1},{"not_picked":["Accuracy","Bane"],"picked":"PiercingWail","floor":2},{"not_picked":["Deflect","Bane"],"picked":"Backflip","floor":3},{"not_picked":["Dodge and Roll","Deflect"],"picked":"Dash","floor":4},{"not_picked":["Tools of the Trade","Sucker Punch"],"picked":"Acrobatics","floor":5},{"not_picked":["Choke","Bane"],"picked":"Deadly Poison","floor":7},{"not_picked":["Flying Knee","Acrobatics"],"picked":"Cloak And Dagger","floor":8},{"not_picked":["Dagger Spray","Tactician","Distraction"],"picked":"SKIP","floor":10},{"not_picked":["Endless Agony","PiercingWail"],"picked":"Outmaneuver","floor":11},{"not_picked":["Die Die Die","Bullet Time"],"picked":"A Thousand Cuts","floor":16},{"not_picked":["Flying Knee","Quick Slash+1","Dagger Throw+1"],"picked":"SKIP","floor":18},{"not_picked":["Tactician","Accuracy"],"picked":"Well Laid Plans","floor":19}],"player_experience":232791,"relics_obtained":[{"floor":9,"key":"Regal Pillow"}],"event_choices":[{"cards_removed":["Strike_G"],"damage_healed":0,"gold_gain":0,"player_choice":"Card Removal","damage_taken":0,"max_hp_gain":0,"max_hp_loss":0,"event_name":"The Cleric","floor":12,"gold_loss":50},{"damage_healed":0,"gold_gain":0,"player_choice":"Opened","damage_taken":0,"relics_obtained":["Snake Skull"],"max_hp_gain":0,"max_hp_loss":0,"event_name":"The Mausoleum","floor":20,"gold_loss":0,"cards_obtained":["Writhe"]}],"is_beta":false,"boss_relics":[{"not_picked":["Runic Pyramid","Empty Cage"],"picked":"Philosopher\u0027s Stone"}],"items_purged_floors":[],"is_endless":false,"potions_floor_spawned":[1,3,4,5,11,16],"killed_by":"Snake Plant","ascension_level":6}