{"gold_per_floor":[117,267,286,286,129,173,0,0,79,79,100,175,175,190,190,285,285,310,326,341,341,354,389,389,439,509,262,297,297,33,72,72,170,170,190,190,203,217,217,261,261,299,299,299,632,656,673,699,699,699,699,699,199,228,228],"floor_reached":56,"playtime":4480,"items_purged":["Doubt","Strike_B","Strike_B","Strike_B"],"score":2060,"play_id":"aa85c52f-58f9-4ef1-b29c-581a32b4cbce","local_time":"20190601154625","is_ascension_mode":true,"campfire_choices":[{"data":"Hologram","floor":10.0,"key":"SMITH"},{"floor":13.0,"key":"REST"},{"data":"Beam Cell","floor":15.0,"key":"SMITH"},{"floor":24.0,"key":"REST"},{"floor":29.0,"key":"REST"},{"data":"Defragment","floor":32.0,"key":"SMITH"},{"floor":41.0,"key":"REST"},{"floor":44.0,"key":"REST"},{"floor":49.0,"key":"RECALL"},{"floor":52,"key":"REST"}],"neow_cost":"NONE","seed_source_timestamp":1452468116720985,"circlet_count":0,"master_deck":["AscendersBane","Strike_B","Defend_B","Defend_B","Defend_B","Defend_B","Zap","Dualcast","Gash","Seek","Gash","Hologram+1","Coolheaded+1","Compile Driver","Beam Cell+1","All For One","Hologram","Gash","Cold Snap","Rebound+1","Skim","Coolheaded","Flash of Steel","Echo Form","Defragment+1","Go for the Eyes","All For One","Coolheaded","Coolheaded+1","Go for the Eyes+1","Gash+1","Impatience"],"special_seed":0,"relics":["Cracked Core","Centennial Puzzle","Darkstone Periapt","DataDisk","Letter Opener","Lizard Tail","MutagenicStrength","Pantograph","Bottled Flame","Incense Burner","Du-Vu Doll","Fusion Hammer","Matryoshka","Regal Pillow","Potion Belt","Strawberry","Pear","Bag of Preparation","Ice Cream","Bag of Marbles","Art of War"],"potions_floor_usage":[54,55,55,55],"damage_taken":[{"damage":0.0,"enemies":"2 Louse","floor":1.0,"turns":3.0},{"damage":4.0,"enemies":"Small Slimes","floor":3.0,"turns":3.0},{"damage":20.0,"enemies":"Lagavulin","floor":6.0,"turns":7.0},{"damage":0.0,"enemies":"Jaw Worm","floor":11.0,"turns":2.0},{"damage":2.0,"enemies":"3 Louse","floor":14.0,"turns":2.0},{"damage":14.0,"enemies":"Hexaghost","floor":16.0,"turns":9.0},{"damage":2.0,"enemies":"3 Byrds","floor":18.0,"turns":3.0},{"damage":0.0,"enemies":"Chosen","floor":19.0,"turns":3.0},{"damage":19.0,"enemies":"Snake Plant","floor":20.0,"turns":4.0},{"damage":3.0,"enemies":"3 Cultists","floor":22.0,"turns":4.0},{"damage":8.0,"enemies":"Gremlin Leader","floor":23.0,"turns":6.0},{"damage":21.0,"enemies":"Book of Stabbing","floor":28.0,"turns":3.0},{"damage":5.0,"enemies":"Slavers","floor":31.0,"turns":3.0},{"damage":44.0,"enemies":"Automaton","floor":33.0,"turns":8.0},{"damage":0.0,"enemies":"Orb Walker","floor":35.0,"turns":2.0},{"damage":1.0,"enemies":"3 Shapes","floor":37.0,"turns":4.0},{"damage":0.0,"enemies":"Writhing Mass","floor":38.0,"turns":7.0},{"damage":21.0,"enemies":"Reptomancer","floor":40.0,"turns":5.0},{"damage":6.0,"enemies":"Giant Head","floor":42.0,"turns":6.0},{"damage":0.0,"enemies":"3 Darklings","floor":47.0,"turns":8.0},{"damage":21.0,"enemies":"Reptomancer","floor":48.0,"turns":4.0},{"damage":26,"enemies":"Time Eater","floor":50,"turns":6},{"damage":29,"enemies":"Shield and Spear","floor":54,"turns":5},{"damage":100,"enemies":"The Heart","floor":55,"turns":8}],"seed_played":"-3975017976424514253","potions_obtained":[{"floor":3.0,"key":"GamblersBrew"},{"floor":11.0,"key":"SpeedPotion"},{"floor":14.0,"key":"LiquidBronze"},{"floor":20.0,"key":"AttackPotion"},{"floor":23.0,"key":"SkillPotion"},{"floor":28.0,"key":"Ancient Potion"},{"floor":37.0,"key":"LiquidBronze"},{"floor":38.0,"key":"Dexterity Potion"},{"floor":48.0,"key":"SteroidPotion"},{"floor":54,"key":"SpeedPotion"}],"is_trial":false,"path_per_floor":["M","?","M","?","$","E","$","?","T","R","M","?","R","M","R","B",null,"M","M","M","?","M","E","R","?","T","$","E","R","$","E","R","B",null,"M","T","M","M","?","E","R","E","T","R","?","T","M","E","R","B",null,"R","$","E","B",null],"character_chosen":"DEFECT","items_purchased":["Gash","Hologram","DataDisk","Coolheaded","Flash of Steel","Defragment","Go for the Eyes","FocusPotion","Impatience","Bag of Marbles"],"campfire_rested":6,"item_purchase_floors":[5,5,7,27,27,30,30,53,53,53],"current_hp_per_floor":[64,64,60,60,60,40,40,40,40,40,40,29,48,46,46,32,56,54,54,35,35,32,24,43,43,43,43,22,41,41,36,36,17,52,52,52,51,51,51,30,61,55,72,78,78,78,78,57,57,52,72,78,78,49,15],"gold":228,"neow_bonus":"RANDOM_COMMON_RELIC","is_prod":false,"is_daily":false,"chose_seed":false,"campfire_upgraded":3,"win_rate":0,"timestamp":1559396785,"path_taken":["M","?","M","?","$","E","?","?","T","R","?","?","R","M","R","BOSS","M","M","M","?","M","E","R","?","T","$","E","R","?","E","R","BOSS","M","?","M","M","?","E","R","E","T","R","?","?","M","E","R","BOSS","R","$","E","BOSS"],"build_version":"2019-01-23","purchased_purges":4,"victory":true,"max_hp_per_floor":[71,71,71,64,64,64,64,64,64,64,64,64,64,64,64,64,64,64,64,64,64,64,64,64,64,64,64,64,64,64,64,64,64,64,64,64,64,64,61,61,61,61,78,78,78,78,78,78,78,78,78,78,78,78,78],"card_choices":[{"not_picked":["Stack","Beam Cell"],"picked":"Gash","floor":1.0},{"not_picked":["Hologram","Sweeping Beam"],"picked":"Seek","floor":3.0},{"not_picked":["Recycle","Steam"],"picked":"Coolheaded","floor":6.0},{"not_picked":["Loop","Sweeping Beam"],"picked":"Compile Driver","floor":11.0},{"not_picked":["Blizzard","Rip and Tear"],"picked":"Beam Cell","floor":14.0},{"not_picked":["Fission","Rainbow"],"picked":"All For One","floor":16.0},{"not_picked":["Undo","Steam"],"picked":"Hologram","floor":18.0},{"not_picked":["Heatsinks","Self Repair"],"picked":"Gash","floor":19.0},{"not_picked":["Turbo","Streamline"],"picked":"Cold Snap","floor":20.0},{"not_picked":["Barrage+1","Aggregate"],"picked":"Rebound+1","floor":22.0},{"not_picked":["Steam","Recycle"],"picked":"Skim","floor":23.0},{"not_picked":["Conserve Battery","Stack"],"picked":"Echo Form","floor":28.0},{"not_picked":["Rebound","Sweeping Beam","Lockon"],"picked":"SKIP","floor":31.0},{"not_picked":["Buffer","Creative AI"],"picked":"All For One","floor":33.0},{"not_picked":["Barrage","Redo+1"],"picked":"Coolheaded","floor":35.0},{"not_picked":["Scrape","Leap"],"picked":"Coolheaded+1","floor":37.0},{"not_picked":["Steam Power","Doom and Gloom+1","Chaos"],"picked":"SKIP","floor":38.0},{"not_picked":["Sweeping Beam","Static Discharge"],"picked":"Go for the Eyes+1","floor":40.0},{"not_picked":["Reprogram","Heatsinks+1"],"picked":"Gash+1","floor":42.0},{"not_picked":["Cold Snap","Conserve Battery","Self Repair+1"],"picked":"SKIP","floor":47.0},{"not_picked":["Beam Cell","BootSequence","Buffer"],"picked":"SKIP","floor":48.0},{"not_picked":["Ball Lightning+1","Beam Cell","Chill"],"picked":"SKIP","floor":54}],"player_experience":761163,"relics_obtained":[{"floor":6.0,"key":"Darkstone Periapt"},{"floor":9.0,"key":"Letter Opener"},{"floor":23.0,"key":"Pantograph"},{"floor":26.0,"key":"Bottled Flame"},{"floor":28.0,"key":"Incense Burner"},{"floor":31.0,"key":"Du-Vu Doll"},{"floor":36.0,"key":"Matryoshka"},{"floor":40.0,"key":"Regal Pillow"},{"floor":42.0,"key":"Potion Belt"},{"floor":43.0,"key":"Strawberry"},{"floor":43.0,"key":"Pear"},{"floor":46.0,"key":"Bag of Preparation"},{"floor":48.0,"key":"Ice Cream"},{"floor":54,"key":"Art of War"}],"event_choices":[{"damage_healed":0.0,"max_hp_gain":0.0,"max_hp_loss":0.0,"gold_gain":150.0,"event_name":"Liars Game","player_choice":"AGREE","floor":2.0,"gold_loss":0.0,"damage_taken":0.0,"cards_obtained":["Doubt"]},{"damage_healed":0.0,"max_hp_gain":0.0,"max_hp_loss":7.0,"gold_gain":0.0,"event_name":"Golden Idol","player_choice":"Lose Max HP","floor":4.0,"gold_loss":0.0,"damage_taken":0.0,"relics_obtained":["Golden Idol"]},{"damage_healed":0.0,"max_hp_gain":0.0,"max_hp_loss":0.0,"gold_gain":0.0,"event_name":"Living Wall","player_choice":"Grow","floor":8.0,"gold_loss":0.0,"damage_taken":0.0,"cards_upgraded":["Coolheaded"]},{"damage_healed":0.0,"max_hp_gain":0.0,"max_hp_loss":0.0,"gold_gain":75.0,"event_name":"World of Goop","player_choice":"Gather Gold","floor":12.0,"gold_loss":0.0,"damage_taken":11.0},{"damage_healed":0.0,"max_hp_gain":0.0,"max_hp_loss":0.0,"gold_gain":0.0,"event_name":"Drug Dealer","player_choice":"Inject Mutagens","floor":21.0,"gold_loss":0.0,"damage_taken":0.0,"relics_obtained":["MutagenicStrength"]},{"damage_healed":0.0,"max_hp_gain":0.0,"max_hp_loss":0.0,"gold_gain":50.0,"event_name":"Nest","player_choice":"Stole From Cult","floor":25.0,"gold_loss":0.0,"damage_taken":0.0},{"damage_healed":0.0,"max_hp_gain":0.0,"max_hp_loss":3.0,"gold_gain":0.0,"event_name":"Winding Halls","player_choice":"Max HP","floor":39.0,"gold_loss":0.0,"damage_taken":0.0},{"damage_healed":0.0,"max_hp_gain":0.0,"max_hp_loss":0.0,"gold_gain":333.0,"event_name":"The Moai Head","player_choice":"Gave Idol","floor":45.0,"relics_lost":["Golden Idol"],"gold_loss":0.0,"damage_taken":0.0}],"is_beta":false,"boss_relics":[{"not_picked":["Velvet Choker","Coffee Dripper"],"picked":"Lizard Tail"},{"not_picked":["Tiny House","Nuclear Battery"],"picked":"Fusion Hammer"}],"items_purged_floors":[5,27,30,53],"is_endless":false,"potions_floor_spawned":[3,11,14,16,20,23,28,37,38,40,48,54],"ascension_level":16}