{"gold_per_floor":[117,42,42,57,72,72,82,116,116,133,147,147,180,193,193,264,264,284,301,27,27,41,75,75,106,106,134,134,149,149,162,162,239,239,256,256,151,151,162,162,195,206,206,255,4,104,114,124,124,124,124,124,124,40,71,71],"floor_reached":57,"playtime":4995,"items_purged":["Normality","Strike_R","Strike_R","Strike_R"],"score":2683,"play_id":"2a5dbd34-d325-48b2-847c-2b34a55f2689","local_time":"20190615105507","is_ascension_mode":true,"campfire_choices":[{"data":"True Grit","floor":6.0,"key":"SMITH"},{"data":"Demon Form","floor":12.0,"key":"SMITH"},{"data":"Bash","floor":15.0,"key":"SMITH"},{"data":"Shrug It Off","floor":24.0,"key":"SMITH"},{"data":"Impervious","floor":30.0,"key":"SMITH"},{"floor":32.0,"key":"REST"},{"floor":40.0,"key":"RECALL"},{"data":"Metallicize","floor":49.0,"key":"SMITH"},{"data":"Limit Break","floor":53.0,"key":"SMITH"}],"neow_cost":"CURSE","seed_source_timestamp":213927687882723,"circlet_count":0,"master_deck":["AscendersBane","Strike_R","Strike_R","Defend_R","Defend_R","Defend_R","Defend_R","Bash+1","Demon Form+1","Cleave","True Grit+1","Uppercut+1","Rampage+1","Whirlwind+1","Sword Boomerang+1","Impervious+1","Shrug It Off","Corruption","Uppercut+1","Shrug It Off+1","Limit Break+1","Heavy Blade+1","Dark Embrace","Juggernaut","Shrug It Off+1","Pummel+1","Reaper+1","Metallicize+1"],"special_seed":0,"relics":["Burning Blood","Orichalcum","Molten Egg 2","Omamori","Red Skull","Snecko Eye","Smiling Mask","Bag of Marbles","Pantograph","Singing Bowl","Cursed Key","Blood Vial","Pocketwatch","Dead Branch","Happy Flower"],"potions_floor_usage":[56,56],"damage_taken":[{"damage":3.0,"enemies":"2 Louse","floor":1.0,"turns":4.0},{"damage":11.0,"enemies":"Small Slimes","floor":4.0,"turns":3.0},{"damage":7.0,"enemies":"Jaw Worm","floor":5.0,"turns":3.0},{"damage":8.0,"enemies":"Large Slime","floor":7.0,"turns":7.0},{"damage":29.0,"enemies":"Gremlin Nob","floor":8.0,"turns":5.0},{"damage":9.0,"enemies":"Blue Slaver","floor":10.0,"turns":5.0},{"damage":0.0,"enemies":"Exordium Wildlife","floor":11.0,"turns":2.0},{"damage":9.0,"enemies":"Lagavulin","floor":13.0,"turns":5.0},{"damage":3.0,"enemies":"2 Fungi Beasts","floor":14.0,"turns":3.0},{"damage":16.0,"enemies":"Hexaghost","floor":16.0,"turns":9.0},{"damage":5.0,"enemies":"Spheric Guardian","floor":18.0,"turns":3.0},{"damage":10.0,"enemies":"3 Byrds","floor":19.0,"turns":5.0},{"damage":11.0,"enemies":"Centurion and Healer","floor":22.0,"turns":6.0},{"damage":21.0,"enemies":"Gremlin Leader","floor":23.0,"turns":5.0},{"damage":16.0,"enemies":"Slavers","floor":25.0,"turns":4.0},{"damage":18.0,"enemies":"Gremlin Leader","floor":27.0,"turns":4.0},{"damage":7.0,"enemies":"Snecko","floor":29.0,"turns":5.0},{"damage":13.0,"enemies":"Chosen and Byrds","floor":31.0,"turns":4.0},{"damage":4.0,"enemies":"Champ","floor":33.0,"turns":6.0},{"damage":0.0,"enemies":"3 Darklings","floor":35.0,"turns":2.0},{"damage":0.0,"enemies":"Orb Walker","floor":39.0,"turns":2.0},{"damage":18.0,"enemies":"Giant Head","floor":41.0,"turns":6.0},{"damage":0.0,"enemies":"Transient","floor":42.0,"turns":6.0},{"damage":19.0,"enemies":"2 Orb Walkers","floor":44.0,"turns":4.0},{"damage":0.0,"enemies":"Mind Bloom Boss Battle","floor":46.0,"turns":5.0},{"damage":12.0,"enemies":"Spire Growth","floor":47.0,"turns":3.0},{"damage":25.0,"enemies":"3 Darklings","floor":48.0,"turns":6.0},{"damage":36.0,"enemies":"Donu and Deca","floor":50.0,"turns":6.0},{"damage":25.0,"enemies":"Awakened One","floor":51.0,"turns":7.0},{"damage":58.0,"enemies":"Shield and Spear","floor":55.0,"turns":5.0},{"damage":38,"enemies":"The Heart","floor":56,"turns":7}],"seed_played":"-9163284618755807087","potions_obtained":[{"floor":4.0,"key":"EssenceOfSteel"},{"floor":5.0,"key":"EssenceOfSteel"},{"floor":7.0,"key":"Explosive Potion"},{"floor":11.0,"key":"Regen Potion"},{"floor":13.0,"key":"Weak Potion"},{"floor":19.0,"key":"SteroidPotion"},{"floor":25.0,"key":"Explosive Potion"},{"floor":27.0,"key":"SkillPotion"},{"floor":29.0,"key":"AttackPotion"},{"floor":41.0,"key":"BloodPotion"},{"floor":44.0,"key":"EssenceOfSteel"},{"floor":47.0,"key":"Weak Potion"},{"floor":48.0,"key":"PowerPotion"}],"is_trial":false,"path_per_floor":["M","$","?","M","M","R","M","E","T","M","M","R","E","M","R","B",null,"M","M","$","?","M","E","R","E","T","E","?","M","R","M","R","B",null,"M","?","$","?","M","R","E","M","T","?","$","?","M","M","R","B","B",null,"R","$","E","B",null],"character_chosen":"IRONCLAD","items_purchased":["Corruption","Uppercut+1","Swift Potion","Reaper+1","Metallicize","Ancient Potion"],"campfire_rested":1,"item_purchase_floors":[20,20,37,45,45,54],"current_hp_per_floor":[71,71,66,61,60,60,58,35,35,32,38,38,49,52,52,42,67,68,64,64,64,59,44,44,34,34,22,37,36,36,31,54,77,77,79,79,79,75,81,81,71,79,79,70,70,91,87,87,87,95,76,90,90,90,66,89],"gold":71,"neow_bonus":"THREE_RARE_CARDS","is_prod":false,"is_daily":false,"chose_seed":false,"campfire_upgraded":7,"win_rate":0,"timestamp":1560588907,"path_taken":["M","$","?","M","M","R","M","E","T","M","M","R","E","M","R","BOSS","M","M","$","?","M","E","R","E","T","E","?","M","R","M","R","BOSS","M","?","$","?","?","R","E","M","T","?","$","?","?","M","R","BOSS","BOSS","R","$","E","BOSS"],"build_version":"2019-01-23","purchased_purges":4,"victory":true,"max_hp_per_floor":[75,75,75,75,75,75,75,75,75,75,75,75,75,75,75,75,75,75,75,75,75,75,75,75,75,75,75,75,75,75,77,77,77,77,79,79,79,85,85,85,87,87,87,89,89,91,93,95,95,95,95,95,95,95,97,97],"card_choices":[{"not_picked":["Barricade","Dark Embrace"],"picked":"Demon Form","floor":0.0},{"not_picked":["Uppercut","Perfected Strike"],"picked":"Cleave","floor":1.0},{"not_picked":["Wild Strike","Sentinel"],"picked":"True Grit","floor":4.0},{"not_picked":["True Grit","Flex","Clash"],"picked":"SKIP","floor":5.0},{"not_picked":["Power Through","Perfected Strike","Reckless Charge"],"picked":"SKIP","floor":7.0},{"not_picked":["Body Slam","Wild Strike","Seeing Red"],"picked":"SKIP","floor":8.0},{"not_picked":["Body Slam+1","Blood for Blood+1"],"picked":"Uppercut+1","floor":10.0},{"not_picked":["Uppercut+1","Headbutt+1"],"picked":"Rampage+1","floor":11.0},{"not_picked":["Sever Soul+1","Havoc"],"picked":"Whirlwind+1","floor":13.0},{"not_picked":["Power Through","Clothesline+1"],"picked":"Sword Boomerang+1","floor":14.0},{"not_picked":["Dark Embrace","Fiend Fire+1"],"picked":"Impervious","floor":16.0},{"not_picked":["Inflame","Havoc+1","Flex"],"picked":"SKIP","floor":18.0},{"not_picked":["Combust","Searing Blow+1"],"picked":"Shrug It Off","floor":19.0},{"not_picked":["Thunderclap+1","Havoc"],"picked":"Shrug It Off","floor":22.0},{"not_picked":["Cleave+1","Blood for Blood+1"],"picked":"Limit Break","floor":23.0},{"not_picked":["Twin Strike+1","Sever Soul+1","True Grit"],"picked":"SKIP","floor":25.0},{"not_picked":["Spot Weakness","Clothesline+1"],"picked":"Heavy Blade+1","floor":27.0},{"not_picked":["Iron Wave+1","Rupture"],"picked":"Dark Embrace","floor":29.0},{"not_picked":["Dual Wield","Headbutt+1","Warcry"],"picked":"Singing Bowl","floor":31.0},{"not_picked":["Brutality","Limit Break"],"picked":"Juggernaut","floor":33.0},{"not_picked":["Heavy Blade+1","Spot Weakness","Warcry"],"picked":"Singing Bowl","floor":35.0},{"not_picked":["Swift Strike+1","Deep Breath","Master of Strategy"],"picked":"Singing Bowl","floor":38.0},{"not_picked":["Chrysalis","Violence","Blind"],"picked":"Singing Bowl","floor":38.0},{"not_picked":["Master of Strategy","Thinking Ahead","Deep Breath"],"picked":"Singing Bowl","floor":38.0},{"not_picked":["Sword Boomerang+1","Flex"],"picked":"Shrug It Off+1","floor":39.0},{"not_picked":["Clothesline+1","Entrench","Intimidate+1"],"picked":"Singing Bowl","floor":41.0},{"not_picked":["Clash+1","Pommel Strike+1"],"picked":"Pummel+1","floor":42.0},{"not_picked":["Power Through","Clash+1","Flex"],"picked":"Singing Bowl","floor":44.0},{"not_picked":["True Grit","Perfected Strike+1","Battle Trance"],"picked":"Singing Bowl","floor":46.0},{"not_picked":["Second Wind","Sever Soul+1","Inflame"],"picked":"Singing Bowl","floor":47.0},{"not_picked":["Spot Weakness+1","Wild Strike+1","Berserk"],"picked":"Singing Bowl","floor":48.0},{"not_picked":["Iron Wave+1","Flex","Clothesline+1"],"picked":"Singing Bowl","floor":55.0}],"player_experience":884460,"relics_obtained":[{"floor":8.0,"key":"Molten Egg 2"},{"floor":9.0,"key":"Omamori"},{"floor":13.0,"key":"Red Skull"},{"floor":23.0,"key":"Smiling Mask"},{"floor":25.0,"key":"Bag of Marbles"},{"floor":26.0,"key":"Pantograph"},{"floor":27.0,"key":"Singing Bowl"},{"floor":41.0,"key":"Blood Vial"},{"floor":44.0,"key":"Pocketwatch"},{"floor":46.0,"key":"Dead Branch"},{"floor":55.0,"key":"Happy Flower"}],"event_choices":[{"damage_healed":0.0,"max_hp_gain":0.0,"max_hp_loss":0.0,"gold_gain":0.0,"event_name":"Scrap Ooze","player_choice":"Success","floor":3.0,"gold_loss":0.0,"damage_taken":5.0,"relics_obtained":["Orichalcum"]},{"damage_healed":0.0,"max_hp_gain":0.0,"max_hp_loss":0.0,"gold_gain":0.0,"event_name":"Ghosts","player_choice":"Ignored","floor":21.0,"gold_loss":0.0,"damage_taken":0.0},{"damage_healed":15.0,"max_hp_gain":0.0,"max_hp_loss":0.0,"gold_gain":0.0,"event_name":"The Library","player_choice":"Heal","floor":28.0,"gold_loss":0.0,"damage_taken":0.0},{"damage_healed":0.0,"max_hp_gain":0.0,"max_hp_loss":0.0,"gold_gain":0.0,"event_name":"Tomb of Lord Red Mask","player_choice":"Ignored","floor":36.0,"gold_loss":0.0,"damage_taken":0.0},{"damage_healed":0.0,"max_hp_gain":0.0,"max_hp_loss":0.0,"gold_gain":0.0,"event_name":"SensoryStone","player_choice":"Memory 3","floor":38.0,"gold_loss":0.0,"damage_taken":10.0},{"damage_healed":0.0,"max_hp_gain":0.0,"max_hp_loss":0.0,"gold_gain":0.0,"event_name":"Mysterious Sphere","player_choice":"Fight","floor":44.0,"gold_loss":0.0,"damage_taken":0.0},{"damage_healed":0.0,"max_hp_gain":0.0,"max_hp_loss":0.0,"gold_gain":0.0,"event_name":"MindBloom","player_choice":"Fight","floor":46.0,"gold_loss":0.0,"damage_taken":0.0}],"is_beta":false,"boss_relics":[{"not_picked":["Ectoplasm","White Beast Statue"],"picked":"Snecko Eye"},{"not_picked":["Sozu","Runic Cube"],"picked":"Cursed Key"}],"items_purged_floors":[2,20,37,45],"is_endless":false,"potions_floor_spawned":[4,5,7,11,13,19,25,27,29,41,42,44,47,48,55],"ascension_level":20}