{"gold_per_floor":[109,109,82,47,13,56,56,56,125,143,54,54,54,67,67,67],"floor_reached":16,"playtime":929,"items_purged":[],"score":96,"play_id":"e3781e46-c675-449c-a749-611e0437a45a","local_time":"20190614215814","is_ascension_mode":false,"campfire_choices":[{"floor":7,"key":"REST"},{"floor":12,"key":"REST"},{"floor":15,"key":"REST"}],"neow_cost":"NONE","seed_source_timestamp":31831485201700,"circlet_count":0,"master_deck":["Strike_B","Strike_B","Strike_B","Strike_B","Defend_B","Defend_B","Defend_B","Defend_B","Zap+1","Dualcast","Redo","Self Repair","Aggregate","Stack","Genetic Algorithm","Streamline","Leap"],"relics":["White Beast Statue","Golden Idol","Dodecahedron","GremlinMask","Mummified Hand"],"potions_floor_usage":[6,14,14,16],"damage_taken":[{"damage":6,"enemies":"2 Louse","floor":1,"turns":4},{"damage":54,"enemies":"Lagavulin","floor":6,"turns":9},{"damage":5,"enemies":"Small Slimes","floor":10,"turns":5},{"damage":9,"enemies":"Cultist","floor":14,"turns":6},{"damage":78,"enemies":"Hexaghost","floor":16,"turns":14}],"seed_played":"7745915608492659223","potions_obtained":[{"floor":1,"key":"EssenceOfSteel"},{"floor":6,"key":"LiquidBronze"},{"floor":10,"key":"Dexterity Potion"},{"floor":14,"key":"Dexterity Potion"}],"is_trial":false,"path_per_floor":["M","?","?","?","$","E","R","?","T","M","$","R","?","M","R","B"],"character_chosen":"DEFECT","items_purchased":["Self Repair","Genetic Algorithm","Streamline"],"campfire_rested":3,"item_purchase_floors":[5,11,11],"current_hp_per_floor":[69,51,51,69,69,22,44,44,44,46,46,68,68,66,75,0],"gold":67,"neow_bonus":"BOSS_RELIC","is_prod":false,"is_daily":false,"chose_seed":false,"campfire_upgraded":0,"win_rate":0.0,"timestamp":1560545894,"path_taken":["M","?","?","?","$","E","R","?","T","?","?","R","?","M","R","BOSS"],"build_version":"2019-01-23","purchased_purges":0,"victory":false,"max_hp_per_floor":[75,75,75,75,75,75,75,75,75,75,75,75,75,75,75,75],"card_choices":[{"not_picked":["Barrage","Compile Driver"],"picked":"Redo","floor":1},{"not_picked":["Reprogram","Steam Power"],"picked":"Aggregate","floor":6},{"not_picked":["Gash","Beam Cell"],"picked":"Stack","floor":10},{"not_picked":["Gash","Multi-Cast"],"picked":"Leap","floor":14}],"player_experience":9745,"relics_obtained":[{"floor":6,"key":"Dodecahedron"},{"floor":9,"key":"Mummified Hand"}],"event_choices":[{"damage_healed":0,"gold_gain":0,"player_choice":"Take Damage","damage_taken":18,"relics_obtained":["Golden Idol"],"max_hp_gain":0,"max_hp_loss":0,"event_name":"Golden Idol","floor":2,"gold_loss":0},{"damage_healed":0,"gold_gain":0,"player_choice":"Left Gold","damage_taken":0,"max_hp_gain":0,"max_hp_loss":0,"event_name":"World of Goop","floor":3,"gold_loss":27},{"damage_healed":18,"gold_gain":0,"player_choice":"Healed","damage_taken":0,"max_hp_gain":0,"max_hp_loss":0,"event_name":"The Cleric","floor":4,"gold_loss":35},{"damage_healed":0,"gold_gain":0,"player_choice":"Trade","damage_taken":0,"relics_obtained":["GremlinMask"],"max_hp_gain":0,"max_hp_loss":0,"event_name":"FaceTrader","floor":8,"gold_loss":0},{"damage_healed":0,"gold_gain":0,"player_choice":"Grow","damage_taken":0,"max_hp_gain":0,"max_hp_loss":0,"event_name":"Living Wall","floor":13,"gold_loss":0,"cards_upgraded":["Zap"]}],"is_beta":false,"boss_relics":[],"items_purged_floors":[],"is_endless":false,"potions_floor_spawned":[1,6,10,14],"killed_by":"Hexaghost","ascension_level":0}