{"gold_per_floor":[364,91,103,55,130,130,3,32,56,108,108,108,172,186,186,257,257,268,288,95,20,20,20,20,20],"floor_reached":25,"playtime":1177,"items_purged":["Strike_B","Strike_B"],"score":349,"play_id":"c92da70b-6a08-4e7f-a39c-9a495129bfa2","local_time":"20190528224400","is_ascension_mode":true,"campfire_choices":[{"data":"Zap","floor":6,"key":"SMITH"},{"floor":11,"key":"REST"},{"floor":15,"key":"REST"},{"floor":23,"key":"REST"}],"neow_cost":"TEN_PERCENT_HP_LOSS","seed_source_timestamp":1135549400480341,"circlet_count":0,"master_deck":["AscendersBane","Strike_B","Defend_B","Defend_B","Defend_B+1","Defend_B+1","Zap+1","Dualcast","Rip and Tear","Gash","Conserve Battery","Sweeping Beam","Defragment","Melter","Glacier","Capacitor","Echo Form","Steam","Steam"],"relics":["Cracked Core","War Paint","Art of War","DataDisk","Cables","Tiny Chest","Black Star","Matryoshka"],"potions_floor_usage":[8,25,25],"damage_taken":[{"damage":1,"enemies":"Cultist","floor":1,"turns":3},{"damage":7,"enemies":"2 Louse","floor":3,"turns":3},{"damage":22,"enemies":"3 Sentries","floor":8,"turns":5},{"damage":7,"enemies":"Lagavulin","floor":13,"turns":5},{"damage":0,"enemies":"Small Slimes","floor":14,"turns":2},{"damage":19,"enemies":"Hexaghost","floor":16,"turns":10},{"damage":23,"enemies":"3 Byrds","floor":18,"turns":6},{"damage":21,"enemies":"Shell Parasite","floor":19,"turns":6},{"damage":34,"enemies":"Slavers","floor":25,"turns":3}],"seed_played":"7821576669823282051","potions_obtained":[{"floor":14,"key":"AttackPotion"}],"is_trial":false,"path_per_floor":["M","$","M","$","?","R","$","E","T","?","R","T","E","M","R","B",null,"M","M","$","?","$","R","T","E"],"character_chosen":"DEFECT","items_purchased":["Gash","War Paint","Sweeping Beam","Defragment","Strength Potion","Steam","SkillPotion"],"campfire_rested":3,"item_purchase_floors":[2,2,4,7,7,20,20],"current_hp_per_floor":[63,63,56,56,45,45,45,23,23,23,42,42,35,35,54,35,57,34,13,13,13,13,32,32,0],"gold":20,"neow_bonus":"TWO_FIFTY_GOLD","is_prod":false,"is_daily":false,"chose_seed":false,"campfire_upgraded":1,"win_rate":0,"timestamp":1559076240,"path_taken":["M","?","M","$","?","R","$","E","T","?","R","?","E","M","R","BOSS","M","M","$","?","$","R","?","E"],"build_version":"2019-01-23","purchased_purges":2,"victory":false,"max_hp_per_floor":[64,64,64,64,64,64,64,64,64,64,64,64,64,64,64,64,64,64,64,64,64,64,64,64,64],"card_choices":[{"not_picked":["Rebound","Auto Shields"],"picked":"Rip and Tear","floor":1},{"not_picked":["Streamline","Turbo"],"picked":"Conserve Battery","floor":3},{"not_picked":["Barrage","Redo"],"picked":"Melter","floor":8},{"not_picked":["Stack","Compile Driver"],"picked":"Glacier","floor":13},{"not_picked":["Skim","Force Field"],"picked":"Capacitor","floor":14},{"not_picked":["Hyperbeam","Rainbow"],"picked":"Echo Form","floor":16},{"not_picked":["Ball Lightning","Beam Cell","Go for the Eyes"],"picked":"SKIP","floor":18},{"not_picked":["Streamline","Gash"],"picked":"Steam","floor":19}],"player_experience":680993,"relics_obtained":[{"floor":8,"key":"Art of War"},{"floor":9,"key":"DataDisk"},{"floor":12,"key":"Cables"},{"floor":13,"key":"Tiny Chest"},{"floor":24,"key":"Matryoshka"}],"event_choices":[{"damage_healed":0,"gold_gain":75,"player_choice":"Gather Gold","damage_taken":11,"max_hp_gain":0,"max_hp_loss":0,"event_name":"World of Goop","floor":5,"gold_loss":0},{"damage_healed":0,"gold_gain":52,"player_choice":"Gained Gold","damage_taken":0,"max_hp_gain":0,"max_hp_loss":0,"event_name":"Golden Wing","floor":10,"gold_loss":0},{"cards_removed":["Strike_B"],"damage_healed":0,"gold_gain":0,"player_choice":"Gave Gold","damage_taken":0,"max_hp_gain":0,"max_hp_loss":0,"event_name":"Beggar","floor":21,"gold_loss":75}],"is_beta":false,"boss_relics":[{"not_picked":["Velvet Choker","Tiny House"],"picked":"Black Star"}],"items_purged_floors":[2,20],"is_endless":false,"potions_floor_spawned":[14],"killed_by":"Slavers","ascension_level":14}