{"gold_per_floor":[219,219,233,308,11,11,11,30,30,64,81,81,110,122,122,196,196,196,214,3,23,43,43,43],"floor_reached":24,"playtime":2084,"items_purged":["Strike_B"],"score":374,"play_id":"3529b4b6-50f0-493b-ae39-e004fc0ffaf1","local_time":"20190531124730","is_ascension_mode":true,"campfire_choices":[{"data":"Melter","floor":6.0,"key":"SMITH"},{"floor":15.0,"key":"REST"},{"floor":23,"key":"REST"}],"neow_cost":"NONE","seed_source_timestamp":1357859849430172,"circlet_count":0,"master_deck":["AscendersBane","Strike_B","Strike_B","Defend_B","Defend_B","Defend_B","Defend_B","Zap+1","Dualcast","Melter+1","Undo","Go for the Eyes","Stack","Doom and Gloom+1","Gash+1","Echo Form","Coolheaded+1","Defragment","Coolheaded","Hologram"],"special_seed":0,"relics":["Cracked Core","OrangePellets","Gambling Chip","Vajra","Molten Egg 2","Black Star"],"potions_floor_usage":[19,22],"damage_taken":[{"damage":0.0,"enemies":"2 Louse","floor":1.0,"turns":2.0},{"damage":12.0,"enemies":"Jaw Worm","floor":3.0,"turns":2.0},{"damage":0.0,"enemies":"Cultist","floor":8.0,"turns":2.0},{"damage":22.0,"enemies":"3 Sentries","floor":10.0,"turns":8.0},{"damage":0.0,"enemies":"Looter","floor":11.0,"turns":2.0},{"damage":6.0,"enemies":"Lagavulin","floor":13.0,"turns":6.0},{"damage":4.0,"enemies":"Lots of Slimes","floor":14.0,"turns":2.0},{"damage":17.0,"enemies":"The Guardian","floor":16.0,"turns":10.0},{"damage":0.0,"enemies":"2 Thieves","floor":18.0,"turns":1.0},{"damage":13,"enemies":"3 Byrds","floor":19,"turns":4},{"damage":14,"enemies":"Centurion and Healer","floor":21,"turns":6},{"damage":28,"enemies":"Snake Plant","floor":22,"turns":6},{"damage":35,"enemies":"3 Cultists","floor":24,"turns":4}],"seed_played":"6047488793953603716","potions_obtained":[{"floor":1.0,"key":"Regen Potion"},{"floor":7.0,"key":"SmokeBomb"},{"floor":13.0,"key":"Swift Potion"}],"is_trial":false,"path_per_floor":["M","?","M","?","$","R","?","M","T","E","M","?","E","M","R","B",null,"M","M","$","M","M","R","M"],"character_chosen":"DEFECT","items_purchased":["Undo","OrangePellets","Defragment","Block Potion"],"campfire_rested":2,"item_purchase_floors":[5,5,20,20],"current_hp_per_floor":[64,64,52,41,41,41,41,41,41,34,34,34,28,24,45,28,60,60,47,47,33,5,26,0],"gold":43,"neow_bonus":"HUNDRED_GOLD","is_prod":false,"is_daily":false,"chose_seed":false,"campfire_upgraded":1,"win_rate":0,"timestamp":1559299650,"path_taken":["M","?","M","?","$","R","?","M","T","E","?","?","E","M","R","BOSS","M","M","$","M","?","R","?"],"build_version":"2019-01-23","purchased_purges":1,"victory":false,"max_hp_per_floor":[71,71,71,71,71,71,71,71,71,71,71,71,71,71,71,71,71,71,71,71,71,71,71,71],"card_choices":[{"not_picked":["White Noise","Conserve Battery"],"picked":"Melter","floor":1.0},{"not_picked":["Stack","Streamline","Steam Power"],"picked":"SKIP","floor":3.0},{"not_picked":["Skim","Rip and Tear"],"picked":"Go for the Eyes","floor":8.0},{"not_picked":["Capacitor","Compile Driver","Redo"],"picked":"SKIP","floor":10.0},{"not_picked":["Storm","BootSequence"],"picked":"Stack","floor":11.0},{"not_picked":["Rebound","Consume"],"picked":"Doom and Gloom","floor":13.0},{"not_picked":["Doom and Gloom+1","Ball Lightning+1"],"picked":"Gash+1","floor":14.0},{"not_picked":["Rainbow","Core Surge+1"],"picked":"Echo Form","floor":16.0},{"not_picked":["Barrage+1","Beam Cell+1"],"picked":"Coolheaded+1","floor":19},{"not_picked":["Scrape+1","Ball Lightning+1"],"picked":"Coolheaded","floor":21},{"not_picked":["Force Field+1","FTL+1"],"picked":"Hologram","floor":22}],"player_experience":746916,"relics_obtained":[{"floor":9.0,"key":"Gambling Chip"},{"floor":10.0,"key":"Vajra"},{"floor":13.0,"key":"Molten Egg 2"}],"event_choices":[{"damage_healed":0.0,"max_hp_gain":0.0,"max_hp_loss":0.0,"gold_gain":0.0,"event_name":"Living Wall","player_choice":"Grow","floor":2.0,"gold_loss":0.0,"damage_taken":0.0,"cards_upgraded":["Zap"]},{"damage_healed":0.0,"max_hp_gain":0.0,"max_hp_loss":0.0,"gold_gain":75.0,"event_name":"World of Goop","player_choice":"Gather Gold","floor":4.0,"gold_loss":0.0,"damage_taken":11.0},{"damage_healed":0.0,"max_hp_gain":0.0,"max_hp_loss":0.0,"gold_gain":0.0,"event_name":"Lab","player_choice":"Got Potions","floor":7.0,"gold_loss":0.0,"damage_taken":0.0},{"cards_removed":["Strike_B"],"damage_healed":0.0,"max_hp_gain":0.0,"max_hp_loss":0.0,"gold_gain":0.0,"event_name":"Bonfire Elementals","player_choice":"Offered Basic","floor":12.0,"gold_loss":0.0,"damage_taken":0.0}],"is_beta":false,"boss_relics":[{"not_picked":["Inserter","Eternal Feather"],"picked":"Black Star"}],"items_purged_floors":[20],"is_endless":false,"potions_floor_spawned":[1,13,14,18],"killed_by":"3 Cultists","ascension_level":16}