{"gold_per_floor":[111,36,47,47,61,61,46,46,46,46,56,70,70],"floor_reached":13,"playtime":381,"items_purged":["Strike_G"],"score":108,"play_id":"21bdb279-d423-41b1-905b-29481f3ceff6","local_time":"20190118213034","is_ascension_mode":true,"campfire_choices":[{"floor":6,"key":"RECALL"},{"data":"Deadly Poison","floor":10,"key":"SMITH"}],"neow_cost":"NONE","seed_source_timestamp":901128479180779,"circlet_count":0,"master_deck":["Defend_G","Defend_G","Defend_G","Defend_G","Defend_G","Strike_G","Strike_G","Strike_G","Survivor","Neutralize","Flying Knee","Escape Plan","Catalyst","Deadly Poison+1","Acrobatics"],"relics":["Ring of the Snake","NeowsBlessing","Ninja Scroll"],"potions_floor_usage":[],"damage_taken":[{"damage":0,"enemies":"2 Louse","floor":1,"turns":1},{"damage":0,"enemies":"Jaw Worm","floor":3,"turns":1},{"damage":0,"enemies":"Cultist","floor":5,"turns":1},{"damage":10,"enemies":"Exordium Thugs","floor":7,"turns":5},{"damage":3,"enemies":"3 Louse","floor":11,"turns":4},{"damage":13,"enemies":"Large Slime","floor":12,"turns":5},{"damage":30,"enemies":"3 Sentries","floor":13,"turns":5}],"seed_played":"-266327273100010351","potions_obtained":[{"floor":7,"key":"GamblersBrew"}],"is_trial":false,"path_per_floor":["M","$","M","$","M","R","M","?","T","R","M","M","E"],"character_chosen":"THE_SILENT","items_purchased":[],"campfire_rested":0,"item_purchase_floors":[],"current_hp_per_floor":[63,63,63,63,63,63,53,46,46,46,43,30,0],"gold":70,"neow_bonus":"THREE_ENEMY_KILL","is_prod":false,"is_daily":false,"chose_seed":false,"campfire_upgraded":1,"win_rate":0,"timestamp":1547875834,"path_taken":["M","$","M","$","M","R","M","?","T","R","M","M","E"],"build_version":"2019-01-17v2","purchased_purges":1,"victory":false,"max_hp_per_floor":[70,70,70,70,70,70,70,70,70,70,70,70,70],"card_choices":[{"not_picked":["Blade Dance","Riddle With Holes"],"picked":"Flying Knee","floor":1},{"not_picked":["Bane","Masterful Stab"],"picked":"Escape Plan","floor":3},{"not_picked":["Flechettes","Choke"],"picked":"Catalyst","floor":5},{"not_picked":["Acrobatics","Outmaneuver"],"picked":"Deadly Poison","floor":7},{"not_picked":["Sucker Punch","PiercingWail"],"picked":"Acrobatics","floor":11},{"not_picked":["PiercingWail","Outmaneuver","Grand Finale"],"picked":"SKIP","floor":12}],"player_experience":357376,"relics_obtained":[{"floor":9,"key":"Ninja Scroll"}],"event_choices":[{"cards_removed":["Strike_G"],"damage_healed":0,"gold_gain":0,"player_choice":"Card Removal","damage_taken":7,"max_hp_gain":0,"max_hp_loss":0,"event_name":"Golden Wing","floor":8,"gold_loss":0}],"is_beta":false,"boss_relics":[],"items_purged_floors":[2],"is_endless":false,"potions_floor_spawned":[7],"killed_by":"3 Sentries","ascension_level":8}