{"gold_per_floor":[114,131,131,149,166,166,198,214,214,43,43,43,77,2,2,2],"floor_reached":16,"playtime":909,"items_purged":["Strike_R"],"score":209,"play_id":"9f5cf409-a7b0-4b96-8f90-7eee325ec84c","local_time":"20190309224133","is_ascension_mode":true,"campfire_choices":[{"data":"Seeing Red","floor":6,"key":"SMITH"},{"floor":11,"key":"REST"},{"data":"Pommel Strike","floor":15,"key":"SMITH"}],"neow_cost":"NONE","seed_source_timestamp":1844122836691413,"circlet_count":0,"master_deck":["AscendersBane","Strike_R","Strike_R","Strike_R","Strike_R","Defend_R","Defend_R","Defend_R","Defend_R","Bash+1","Cleave","Battle Trance","Seeing Red+1","Pommel Strike+1","Anger","Iron Wave"],"relics":["Burning Blood","Boot","Mummified Hand","Bag of Preparation","Pantograph"],"potions_floor_usage":[5,5,7,7,13,16],"damage_taken":[{"damage":10,"enemies":"Small Slimes","floor":1,"turns":4},{"damage":7,"enemies":"Cultist","floor":2,"turns":4},{"damage":4,"enemies":"Jaw Worm","floor":4,"turns":4},{"damage":19,"enemies":"Exordium Wildlife","floor":5,"turns":5},{"damage":25,"enemies":"Gremlin Nob","floor":7,"turns":4},{"damage":8,"enemies":"Blue Slaver","floor":8,"turns":3},{"damage":5,"enemies":"Lagavulin","floor":13,"turns":5},{"damage":75,"enemies":"The Guardian","floor":16,"turns":13}],"seed_played":"-3235437362566542073","potions_obtained":[{"floor":1,"key":"EntropicBrew"},{"floor":3,"key":"Fire Potion"},{"floor":8,"key":"SpeedPotion"},{"floor":13,"key":"GamblersBrew"}],"is_trial":false,"path_per_floor":["M","M","?","M","M","R","E","M","T","$","R","?","E","$","R","B"],"character_chosen":"IRONCLAD","items_purchased":["Bag of Preparation"],"campfire_rested":1,"item_purchase_floors":[10],"current_hp_per_floor":[64,63,63,65,52,52,33,31,31,31,53,53,54,54,54,0],"gold":2,"neow_bonus":"UPGRADE_CARD","is_prod":false,"is_daily":false,"chose_seed":false,"campfire_upgraded":2,"win_rate":0,"timestamp":1552160493,"path_taken":["M","M","?","M","M","R","E","?","T","?","R","?","E","?","R","BOSS"],"build_version":"2019-01-23","purchased_purges":1,"victory":false,"max_hp_per_floor":[75,75,75,75,75,75,75,75,75,75,75,75,75,75,75,75],"card_choices":[{"not_picked":["Sever Soul","Perfected Strike"],"picked":"Cleave","floor":1},{"not_picked":["Rupture","Rage"],"picked":"Battle Trance","floor":2},{"not_picked":["Infernal Blade","Body Slam","Pummel"],"picked":"SKIP","floor":4},{"not_picked":["Whirlwind","Infernal Blade"],"picked":"Seeing Red","floor":5},{"not_picked":["Twin Strike","Bloodletting"],"picked":"Pommel Strike","floor":7},{"not_picked":["Thunderclap","Berserk"],"picked":"Anger","floor":8},{"not_picked":["Headbutt","Bloodletting"],"picked":"Iron Wave","floor":13}],"player_experience":268214,"relics_obtained":[{"floor":7,"key":"Boot"},{"floor":9,"key":"Mummified Hand"},{"floor":13,"key":"Pantograph"}],"event_choices":[{"damage_healed":0,"gold_gain":0,"player_choice":"Got Potions","damage_taken":0,"max_hp_gain":0,"max_hp_loss":0,"event_name":"Lab","floor":3,"gold_loss":0},{"damage_healed":0,"gold_gain":0,"player_choice":"Ignored","damage_taken":0,"max_hp_gain":0,"max_hp_loss":0,"event_name":"Liars Game","floor":12,"gold_loss":0}],"is_beta":false,"boss_relics":[],"items_purged_floors":[14],"is_endless":false,"potions_floor_spawned":[1,4,8,13],"killed_by":"The Guardian","ascension_level":18}