{"gold_per_floor":[111,111,125,143,71,71,81,81,81,97,97,115,115,115,115,189,239,259,358,372,41,61,61,61,72,124,124,124,124,138,63,63,140,140,155,77,77,97,97,97,117,117],"floor_reached":42,"playtime":1850,"items_purged":["Writhe"],"score":640,"play_id":"7f96f372-c45f-4671-84de-e92830d878b7","local_time":"20190615115559","is_ascension_mode":true,"campfire_choices":[{"data":"Cloak And Dagger","floor":6,"key":"SMITH"},{"data":"Noxious Fumes","floor":8,"key":"SMITH"},{"data":"Catalyst","floor":11,"key":"SMITH"},{"floor":13,"key":"REST"},{"data":"Footwork","floor":15,"key":"SMITH"},{"data":"Noxious Fumes","floor":23,"key":"SMITH"},{"data":"Strike_G","floor":32,"key":"PURGE"},{"data":"Footwork","floor":40,"key":"SMITH"}],"neow_cost":"PERCENT_DAMAGE","seed_source_timestamp":339179158908694,"circlet_count":0,"master_deck":["AscendersBane","Defend_G","Defend_G","Defend_G","Defend_G","Defend_G","Strike_G","Strike_G","Survivor","Neutralize","Good Instincts","Flash of Steel","Backflip+1","Cloak And Dagger+1","Footwork+1","Blur","Noxious Fumes+1","Catalyst+1","A Thousand Cuts","Blade Dance","Backstab","Noxious Fumes+1","Bullet Time","Injury","Madness","Footwork+1","A Thousand Cuts","Caltrops","Escape Plan"],"relics":["Ring of the Snake","Ninja Scroll","Tiny House","Meat on the Bone","Blood Vial","Matryoshka","Peace Pipe","Busted Crown","The Courier","Snake Skull"],"potions_floor_usage":[7,10,18,22,25,30,41,42],"damage_taken":[{"damage":0,"enemies":"Small Slimes","floor":1,"turns":5},{"damage":12,"enemies":"Cultist","floor":3,"turns":7},{"damage":1,"enemies":"Jaw Worm","floor":4,"turns":5},{"damage":0,"enemies":"Exordium Wildlife","floor":7,"turns":5},{"damage":10,"enemies":"Exordium Thugs","floor":10,"turns":3},{"damage":0,"enemies":"2 Fungi Beasts","floor":12,"turns":3},{"damage":16,"enemies":"Hexaghost","floor":16,"turns":10},{"damage":0,"enemies":"Shell Parasite","floor":18,"turns":6},{"damage":2,"enemies":"Chosen","floor":20,"turns":5},{"damage":33,"enemies":"Snake Plant","floor":22,"turns":7},{"damage":15,"enemies":"Shelled Parasite and Fungi","floor":25,"turns":6},{"damage":11,"enemies":"Sentry and Sphere","floor":30,"turns":6},{"damage":30,"enemies":"Champ","floor":33,"turns":12},{"damage":50,"enemies":"3 Darklings","floor":35,"turns":5},{"damage":12,"enemies":"3 Shapes","floor":38,"turns":6},{"damage":13,"enemies":"Jaw Worm Horde","floor":41,"turns":4},{"damage":35,"enemies":"Nemesis","floor":42,"turns":4}],"seed_played":"4222842720701050564","potions_obtained":[{"floor":1,"key":"Ancient Potion"},{"floor":4,"key":"Ancient Potion"},{"floor":7,"key":"AttackPotion"},{"floor":17,"key":"GhostInAJar"},{"floor":20,"key":"Explosive Potion"},{"floor":25,"key":"AttackPotion"},{"floor":35,"key":"Weak Potion"},{"floor":38,"key":"Poison Potion"},{"floor":41,"key":"Strength Potion"}],"is_trial":false,"path_per_floor":["M","?","M","M","$","R","M","R","T","M","R","M","R","?","R","B",null,"M","?","M","$","M","R","?","M","T","?","T","?","M","$","R","B",null,"M","$","?","M","T","R","M","E"],"character_chosen":"THE_SILENT","items_purchased":["Blur","Noxious Fumes","Meat on the Bone","GhostInAJar"],"campfire_rested":1,"item_purchase_floors":[5,21,21,36],"current_hp_per_floor":[45,45,33,32,32,32,32,32,32,22,22,22,43,43,43,27,64,64,64,62,62,41,41,41,38,38,38,38,38,41,41,41,25,63,27,27,27,29,29,29,30,0],"gold":117,"neow_bonus":"RANDOM_COLORLESS_2","is_prod":false,"is_daily":false,"chose_seed":false,"campfire_upgraded":6,"win_rate":0,"timestamp":1560624959,"path_taken":["M","?","?","M","$","R","M","R","T","M","R","M","R","?","R","BOSS","M","?","M","$","M","R","?","?","T","?","?","?","M","$","R","BOSS","M","$","?","M","?","R","?","E"],"build_version":"2019-01-23","purchased_purges":1,"victory":false,"max_hp_per_floor":[70,70,70,70,70,70,70,70,70,70,70,70,70,70,70,70,75,75,75,75,75,75,75,75,75,75,75,75,75,75,75,75,75,75,75,75,75,75,75,75,75,75],"card_choices":[{"not_picked":["Prepared","Quick Slash"],"picked":"Backflip","floor":1},{"not_picked":["Well Laid Plans","Flying Knee"],"picked":"Cloak And Dagger","floor":3},{"not_picked":["Prepared","Deflect"],"picked":"Footwork","floor":4},{"not_picked":["Reflex","Caltrops"],"picked":"Noxious Fumes","floor":7},{"not_picked":["Backstab","Leg Sweep"],"picked":"Catalyst","floor":10},{"not_picked":["Flying Knee","Quick Slash","Dagger Spray"],"picked":"SKIP","floor":12},{"not_picked":["Doppelganger","Die Die Die"],"picked":"A Thousand Cuts","floor":16},{"not_picked":["Skewer","Bane"],"picked":"Blade Dance","floor":17},{"not_picked":["Acrobatics","Slice","Distraction"],"picked":"SKIP","floor":18},{"not_picked":["Quick Slash","Poisoned Stab+1"],"picked":"Backstab","floor":20},{"not_picked":["Underhanded Strike","Deflect","Cloak And Dagger"],"picked":"SKIP","floor":22},{"not_picked":["Eviscerate","Skewer","Cloak And Dagger"],"picked":"SKIP","floor":25},{"not_picked":["Poisoned Stab","Outmaneuver"],"picked":"Footwork","floor":30},{"not_picked":["Glass Knife","Tools of the Trade"],"picked":"A Thousand Cuts","floor":33},{"not_picked":[],"picked":"Caltrops","floor":35},{"not_picked":["Flying Knee+1"],"picked":"SKIP","floor":38},{"not_picked":[],"picked":"Escape Plan","floor":41}],"player_experience":636252,"relics_obtained":[{"floor":9,"key":"Ninja Scroll"},{"floor":26,"key":"Blood Vial"},{"floor":28,"key":"Matryoshka"},{"floor":39,"key":"The Courier"},{"floor":39,"key":"Snake Skull"}],"event_choices":[{"cards_removed":["Strike_G"],"damage_healed":0,"gold_gain":0,"player_choice":"Purged","damage_taken":0,"max_hp_gain":0,"max_hp_loss":0,"event_name":"Purifier","floor":2,"gold_loss":0},{"cards_removed":["Strike_G"],"damage_healed":0,"gold_gain":0,"player_choice":"Forget","damage_taken":0,"max_hp_gain":0,"max_hp_loss":0,"event_name":"Living Wall","floor":14,"gold_loss":0},{"damage_healed":0,"gold_gain":99,"player_choice":"Stole From Cult","damage_taken":0,"max_hp_gain":0,"max_hp_loss":0,"event_name":"Nest","floor":19,"gold_loss":0},{"damage_healed":0,"gold_gain":0,"player_choice":"3 cards matched","damage_taken":0,"max_hp_gain":0,"max_hp_loss":0,"event_name":"Match and Keep!","floor":24,"gold_loss":0,"cards_obtained":["Bullet Time","Injury","Madness"]},{"damage_healed":0,"gold_gain":0,"player_choice":"Ignored","damage_taken":0,"max_hp_gain":0,"max_hp_loss":0,"event_name":"Vampires","floor":27,"gold_loss":0},{"damage_healed":0,"gold_gain":0,"player_choice":"Opened","damage_taken":0,"relics_obtained":["Peace Pipe"],"max_hp_gain":0,"max_hp_loss":0,"event_name":"The Mausoleum","floor":29,"gold_loss":0,"cards_obtained":["Writhe"]},{"damage_healed":0,"gold_gain":0,"player_choice":"Ignored","damage_taken":0,"max_hp_gain":0,"max_hp_loss":0,"event_name":"Mysterious Sphere","floor":37,"gold_loss":0}],"is_beta":false,"boss_relics":[{"not_picked":["HoveringKite","Eternal Feather"],"picked":"Tiny House"},{"not_picked":["Runic Dome","Velvet Choker"],"picked":"Busted Crown"}],"items_purged_floors":[31],"is_endless":false,"potions_floor_spawned":[1,4,7,20,25,35,38,41],"killed_by":"Nemesis","ascension_level":13}