{"gold_per_floor":[363,23,0,0,11,11,45,45,45,70,87,105,105,123,123,196,196,210,210,210,180,194,194,227,227,227,227,239,269,283,283,283,283],"floor_reached":33,"playtime":2461,"items_purged":[],"score":575,"play_id":"c1c42956-c740-4b78-850a-c11c57c7d855","local_time":"20190606125654","is_ascension_mode":true,"campfire_choices":[{"data":"Bash","floor":6.0,"key":"SMITH"},{"data":"Clothesline","floor":8.0,"key":"SMITH"},{"data":"Armaments","floor":13,"key":"SMITH"},{"data":"Immolate","floor":15,"key":"SMITH"},{"data":"Juggernaut","floor":23,"key":"SMITH"},{"data":"Battle Trance","floor":25,"key":"SMITH"},{"floor":27,"key":"REST"},{"floor":32,"key":"REST"}],"neow_cost":"TEN_PERCENT_HP_LOSS","seed_source_timestamp":1876624497704137,"circlet_count":0,"master_deck":["AscendersBane","Strike_R+1","Strike_R+1","Strike_R+1","Strike_R+1","Defend_R+1","Defend_R+1","Defend_R+1","Defend_R+1","Bash+1","Iron Wave","Clothesline+1","Battle Trance+1","Impervious","Immolate+1","Shrug It Off","Armaments+1","Flame Barrier","Juggernaut+1","Shrug It Off","Rampage","Shockwave","Corruption+1"],"special_seed":0,"relics":["Burning Blood","Singing Bowl","Pen Nib","Mummified Hand","Self Forming Clay","Sozu","Frozen Egg 2","Juzu Bracelet","Smiling Mask","Bronze Scales"],"potions_floor_usage":[10,16,16,29],"damage_taken":[{"damage":0.0,"enemies":"Small Slimes","floor":1.0,"turns":3.0},{"damage":2.0,"enemies":"Cultist","floor":5.0,"turns":4.0},{"damage":37.0,"enemies":"Lagavulin","floor":7.0,"turns":7.0},{"damage":6,"enemies":"Gremlin Nob","floor":10,"turns":4},{"damage":0,"enemies":"Jaw Worm","floor":11,"turns":3},{"damage":13,"enemies":"Exordium Thugs","floor":12,"turns":6},{"damage":0,"enemies":"Lots of Slimes","floor":14,"turns":1},{"damage":13,"enemies":"Slime Boss","floor":16,"turns":8},{"damage":6,"enemies":"3 Byrds","floor":18,"turns":4},{"damage":6,"enemies":"2 Thieves","floor":21,"turns":4},{"damage":10,"enemies":"Snecko","floor":22,"turns":5},{"damage":38,"enemies":"Book of Stabbing","floor":24,"turns":5},{"damage":0,"enemies":"Chosen and Byrds","floor":28,"turns":3},{"damage":42,"enemies":"Slavers","floor":29,"turns":5},{"damage":6,"enemies":"3 Cultists","floor":30,"turns":4},{"damage":49,"enemies":"Automaton","floor":33,"turns":10}],"seed_played":"-7305036977526503228","potions_obtained":[{"floor":5.0,"key":"Strength Potion"},{"floor":7.0,"key":"Fire Potion"},{"floor":11,"key":"Poison Potion"},{"floor":16,"key":"LiquidBronze"}],"is_trial":false,"path_per_floor":["M","$","?","?","M","R","E","R","T","E","M","M","R","M","R","B",null,"M","?","T","M","M","R","E","R","T","R","M","E","M","?","R","B"],"character_chosen":"IRONCLAD","items_purchased":["Clothesline","Singing Bowl"],"campfire_rested":2,"item_purchase_floors":[2,2],"current_hp_per_floor":[68,68,68,68,68,68,37,37,37,37,43,36,36,42,42,35,60,60,60,60,62,60,60,30,30,30,52,58,22,24,24,46,0],"gold":283,"neow_bonus":"TWO_FIFTY_GOLD","is_prod":false,"is_daily":false,"chose_seed":false,"campfire_upgraded":6,"win_rate":0,"timestamp":1559818614,"path_taken":["M","$","?","?","?","R","E","R","T","E","M","M","R","?","R","BOSS","M","?","?","?","M","R","E","R","T","R","M","E","M","?","R","BOSS"],"build_version":"2019-01-23","purchased_purges":0,"victory":false,"max_hp_per_floor":[68,68,68,68,68,68,68,68,68,68,68,68,68,68,68,68,68,68,68,68,70,72,72,74,74,74,74,74,74,76,76,76,76],"card_choices":[{"not_picked":["Havoc","Warcry"],"picked":"Iron Wave","floor":1.0},{"not_picked":["Cleave","Iron Wave"],"picked":"Battle Trance","floor":5.0},{"not_picked":["True Grit","Clash"],"picked":"Impervious","floor":7.0},{"not_picked":["Metallicize","Cleave"],"picked":"Immolate","floor":10},{"not_picked":["Armaments","Perfected Strike"],"picked":"Shrug It Off","floor":11},{"not_picked":["Iron Wave","True Grit"],"picked":"Armaments","floor":12},{"not_picked":["Uppercut","Seeing Red"],"picked":"Flame Barrier","floor":14},{"not_picked":["Berserk","Bludgeon"],"picked":"Juggernaut","floor":16},{"not_picked":["Fire Breathing","Havoc"],"picked":"Shrug It Off","floor":18},{"not_picked":["Armaments","Bloodletting+1","Heavy Blade"],"picked":"Singing Bowl","floor":21},{"not_picked":["Bloodletting","Iron Wave","Clothesline"],"picked":"Singing Bowl","floor":22},{"not_picked":["Clothesline","Power Through","Anger"],"picked":"Singing Bowl","floor":24},{"not_picked":["Pommel Strike","Flex"],"picked":"Shockwave","floor":28},{"not_picked":["Battle Trance","Evolve+1"],"picked":"Corruption+1","floor":29},{"not_picked":["Warcry+1","Evolve+1","True Grit"],"picked":"Singing Bowl","floor":30}],"player_experience":819282,"relics_obtained":[{"floor":7.0,"key":"Pen Nib"},{"floor":9.0,"key":"Mummified Hand"},{"floor":10,"key":"Self Forming Clay"},{"floor":20,"key":"Frozen Egg 2"},{"floor":24,"key":"Juzu Bracelet"},{"floor":26,"key":"Smiling Mask"},{"floor":29,"key":"Bronze Scales"}],"event_choices":[{"damage_healed":0.0,"max_hp_gain":0.0,"max_hp_loss":0.0,"gold_gain":0.0,"event_name":"World of Goop","player_choice":"Left Gold","floor":3.0,"gold_loss":23.0,"damage_taken":0.0},{"cards_removed":["Strike_R"],"damage_healed":0.0,"max_hp_gain":0.0,"max_hp_loss":0.0,"gold_gain":0.0,"event_name":"Purifier","player_choice":"Purged","floor":4.0,"gold_loss":0.0,"damage_taken":0.0},{"damage_healed":0,"gold_gain":0,"player_choice":"Read","damage_taken":0,"max_hp_gain":0,"max_hp_loss":0,"event_name":"The Library","floor":19,"gold_loss":0,"cards_obtained":["Rampage"]},{"damage_healed":0,"gold_gain":0,"player_choice":"Simplicity","damage_taken":0,"max_hp_gain":0,"max_hp_loss":0,"event_name":"Back to Basics","floor":31,"gold_loss":0,"cards_upgraded":["Strike_R","Strike_R","Strike_R","Strike_R","Defend_R","Defend_R","Defend_R","Defend_R"]}],"is_beta":false,"boss_relics":[{"not_picked":["Ectoplasm","Eternal Feather"],"picked":"Sozu"}],"items_purged_floors":[],"is_endless":false,"potions_floor_spawned":[5,7,11,16,18,24],"killed_by":"Automaton","ascension_level":19}