{"gold_per_floor":[112,131,21,21,21,21,21,40,63,63],"floor_reached":10,"playtime":130,"items_purged":["Strike_G"],"score":81,"play_id":"64b18c0a-4265-4a94-a263-14ce8c75488d","local_time":"20190125183351","is_ascension_mode":true,"campfire_choices":[{"data":"Crippling Poison","floor":7,"key":"SMITH"}],"neow_cost":"NONE","seed_source_timestamp":1495576764128525,"circlet_count":0,"master_deck":["Defend_G","Defend_G","Defend_G","Defend_G","Defend_G","Strike_G","Strike_G","Strike_G","Survivor","Neutralize","Leg Sweep","Footwork+1","Crippling Poison+1"],"relics":["Ring of the Snake","NeowsBlessing","Omamori"],"potions_floor_usage":[],"damage_taken":[{"damage":0,"enemies":"Small Slimes","floor":1,"turns":1},{"damage":0,"enemies":"Jaw Worm","floor":2,"turns":1},{"damage":0,"enemies":"2 Louse","floor":8,"turns":1},{"damage":61,"enemies":"Gremlin Nob","floor":10,"turns":7}],"seed_played":"-474612745031818721","potions_obtained":[],"is_trial":false,"path_per_floor":["M","M","$","?","?","?","R","M","T","E"],"character_chosen":"THE_SILENT","items_purchased":["Crippling Poison"],"campfire_rested":0,"item_purchase_floors":[3],"current_hp_per_floor":[63,63,63,56,56,56,56,56,56,0],"gold":63,"neow_bonus":"THREE_ENEMY_KILL","is_prod":false,"is_daily":false,"chose_seed":false,"campfire_upgraded":1,"win_rate":0,"timestamp":1548470031,"path_taken":["M","M","$","?","?","?","R","?","T","E"],"build_version":"2019-01-23","purchased_purges":1,"victory":false,"max_hp_per_floor":[70,70,70,70,70,70,70,70,70,70],"card_choices":[{"not_picked":["Flying Knee","Sucker Punch"],"picked":"Leg Sweep","floor":1},{"not_picked":["Acrobatics","Deflect"],"picked":"Footwork","floor":2},{"not_picked":["Cloak And Dagger","Choke","Bane"],"picked":"SKIP","floor":8}],"player_experience":397965,"relics_obtained":[{"floor":9,"key":"Omamori"}],"event_choices":[{"cards_removed":["Strike_G"],"damage_healed":0,"gold_gain":0,"player_choice":"Card Removal","damage_taken":7,"max_hp_gain":0,"max_hp_loss":0,"event_name":"Golden Wing","floor":4,"gold_loss":0},{"damage_healed":0,"gold_gain":0,"player_choice":"Leave","damage_taken":0,"max_hp_gain":0,"max_hp_loss":0,"event_name":"The Cleric","floor":5,"gold_loss":0},{"damage_healed":0,"gold_gain":0,"player_choice":"Upgraded","damage_taken":0,"max_hp_gain":0,"max_hp_loss":0,"event_name":"Upgrade Shrine","floor":6,"gold_loss":0,"cards_upgraded":["Footwork"]}],"is_beta":false,"boss_relics":[],"items_purged_floors":[3],"is_endless":false,"potions_floor_spawned":[],"killed_by":"Gremlin Nob","ascension_level":9}