{"gold_per_floor":[110,110,110,110,6,6,38,38,90,100,100,110,129,95,95,199,199,212,5,25,45,58,58,70,70,70,70,70,70,70,33,33,129,129,148,148,63,63,81,81,107,107,131,131,131],"floor_reached":45,"playtime":2882,"items_purged":[],"score":487,"play_id":"1696391f-478b-4473-bcf6-9e0abf25304f","local_time":"20190616135824","is_ascension_mode":false,"campfire_choices":[{"data":"Survivor","floor":6,"key":"SMITH"},{"data":"Dagger Spray","floor":8,"key":"SMITH"},{"data":"Neutralize","floor":11,"key":"SMITH"},{"data":"Finisher","floor":15,"key":"SMITH"},{"data":"Apotheosis","floor":23,"key":"SMITH"},{"data":"Dash","floor":25,"key":"SMITH"},{"data":"Crippling Poison","floor":27,"key":"SMITH"},{"data":"Dagger Spray","floor":32,"key":"SMITH"},{"data":"Backstab","floor":40,"key":"SMITH"},{"data":"Predator","floor":42,"key":"SMITH"},{"data":"PiercingWail","floor":44,"key":"SMITH"}],"neow_cost":"NONE","seed_source_timestamp":4029533858400,"circlet_count":0,"master_deck":["Defend_G+1","Defend_G+1","Defend_G+1","Defend_G+1","Defend_G+1","Survivor+1","Neutralize+1","Poisoned Stab+1","Crippling Poison+1","Prepared","Dagger Spray+1","PiercingWail+1","Finisher+1","Escape Plan","Burst","Deflect","Apotheosis+1","Dash+1","Blade Dance","Heel Hook","Dagger Spray+1","Bouncing Flask+1","Bite","Bite","Bite","Bite","Bite","Terror","Unload","Flechettes","Predator+1","Backflip","Terror","Backstab+1","Underhanded Strike+1"],"relics":["Coffee Dripper","Bag of Preparation","Omamori","Lizard Tail","Letter Opener","Nilry\u0027s Codex","Black Star","Mercury Hourglass","Molten Egg 2","Smiling Mask"],"potions_floor_usage":[7,18,21,33,41],"damage_taken":[{"damage":0,"enemies":"2 Louse","floor":1,"turns":2},{"damage":6,"enemies":"Lagavulin","floor":7,"turns":8},{"damage":0,"enemies":"Small Slimes","floor":10,"turns":2},{"damage":0,"enemies":"Jaw Worm","floor":12,"turns":3},{"damage":4,"enemies":"2 Fungi Beasts","floor":13,"turns":3},{"damage":21,"enemies":"The Guardian","floor":16,"turns":11},{"damage":0,"enemies":"3 Byrds","floor":18,"turns":5},{"damage":3,"enemies":"Shell Parasite","floor":20,"turns":6},{"damage":10,"enemies":"3 Cultists","floor":21,"turns":5},{"damage":3,"enemies":"Snake Plant","floor":22,"turns":5},{"damage":3,"enemies":"Shelled Parasite and Fungi","floor":24,"turns":5},{"damage":37,"enemies":"Automaton","floor":33,"turns":9},{"damage":20,"enemies":"3 Shapes","floor":35,"turns":2},{"damage":0,"enemies":"3 Darklings","floor":39,"turns":5},{"damage":62,"enemies":"Giant Head","floor":41,"turns":10},{"damage":21,"enemies":"Jaw Worm Horde","floor":45,"turns":4}],"seed_played":"6322517310510339820","potions_obtained":[{"floor":1,"key":"SkillPotion"},{"floor":10,"key":"SteroidPotion"},{"floor":16,"key":"EssenceOfSteel"},{"floor":20,"key":"Fire Potion"},{"floor":39,"key":"AttackPotion"}],"is_trial":false,"path_per_floor":["M","?","?","?","$","R","E","R","T","M","R","M","M","?","R","B",null,"M","$","M","M","M","R","M","R","T","R","?","?","?","$","R","B",null,"M","?","$","?","M","R","E","R","T","R","M"],"character_chosen":"THE_SILENT","items_purchased":["Crippling Poison","Prepared","Apotheosis","Dash","Terror","Predator","Backflip"],"campfire_rested":0,"item_purchase_floors":[5,5,19,19,31,37,37],"current_hp_per_floor":[70,70,63,63,63,63,57,57,57,57,57,57,53,53,53,32,70,70,70,67,57,54,54,51,51,51,51,49,49,33,33,33,13,49,29,29,29,29,31,31,14,14,14,14,0],"gold":131,"neow_bonus":"BOSS_RELIC","is_prod":false,"is_daily":false,"chose_seed":false,"campfire_upgraded":11,"win_rate":0.0,"timestamp":1560689904,"path_taken":["M","?","?","?","$","R","E","R","T","M","R","M","M","?","R","BOSS","M","$","M","M","M","R","M","R","T","R","?","?","?","?","R","BOSS","M","?","$","?","M","R","E","R","T","R","?"],"build_version":"2019-01-23","purchased_purges":0,"victory":false,"max_hp_per_floor":[70,70,70,70,70,70,70,70,70,70,70,70,70,70,70,70,70,70,70,70,70,70,70,70,70,70,70,49,49,49,49,49,49,49,49,49,49,49,49,49,49,49,49,49,49],"card_choices":[{"not_picked":["Accuracy","Cloak And Dagger"],"picked":"Poisoned Stab","floor":1},{"not_picked":["Unload","Night Terror"],"picked":"Dagger Spray","floor":7},{"not_picked":["Finisher","Dodge and Roll"],"picked":"PiercingWail","floor":10},{"not_picked":["Calculated Gamble","Acrobatics"],"picked":"Finisher","floor":12},{"not_picked":["Reflex","Choke"],"picked":"Escape Plan","floor":13},{"not_picked":["Bullet Time","Night Terror"],"picked":"Burst","floor":16},{"not_picked":["Well Laid Plans","Flying Knee"],"picked":"Deflect","floor":18},{"not_picked":["Dagger Spray","Backflip"],"picked":"Blade Dance","floor":20},{"not_picked":["Acrobatics","Backflip"],"picked":"Heel Hook","floor":21},{"not_picked":["Masterful Stab","Heel Hook"],"picked":"Dagger Spray","floor":22},{"not_picked":["Dodge and Roll","Acrobatics"],"picked":"Bouncing Flask+1","floor":24},{"not_picked":["A Thousand Cuts","Doppelganger"],"picked":"Unload","floor":33},{"not_picked":["Flying Knee+1","Eviscerate"],"picked":"Flechettes","floor":35},{"not_picked":["Dagger Spray+1","Poisoned Stab"],"picked":"Backstab","floor":39},{"not_picked":["Envenom","Footwork"],"picked":"Underhanded Strike","floor":41}],"player_experience":56128,"relics_obtained":[{"floor":7,"key":"Bag of Preparation"},{"floor":9,"key":"Omamori"},{"floor":26,"key":"Letter Opener"},{"floor":30,"key":"Nilry\u0027s Codex"},{"floor":41,"key":"Mercury Hourglass"},{"floor":41,"key":"Molten Egg 2"},{"floor":43,"key":"Smiling Mask"}],"event_choices":[{"damage_healed":0,"gold_gain":0,"player_choice":"Ignored","damage_taken":0,"max_hp_gain":0,"max_hp_loss":0,"event_name":"Shining Light","floor":2,"gold_loss":0},{"cards_removed":["Strike_G"],"damage_healed":0,"gold_gain":0,"player_choice":"Card Removal","damage_taken":7,"max_hp_gain":0,"max_hp_loss":0,"event_name":"Golden Wing","floor":3,"gold_loss":0},{"damage_healed":0,"gold_gain":0,"player_choice":"Grow","damage_taken":0,"max_hp_gain":0,"max_hp_loss":0,"event_name":"Living Wall","floor":4,"gold_loss":0,"cards_upgraded":["Poisoned Stab"]},{"damage_healed":0,"gold_gain":0,"player_choice":"Left Gold","damage_taken":0,"max_hp_gain":0,"max_hp_loss":0,"event_name":"World of Goop","floor":14,"gold_loss":34},{"damage_healed":0,"gold_gain":0,"player_choice":"Became a vampire","damage_taken":0,"max_hp_gain":0,"max_hp_loss":21,"event_name":"Vampires","floor":28,"gold_loss":0,"cards_obtained":["Bite","Bite","Bite","Bite","Bite"]},{"damage_healed":0,"gold_gain":0,"player_choice":"Simplicity","damage_taken":0,"max_hp_gain":0,"max_hp_loss":0,"event_name":"Back to Basics","floor":29,"gold_loss":0,"cards_upgraded":["Defend_G","Defend_G","Defend_G","Defend_G","Defend_G"]},{"damage_healed":0,"gold_gain":0,"player_choice":"Obtained Book","damage_taken":16,"max_hp_gain":0,"max_hp_loss":0,"event_name":"Cursed Tome","floor":30,"gold_loss":0},{"damage_healed":0,"gold_gain":0,"player_choice":"Ignored","damage_taken":0,"max_hp_gain":0,"max_hp_loss":0,"event_name":"Mysterious Sphere","floor":36,"gold_loss":0},{"damage_healed":0,"gold_gain":0,"player_choice":"Copied","damage_taken":0,"max_hp_gain":0,"max_hp_loss":0,"event_name":"Duplicator","floor":38,"gold_loss":0,"cards_obtained":["Terror"]}],"is_beta":false,"boss_relics":[{"not_picked":["Snecko Eye","WristBlade"],"picked":"Lizard Tail"},{"not_picked":["Sozu","Calling Bell"],"picked":"Black Star"}],"items_purged_floors":[],"is_endless":false,"potions_floor_spawned":[1,10,16,20,39],"killed_by":"Jaw Worm Horde","ascension_level":0}