{"gold_per_floor":[114,114,129,76,91,91,37,52,52,101,131,131,146,161,161,261,261,276,191,63,463,478,478,493,493,518,548,548,548,563,263,263,363,363,378,393,193,193,208,208,208],"floor_reached":41,"playtime":2596,"items_purged":["Consume"],"score":486,"play_id":"99b59d8f-a960-4388-8f95-28f63208d4a0","local_time":"20190523004433","daily_mods":["Draft","Blue Cards","Terminal"],"is_ascension_mode":false,"campfire_choices":[{"data":"Inflame","floor":6,"key":"SMITH"},{"data":"Genetic Algorithm","floor":12,"key":"SMITH"},{"data":"Heavy Blade","floor":15,"key":"SMITH"},{"data":"Limit Break","floor":23,"key":"SMITH"},{"data":"Flame Barrier","floor":25,"key":"SMITH"},{"data":"Sweeping Beam","floor":28,"key":"SMITH"},{"data":"Conserve Battery","floor":32,"key":"SMITH"},{"data":"Demon Form","floor":40,"key":"SMITH"}],"neow_cost":"","seed_source_timestamp":0,"circlet_count":0,"master_deck":["Rebound","Shrug It Off","Sweeping Beam+1","Twin Strike","Inflame+1","Ghostly Armor","Hologram","Flex","Heavy Blade+1","Bloodletting","Thunderclap","Power Through+1","Coolheaded","White Noise","White Noise","Genetic Algorithm+1","Leap","Conserve Battery+1","Self Repair","Aggregate","Armaments+1","Limit Break+1","Flame Barrier+1","Go for the Eyes+1","RitualDagger+1","Demon Form+1","Writhe","Regret","Pain","Exhume"],"special_seed":18039,"relics":["Burning Blood","PreservedInsect","Blue Candle","Dodecahedron","Molten Egg 2","Sozu","Ice Cream","Old Coin","Letter Opener","War Paint","Juzu Bracelet","Strawberry","Bag of Preparation","Calling Bell","Omamori","Sundial","Ginger","Lee\u0027s Waffle"],"potions_floor_usage":[21,33,33],"damage_taken":[{"damage":0,"enemies":"Jaw Worm","floor":1,"turns":3},{"damage":3,"enemies":"Cultist","floor":3,"turns":3},{"damage":0,"enemies":"2 Louse","floor":5,"turns":3},{"damage":3,"enemies":"2 Fungi Beasts","floor":8,"turns":3},{"damage":3,"enemies":"3 Sentries","floor":10,"turns":6},{"damage":1,"enemies":"3 Sentries","floor":11,"turns":4},{"damage":7,"enemies":"Large Slime","floor":13,"turns":4},{"damage":3,"enemies":"Blue Slaver","floor":14,"turns":3},{"damage":48,"enemies":"Hexaghost","floor":16,"turns":13},{"damage":0,"enemies":"Shell Parasite","floor":18,"turns":4},{"damage":14,"enemies":"Colosseum Slavers","floor":21,"turns":4},{"damage":8,"enemies":"Colosseum Nobs","floor":21,"turns":4},{"damage":7,"enemies":"2 Thieves","floor":22,"turns":4},{"damage":0,"enemies":"Centurion and Healer","floor":24,"turns":3},{"damage":0,"enemies":"Book of Stabbing","floor":27,"turns":4},{"damage":0,"enemies":"Snake Plant","floor":30,"turns":5},{"damage":20,"enemies":"Automaton","floor":33,"turns":8},{"damage":8,"enemies":"Orb Walker","floor":35,"turns":4},{"damage":5,"enemies":"3 Darklings","floor":36,"turns":6},{"damage":14,"enemies":"Sphere and 2 Shapes","floor":39,"turns":4},{"damage":63,"enemies":"Nemesis","floor":41,"turns":5}],"seed_played":"-1599869473394492483","potions_obtained":[{"floor":8,"key":"Weak Potion"},{"floor":10,"key":"Swift Potion"},{"floor":14,"key":"EssenceOfSteel"}],"is_trial":false,"path_per_floor":["M","?","M","$","M","R","$","M","T","?","E","R","M","M","R","B",null,"M","?","$","?","M","R","M","R","T","E","R","?","M","$","R","B",null,"M","M","$","?","M","R","E"],"character_chosen":"IRONCLAD","items_purchased":["Leap","Conserve Battery","Go for the Eyes+1","Strawberry","Bag of Preparation","Lee\u0027s Waffle"],"campfire_rested":0,"item_purchase_floors":[4,7,20,31,31,37],"current_hp_per_floor":[78,77,76,75,74,73,72,71,70,69,68,67,66,65,64,29,62,61,60,59,58,57,56,55,54,53,52,51,45,49,55,54,40,52,51,50,56,55,47,47,0],"gold":208,"neow_bonus":"","is_prod":false,"is_daily":true,"chose_seed":false,"campfire_upgraded":8,"win_rate":0,"timestamp":1558597473,"path_taken":["M","?","M","?","M","R","$","M","T","?","E","R","M","M","R","BOSS","M","?","$","?","M","R","M","R","T","E","R","?","M","?","R","BOSS","M","M","$","?","M","R","E"],"build_version":"2019-01-23","purchased_purges":1,"victory":false,"max_hp_per_floor":[78,77,76,75,74,73,72,71,70,69,68,67,66,65,64,63,62,61,60,59,58,57,56,55,54,53,52,51,50,49,55,54,53,52,51,50,56,55,54,53,53],"card_choices":[{"not_picked":["True Grit","Perfected Strike"],"picked":"Consume","floor":0},{"not_picked":["Havoc","Chaos"],"picked":"Rebound","floor":0},{"not_picked":["Beam Cell","Cleave"],"picked":"Shrug It Off","floor":0},{"not_picked":["Melter","Clash"],"picked":"Sweeping Beam","floor":0},{"not_picked":["Rampage","Sever Soul"],"picked":"Twin Strike","floor":0},{"not_picked":["Sweeping Beam","White Noise"],"picked":"Inflame","floor":0},{"not_picked":["Recycle","Headbutt"],"picked":"Ghostly Armor","floor":0},{"not_picked":["Streamline","Clash"],"picked":"Hologram","floor":0},{"not_picked":["Fire Breathing","Body Slam"],"picked":"Flex","floor":0},{"not_picked":["Compile Driver","Melter"],"picked":"Heavy Blade","floor":0},{"not_picked":["Power Through","Sunder"],"picked":"Bloodletting","floor":0},{"not_picked":["Flex","Pummel"],"picked":"Thunderclap","floor":0},{"not_picked":["Leap","Steam"],"picked":"Power Through","floor":0},{"not_picked":["Iron Wave","Cleave"],"picked":"Coolheaded","floor":0},{"not_picked":["Flex","Streamline"],"picked":"White Noise","floor":0},{"not_picked":["Defragment","Loop"],"picked":"White Noise","floor":1},{"not_picked":["Cleave","Seeing Red"],"picked":"Genetic Algorithm","floor":3},{"not_picked":["Beam Cell","Compile Driver","Steam"],"picked":"SKIP","floor":5},{"not_picked":["Doom and Gloom","Entrench","Ball Lightning"],"picked":"SKIP","floor":8},{"not_picked":["Brutality","Feel No Pain"],"picked":"Self Repair","floor":11},{"not_picked":["Beam Cell+1","Redo"],"picked":"Aggregate","floor":13},{"not_picked":["Perfected Strike+1","Flex"],"picked":"Armaments","floor":14},{"not_picked":["Amplify","Creative AI"],"picked":"Limit Break","floor":16},{"not_picked":["Havoc","Metallicize"],"picked":"Flame Barrier","floor":18},{"not_picked":["Loop+1","Sentinel","Gash+1"],"picked":"SKIP","floor":22},{"not_picked":["Beam Cell+1","Iron Wave+1","True Grit"],"picked":"SKIP","floor":24},{"not_picked":["Cold Snap+1","Leap","Creative AI"],"picked":"SKIP","floor":27},{"not_picked":["Hologram","True Grit","Havoc"],"picked":"SKIP","floor":30},{"not_picked":["Limit Break","Meteor Strike+1"],"picked":"Demon Form","floor":33},{"not_picked":["Anger+1","Coolheaded+1","Sweeping Beam+1"],"picked":"SKIP","floor":35},{"not_picked":["Steam Power+1","Gash+1","Dropkick+1"],"picked":"SKIP","floor":36},{"not_picked":["Sword Boomerang+1","Multi-Cast","Steam+1"],"picked":"SKIP","floor":39}],"player_experience":601029,"relics_obtained":[{"floor":2,"key":"PreservedInsect"},{"floor":9,"key":"Blue Candle"},{"floor":10,"key":"Dodecahedron"},{"floor":11,"key":"Molten Egg 2"},{"floor":21,"key":"Old Coin"},{"floor":21,"key":"Letter Opener"},{"floor":26,"key":"War Paint"},{"floor":27,"key":"Juzu Bracelet"},{"floor":34,"key":"Omamori"},{"floor":34,"key":"Sundial"},{"floor":34,"key":"Ginger"}],"event_choices":[{"damage_healed":0,"gold_gain":0,"player_choice":"Relic","damage_taken":0,"max_hp_gain":0,"max_hp_loss":0,"event_name":"Wheel of Change","floor":2,"gold_loss":0},{"damage_healed":0,"gold_gain":30,"player_choice":"Searched \u00272\u0027 times","damage_taken":0,"max_hp_gain":0,"max_hp_loss":0,"event_name":"Dead Adventurer","floor":10,"gold_loss":0},{"damage_healed":0,"gold_gain":0,"player_choice":"Obtained Relic","damage_taken":0,"relics_obtained":["Ice Cream"],"max_hp_gain":0,"max_hp_loss":0,"event_name":"Addict","floor":19,"gold_loss":85},{"damage_healed":0,"gold_gain":0,"player_choice":"Fight","damage_taken":0,"max_hp_gain":0,"max_hp_loss":0,"event_name":"Colosseum","floor":21,"gold_loss":0},{"damage_healed":0,"gold_gain":0,"player_choice":"Fought Nobs","damage_taken":0,"max_hp_gain":0,"max_hp_loss":0,"event_name":"Colosseum","floor":21,"gold_loss":0},{"damage_healed":0,"gold_gain":0,"player_choice":"Joined the Cult","damage_taken":6,"max_hp_gain":0,"max_hp_loss":0,"event_name":"Nest","floor":29,"gold_loss":0,"cards_obtained":["RitualDagger"]},{"damage_healed":0,"gold_gain":0,"player_choice":"1 cards matched","damage_taken":0,"max_hp_gain":0,"max_hp_loss":0,"event_name":"Match and Keep!","floor":38,"gold_loss":0,"cards_obtained":["Exhume"]}],"is_beta":false,"boss_relics":[{"not_picked":["Coffee Dripper","Snecko Eye"],"picked":"Sozu"},{"not_picked":["Black Blood","Orrery"],"picked":"Calling Bell"}],"items_purged_floors":[20],"is_endless":false,"potions_floor_spawned":[8,10,14,18,27,33,36],"killed_by":"Nemesis","ascension_level":0}