{"gold_per_floor":[118,42,42,66,79,79,112,112,112,45,120,136,154,166,166,166],"floor_reached":16,"playtime":796,"items_purged":[],"score":144,"play_id":"c5fc2e69-2089-48f2-ad4a-08342778ec77","local_time":"20181222193644","is_ascension_mode":true,"campfire_choices":[{"data":"Footwork","floor":6,"key":"SMITH"},{"data":"Blade Dance","floor":8,"key":"SMITH"},{"data":"Accuracy","floor":15,"key":"SMITH"}],"neow_cost":"NONE","seed_source_timestamp":130338112881096,"circlet_count":0,"master_deck":["Defend_G","Defend_G","Defend_G","Defend_G","Defend_G","Strike_G","Strike_G","Strike_G","Strike_G","Strike_G","Survivor","Neutralize","Infinite Blades","Footwork+1","Escape Plan","Blade Dance+1","Endless Agony","Endless Agony","Accuracy+1"],"relics":["Ring of the Snake","NeowsBlessing","Letter Opener","Sundial"],"potions_floor_usage":[14,14],"damage_taken":[{"damage":0,"enemies":"Small Slimes","floor":1,"turns":1},{"damage":0,"enemies":"Jaw Worm","floor":5,"turns":1},{"damage":0,"enemies":"Lagavulin","floor":7,"turns":3},{"damage":7,"enemies":"2 Louse","floor":12,"turns":4},{"damage":0,"enemies":"Looter","floor":13,"turns":3},{"damage":10,"enemies":"Gremlin Gang","floor":14,"turns":4},{"damage":44,"enemies":"The Guardian","floor":16,"turns":13}],"seed_played":"-7619226324148485259","potions_obtained":[{"floor":1,"key":"Block Potion"},{"floor":12,"key":"LiquidBronze"},{"floor":14,"key":"Ancient Potion"}],"is_trial":false,"path_per_floor":["M","$","?","T","M","R","E","R","T","$","?","M","M","M","R","B"],"character_chosen":"THE_SILENT","items_purchased":["Footwork","Endless Agony"],"campfire_rested":0,"item_purchase_floors":[2,10],"current_hp_per_floor":[70,70,70,70,70,70,70,70,70,70,59,52,52,42,42,0],"gold":166,"neow_bonus":"THREE_ENEMY_KILL","is_prod":false,"is_daily":false,"chose_seed":false,"campfire_upgraded":3,"win_rate":0,"timestamp":1545536204,"path_taken":["M","$","?","?","M","R","E","R","T","$","?","M","M","?","R","BOSS"],"build_version":"2018-12-20","purchased_purges":0,"victory":false,"max_hp_per_floor":[70,70,70,70,70,70,70,70,70,70,70,70,70,70,70,70],"card_choices":[{"not_picked":["Reflex","Outmaneuver"],"picked":"Infinite Blades","floor":1},{"not_picked":["Bouncing Flask","Dagger Throw"],"picked":"Escape Plan","floor":5},{"not_picked":["Masterful Stab","Poisoned Stab"],"picked":"Blade Dance","floor":7},{"not_picked":["Bane","Prepared","PiercingWail"],"picked":"SKIP","floor":12},{"not_picked":["Underhanded Strike","All Out Attack"],"picked":"Endless Agony","floor":13},{"not_picked":["Heel Hook","Poisoned Stab"],"picked":"Accuracy","floor":14}],"player_experience":157417,"relics_obtained":[{"floor":7,"key":"Letter Opener"},{"floor":9,"key":"Sundial"}],"event_choices":[{"damage_healed":0,"gold_gain":0,"player_choice":"Ignored","damage_taken":0,"max_hp_gain":0,"max_hp_loss":0,"event_name":"Liars Game","floor":3,"gold_loss":0},{"damage_healed":0,"gold_gain":75,"player_choice":"Gather Gold","damage_taken":11,"max_hp_gain":0,"max_hp_loss":0,"event_name":"World of Goop","floor":11,"gold_loss":0}],"is_beta":false,"boss_relics":[],"items_purged_floors":[],"is_endless":false,"potions_floor_spawned":[1,12,14],"killed_by":"The Guardian","ascension_level":3}