{"gold_per_floor":[113,132,132,148,162,162,181,198,279,290,290,290,303,43,43,166,166,186,207,225,225,225],"floor_reached":22,"playtime":1669,"items_purged":[],"score":182,"play_id":"0647cbff-3c08-4cb1-b523-50e7d0fe9731","local_time":"20190616022447","is_ascension_mode":false,"campfire_choices":[{"floor":6,"key":"REST"},{"floor":11,"key":"REST"},{"floor":15,"key":"REST"}],"neow_cost":"NONE","seed_source_timestamp":44245884903000,"circlet_count":0,"master_deck":["Strike_B","Strike_B","Strike_B","Strike_B","Defend_B","Defend_B","Defend_B","Defend_B","Zap","Dualcast","Static Discharge","Go for the Eyes","Scrape","Capacitor","Sweeping Beam","Glacier","Redo","Beam Cell","Rebound","Mayhem","Stack","Electrodynamics","Blizzard","Aggregate","Streamline","Ball Lightning","Shame"],"relics":["Cracked Core","Boot","Mercury Hourglass","Golden Idol","Velvet Choker"],"potions_floor_usage":[5,16,16],"damage_taken":[{"damage":12,"enemies":"Small Slimes","floor":1,"turns":5},{"damage":2,"enemies":"2 Louse","floor":2,"turns":3},{"damage":7,"enemies":"Jaw Worm","floor":4,"turns":5},{"damage":7,"enemies":"Gremlin Gang","floor":5,"turns":5},{"damage":12,"enemies":"2 Fungi Beasts","floor":7,"turns":4},{"damage":12,"enemies":"Looter","floor":8,"turns":3},{"damage":11,"enemies":"Large Slime","floor":10,"turns":5},{"damage":12,"enemies":"Blue Slaver","floor":13,"turns":4},{"damage":43,"enemies":"The Guardian","floor":16,"turns":12},{"damage":20,"enemies":"Chosen","floor":18,"turns":5},{"damage":37,"enemies":"Shell Parasite","floor":19,"turns":7},{"damage":1,"enemies":"Snecko","floor":20,"turns":5},{"damage":17,"enemies":"Snake Plant","floor":22,"turns":3}],"seed_played":"-7259029592214912282","potions_obtained":[{"floor":1,"key":"SteroidPotion"},{"floor":4,"key":"Fire Potion"},{"floor":13,"key":"Swift Potion"},{"floor":19,"key":"Energy Potion"}],"is_trial":false,"path_per_floor":["M","M","?","M","M","R","M","M","T","M","R","?","M","$","R","B",null,"M","M","M","?","M"],"character_chosen":"DEFECT","items_purchased":["Rebound","Mayhem","Stack"],"campfire_rested":3,"item_purchase_floors":[14,14,14],"current_hp_per_floor":[63,61,66,59,52,76,64,52,52,41,65,65,53,53,74,31,74,54,17,16,16,0],"gold":225,"neow_bonus":"RANDOM_COMMON_RELIC","is_prod":false,"is_daily":false,"chose_seed":false,"campfire_upgraded":0,"win_rate":0.0,"timestamp":1560648287,"path_taken":["M","M","?","M","M","R","M","M","T","M","R","?","M","$","R","BOSS","M","M","M","?","?"],"build_version":"2019-01-23","purchased_purges":0,"victory":false,"max_hp_per_floor":[75,75,80,80,80,80,80,80,80,80,80,74,74,74,74,74,74,74,74,74,74,74],"card_choices":[{"not_picked":["FTL","Heatsinks"],"picked":"Static Discharge","floor":1},{"not_picked":["Chill","Barrage"],"picked":"Go for the Eyes","floor":2},{"not_picked":["Ball Lightning","Steam Power"],"picked":"Scrape","floor":4},{"not_picked":["Genetic Algorithm","Stack"],"picked":"Capacitor","floor":5},{"not_picked":["Leap","FTL"],"picked":"Sweeping Beam","floor":7},{"not_picked":["Streamline","Leap"],"picked":"Glacier","floor":8},{"not_picked":["Ball Lightning","Machine Learning"],"picked":"Redo","floor":10},{"not_picked":["Rebound","Capacitor"],"picked":"Beam Cell","floor":13},{"not_picked":["Reboot","Creative AI"],"picked":"Electrodynamics","floor":16},{"not_picked":["Hello World","Go for the Eyes"],"picked":"Blizzard","floor":18},{"not_picked":["Gash","Coolheaded"],"picked":"Aggregate","floor":19},{"not_picked":["Ball Lightning+1","Steam"],"picked":"Streamline","floor":20}],"player_experience":49010,"relics_obtained":[{"floor":9,"key":"Mercury Hourglass"}],"event_choices":[{"damage_healed":0,"gold_gain":0,"player_choice":"Donut","damage_taken":0,"max_hp_gain":5,"max_hp_loss":0,"event_name":"Big Fish","floor":3,"gold_loss":0},{"damage_healed":0,"gold_gain":0,"player_choice":"Lose Max HP","damage_taken":0,"relics_obtained":["Golden Idol"],"max_hp_gain":0,"max_hp_loss":6,"event_name":"Golden Idol","floor":12,"gold_loss":0},{"damage_healed":0,"gold_gain":0,"player_choice":"2 cards matched","damage_taken":0,"max_hp_gain":0,"max_hp_loss":0,"event_name":"Match and Keep!","floor":21,"gold_loss":0,"cards_obtained":["Ball Lightning","Shame"]}],"is_beta":false,"boss_relics":[{"not_picked":["Philosopher\u0027s Stone","Busted Crown"],"picked":"Velvet Choker"}],"items_purged_floors":[],"is_endless":false,"potions_floor_spawned":[1,4,13,19],"killed_by":"Snake Plant","ascension_level":0}