{"gold_per_floor":[116,131,145,145,115,115,131,131,131,19,349,368,381,409,409,482,482,495,495,178,178,190,190,190,190,213,224,49,60,60,160,160,235,235,247,263,112,112],"floor_reached":38,"playtime":1627,"items_purged":["Strike_G","Strike_G"],"score":634,"play_id":"9b042882-c01f-4dd8-80a2-50f5f7f8b8b8","local_time":"20190403203915","is_ascension_mode":true,"campfire_choices":[{"data":"Deadly Poison","floor":6,"key":"SMITH"},{"data":"Dash","floor":8,"key":"SMITH"},{"data":"Bouncing Flask","floor":15,"key":"SMITH"},{"floor":23,"key":"REST"},{"floor":25,"key":"REST"},{"floor":32,"key":"REST"}],"neow_cost":"NONE","seed_source_timestamp":1860877642778483,"circlet_count":0,"master_deck":["AscendersBane","Defend_G","Defend_G","Defend_G","Defend_G","Survivor","Neutralize","Dash+1","Blur","Deadly Poison+1","Footwork","Blur","Bouncing Flask+1","Blur","Dodge and Roll","Burst","Wraith Form v2+1","Infinite Blades+1","Skewer+1","Necronomicurse","Crippling Poison+1","Dash+1","Escape Plan+1","Phantasmal Killer+1","Footwork","Footwork","Terror+1"],"relics":["Ring of the Snake","Pen Nib","Shuriken","Old Coin","The Specimen","Astrolabe","Toxic Egg 2","Necronomicon","Happy Flower","Eternal Feather"],"potions_floor_usage":[11,14,16,24,33,36],"damage_taken":[{"damage":3,"enemies":"Cultist","floor":1,"turns":4},{"damage":3,"enemies":"Small Slimes","floor":2,"turns":4},{"damage":2,"enemies":"Jaw Worm","floor":3,"turns":4},{"damage":0,"enemies":"Looter","floor":5,"turns":4},{"damage":1,"enemies":"Exordium Wildlife","floor":7,"turns":5},{"damage":9,"enemies":"Lagavulin","floor":11,"turns":9},{"damage":0,"enemies":"2 Fungi Beasts","floor":12,"turns":4},{"damage":0,"enemies":"3 Louse","floor":13,"turns":3},{"damage":20,"enemies":"Gremlin Nob","floor":14,"turns":5},{"damage":39,"enemies":"Slime Boss","floor":16,"turns":15},{"damage":0,"enemies":"Spheric Guardian","floor":18,"turns":3},{"damage":11,"enemies":"Shell Parasite","floor":22,"turns":6},{"damage":28,"enemies":"Colosseum Slavers","floor":24,"turns":4},{"damage":5,"enemies":"Centurion and Healer","floor":27,"turns":6},{"damage":14,"enemies":"Snake Plant","floor":29,"turns":5},{"damage":7,"enemies":"Automaton","floor":33,"turns":8},{"damage":19,"enemies":"3 Darklings","floor":35,"turns":5},{"damage":20,"enemies":"3 Shapes","floor":36,"turns":5},{"damage":24,"enemies":"3 Darklings","floor":38,"turns":2}],"seed_played":"-1645272128220030167","potions_obtained":[{"floor":1,"key":"Weak Potion"},{"floor":3,"key":"GhostInAJar"},{"floor":11,"key":"EssenceOfSteel"},{"floor":14,"key":"FairyPotion"},{"floor":18,"key":"SpeedPotion"},{"floor":29,"key":"Dexterity Potion"},{"floor":33,"key":"FearPotion"},{"floor":35,"key":"Weak Potion"},{"floor":36,"key":"GhostInAJar"}],"is_trial":false,"path_per_floor":["M","M","M","?","M","R","M","R","T","$","E","M","M","E","R","B",null,"M","?","$","?","M","R","?","R","T","M","$","M","?","?","R","B",null,"M","M","$","M"],"character_chosen":"THE_SILENT","items_purchased":["Footwork","Blur","Toxic Egg 2","Escape Plan+1","Footwork","Terror+1"],"campfire_rested":3,"item_purchase_floors":[10,10,20,28,37,37],"current_hp_per_floor":[60,57,55,55,55,55,54,54,54,54,45,45,45,25,25,7,54,54,41,41,25,14,36,8,30,30,25,25,11,11,11,33,26,63,44,24,24,0],"gold":112,"neow_bonus":"RANDOM_COMMON_RELIC","is_prod":false,"is_daily":false,"chose_seed":false,"campfire_upgraded":3,"win_rate":0,"timestamp":1554349155,"path_taken":["M","M","?","?","M","R","?","R","T","$","E","M","M","E","R","BOSS","M","?","$","?","?","R","?","R","T","M","$","M","?","?","R","BOSS","M","M","$","?"],"build_version":"2019-01-23","purchased_purges":2,"victory":false,"max_hp_per_floor":[70,70,70,70,70,70,70,70,70,70,70,70,70,70,70,70,70,70,75,75,75,75,75,75,75,75,75,75,75,75,75,75,75,75,75,75,75,75],"card_choices":[{"not_picked":["Terror","Deadly Poison"],"picked":"Dash","floor":1},{"not_picked":["Finisher","PiercingWail","Eviscerate"],"picked":"SKIP","floor":2},{"not_picked":["Deadly Poison","Backflip"],"picked":"Blur","floor":3},{"not_picked":["Expertise","Dagger Spray"],"picked":"Deadly Poison","floor":5},{"not_picked":["Blade Dance","Eviscerate","Dagger Throw"],"picked":"SKIP","floor":7},{"not_picked":["Blade Dance","Eviscerate","Dagger Throw"],"picked":"SKIP","floor":7},{"not_picked":["Flying Knee","Concentrate"],"picked":"Bouncing Flask","floor":11},{"not_picked":["Poisoned Stab","Accuracy"],"picked":"Blur","floor":12},{"not_picked":["Dodge and Roll","Poisoned Stab","Sucker Punch"],"picked":"SKIP","floor":13},{"not_picked":["Wraith Form v2","Slice"],"picked":"Dodge and Roll","floor":14},{"not_picked":["Grand Finale","Night Terror"],"picked":"Burst","floor":16},{"not_picked":["Quick Slash","Dagger Throw","PiercingWail"],"picked":"SKIP","floor":18},{"not_picked":["Dagger Spray","Underhanded Strike"],"picked":"Crippling Poison+1","floor":22},{"not_picked":["Distraction+1","Dodge and Roll+1"],"picked":"Dash+1","floor":27},{"not_picked":["Eviscerate+1","Dagger Spray","Blade Dance+1"],"picked":"SKIP","floor":29},{"not_picked":["Tools of the Trade","Venomology+1"],"picked":"Phantasmal Killer+1","floor":33},{"not_picked":["Backflip+1","Underhanded Strike"],"picked":"Footwork","floor":35},{"not_picked":["Flying Knee","Expertise+1","Poisoned Stab"],"picked":"SKIP","floor":36}],"player_experience":559016,"relics_obtained":[{"floor":9,"key":"Shuriken"},{"floor":11,"key":"Old Coin"},{"floor":14,"key":"The Specimen"},{"floor":21,"key":"Necronomicon"},{"floor":26,"key":"Happy Flower"}],"event_choices":[{"cards_removed":["Strike_G"],"damage_healed":0,"gold_gain":0,"player_choice":"Purged","damage_taken":0,"max_hp_gain":0,"max_hp_loss":0,"event_name":"Purifier","floor":4,"gold_loss":0},{"damage_healed":0,"gold_gain":0,"player_choice":"Shed Blood","damage_taken":18,"max_hp_gain":5,"max_hp_loss":0,"event_name":"Forgotten Altar","floor":19,"gold_loss":0},{"damage_healed":0,"gold_gain":0,"player_choice":"Obtained Book","damage_taken":16,"max_hp_gain":0,"max_hp_loss":0,"event_name":"Cursed Tome","floor":21,"gold_loss":0},{"damage_healed":0,"gold_gain":0,"player_choice":"Fight","damage_taken":0,"max_hp_gain":0,"max_hp_loss":0,"event_name":"Colosseum","floor":24,"gold_loss":0},{"damage_healed":0,"gold_gain":0,"player_choice":"Fled From Nobs","damage_taken":0,"max_hp_gain":0,"max_hp_loss":0,"event_name":"Colosseum","floor":24,"gold_loss":0},{"damage_healed":0,"gold_gain":100,"player_choice":"Pray","damage_taken":0,"max_hp_gain":0,"max_hp_loss":0,"event_name":"Golden Shrine","floor":31,"gold_loss":0}],"is_beta":false,"boss_relics":[{"not_picked":["Snecko Eye","Coffee Dripper"],"picked":"Astrolabe"},{"not_picked":["Black Star","Runic Pyramid"],"picked":"Eternal Feather"}],"items_purged_floors":[20,28],"is_endless":false,"potions_floor_spawned":[1,3,7,11,12,14,18,29,33,35,36],"killed_by":"3 Darklings","ascension_level":13}