{"gold_per_floor":[117,130,141,158,30,30,58,23,23,58,88,88,98,110,110,184,184,202,47,59,69,119,119,119],"floor_reached":24,"playtime":1688,"items_purged":["Strike_R","Strike_R"],"score":395,"play_id":"da59c751-7aa5-4083-bb10-1e634f31ae95","local_time":"20190509111941","is_ascension_mode":true,"campfire_choices":[{"data":"Carnage","floor":6.0,"key":"SMITH"},{"data":"Fiend Fire","floor":12.0,"key":"SMITH"},{"data":"Whirlwind","floor":15.0,"key":"SMITH"},{"data":"Evolve","floor":23,"key":"SMITH"}],"neow_cost":"TEN_PERCENT_HP_LOSS","seed_source_timestamp":169117047426032,"circlet_count":0,"master_deck":["AscendersBane","Strike_R","Strike_R","Strike_R","Defend_R","Defend_R","Defend_R","Defend_R","Bash","Inflame","Whirlwind+1","Carnage+1","Clothesline","Fiend Fire+1","Shrug It Off","Battle Trance","Anger","Exhume","Evolve+1","Headbutt+1","Wild Strike+1"],"special_seed":0,"relics":["Burning Blood","Gambling Chip","Darkstone Periapt","Meat on the Bone","Question Card","Odd Mushroom","Cursed Key"],"potions_floor_usage":[24,24],"damage_taken":[{"damage":8.0,"enemies":"2 Louse","floor":1.0,"turns":4.0},{"damage":10.0,"enemies":"Small Slimes","floor":2.0,"turns":4.0},{"damage":12.0,"enemies":"Cultist","floor":3.0,"turns":4.0},{"damage":11.0,"enemies":"Blue Slaver","floor":4.0,"turns":4.0},{"damage":25.0,"enemies":"Lagavulin","floor":7.0,"turns":6.0},{"damage":6.0,"enemies":"Gremlin Nob","floor":10.0,"turns":3.0},{"damage":27.0,"enemies":"The Mushroom Lair","floor":11.0,"turns":4.0},{"damage":11.0,"enemies":"Red Slaver","floor":13.0,"turns":5.0},{"damage":5.0,"enemies":"Gremlin Gang","floor":14.0,"turns":4.0},{"damage":47.0,"enemies":"Slime Boss","floor":16.0,"turns":10.0},{"damage":1.0,"enemies":"3 Byrds","floor":18.0,"turns":4.0},{"damage":1.0,"enemies":"Spheric Guardian","floor":20.0,"turns":3.0},{"damage":28.0,"enemies":"Shelled Parasite and Fungi","floor":21.0,"turns":3.0},{"damage":48,"enemies":"Book of Stabbing","floor":24,"turns":5}],"seed_played":"-6904555598123274003","potions_obtained":[{"floor":1.0,"key":"Dexterity Potion"},{"floor":7.0,"key":"SpeedPotion"},{"floor":11.0,"key":"LiquidBronze"},{"floor":18.0,"key":"BloodPotion"},{"floor":21.0,"key":"SpeedPotion"}],"is_trial":false,"path_per_floor":["M","M","M","M","$","R","E","?","T","E","?","R","M","M","R","B",null,"M","$","M","M","?","R","E"],"character_chosen":"IRONCLAD","items_purchased":["Poison Potion","SkillPotion"],"campfire_rested":0,"item_purchase_floors":[5,19],"current_hp_per_floor":[66,62,56,51,51,51,32,49,49,49,40,40,47,48,48,19,56,61,61,66,44,38,38,0],"gold":119,"neow_bonus":"ONE_RARE_RELIC","is_prod":false,"is_daily":false,"chose_seed":false,"campfire_upgraded":4,"win_rate":0,"timestamp":1557393581,"path_taken":["M","M","M","M","$","R","E","?","T","E","?","R","M","M","R","BOSS","M","$","M","M","?","R","E"],"build_version":"2019-01-23","purchased_purges":2,"victory":false,"max_hp_per_floor":[68,68,68,68,68,68,68,68,68,68,68,68,68,68,68,68,68,68,68,68,68,68,68,68],"card_choices":[{"not_picked":["Second Wind","Twin Strike"],"picked":"Inflame","floor":1.0},{"not_picked":["Havoc","Warcry"],"picked":"Whirlwind","floor":2.0},{"not_picked":["Cleave","Feel No Pain"],"picked":"Carnage","floor":3.0},{"not_picked":["Thunderclap","Fire Breathing"],"picked":"Clothesline","floor":4.0},{"not_picked":["Clash","Second Wind"],"picked":"Fiend Fire","floor":7.0},{"not_picked":["Fire Breathing","Cleave","Body Slam"],"picked":"SKIP","floor":10.0},{"not_picked":["Cleave","Thunderclap","Body Slam"],"picked":"Shrug It Off","floor":11.0},{"not_picked":["Flex","Clash","Pommel Strike"],"picked":"Battle Trance","floor":13.0},{"not_picked":["Sever Soul","Cleave","Dropkick"],"picked":"Anger","floor":14.0},{"not_picked":["Fiend Fire","Berserk","Bludgeon"],"picked":"Exhume","floor":16.0},{"not_picked":["Sword Boomerang","Reckless Charge","Anger"],"picked":"Evolve","floor":18.0},{"not_picked":["Havoc","True Grit","Flex+1"],"picked":"Headbutt+1","floor":20.0},{"not_picked":["Clash","Sword Boomerang","Twin Strike"],"picked":"Wild Strike+1","floor":21.0}],"player_experience":602538,"relics_obtained":[{"floor":7.0,"key":"Darkstone Periapt"},{"floor":9.0,"key":"Meat on the Bone"},{"floor":10.0,"key":"Question Card"},{"floor":11.0,"key":"Odd Mushroom"}],"event_choices":[{"damage_healed":17.0,"max_hp_gain":0.0,"max_hp_loss":0.0,"gold_gain":0.0,"event_name":"The Cleric","player_choice":"Healed","floor":8.0,"gold_loss":35.0,"damage_taken":0.0},{"damage_healed":0.0,"max_hp_gain":0.0,"max_hp_loss":0.0,"gold_gain":0.0,"event_name":"Mushrooms","player_choice":"Fought Mushrooms","floor":11.0,"gold_loss":0.0,"damage_taken":0.0},{"damage_healed":0,"gold_gain":50,"player_choice":"Touch","damage_taken":6,"max_hp_gain":0,"max_hp_loss":0,"event_name":"FaceTrader","floor":22,"gold_loss":0}],"is_beta":false,"boss_relics":[{"not_picked":["Ectoplasm","White Beast Statue"],"picked":"Cursed Key"}],"items_purged_floors":[5,19],"is_endless":false,"potions_floor_spawned":[1,7,10,11,14,18,21],"killed_by":"Book of Stabbing","ascension_level":18}