{"gold_per_floor":[118,118,137,150,70,70,87,87,87,106,138,138,138,138,138,212,212,230,170,0,14,14,48,48,58,84,108,120],"floor_reached":28,"playtime":3093,"items_purged":["Strike_G"],"score":417,"play_id":"0ebd02cd-90b0-401e-a273-c704253753cc","local_time":"20190503193826","is_ascension_mode":true,"campfire_choices":[{"data":"Noxious Fumes","floor":6,"key":"SMITH"},{"data":"Well Laid Plans","floor":8,"key":"SMITH"},{"data":"Neutralize","floor":13,"key":"SMITH"},{"floor":15,"key":"REST"},{"floor":24,"key":"REST"}],"neow_cost":"PERCENT_DAMAGE","seed_source_timestamp":261045725931631,"circlet_count":0,"master_deck":["AscendersBane","Defend_G","Defend_G","Defend_G","Defend_G","Defend_G","Strike_G","Strike_G","Strike_G","Survivor","Neutralize+1","Bullet Time","Noxious Fumes+1","Well Laid Plans+1","Deadly Poison+1","PiercingWail","Corpse Explosion","Acrobatics+1","Footwork","Deadly Poison"],"relics":["Ring of the Snake","The Courier","Ginger","Philosopher\u0027s Stone","Omamori","MawBank"],"potions_floor_usage":[18,23,28],"damage_taken":[{"damage":1,"enemies":"2 Louse","floor":1,"turns":4},{"damage":1,"enemies":"Cultist","floor":3,"turns":5},{"damage":1,"enemies":"Jaw Worm","floor":4,"turns":5},{"damage":1,"enemies":"3 Louse","floor":7,"turns":5},{"damage":0,"enemies":"Blue Slaver","floor":10,"turns":4},{"damage":6,"enemies":"Lagavulin","floor":11,"turns":7},{"damage":16,"enemies":"The Guardian","floor":16,"turns":11},{"damage":28,"enemies":"Chosen","floor":18,"turns":6},{"damage":0,"enemies":"Spheric Guardian","floor":21,"turns":4},{"damage":42,"enemies":"Slavers","floor":23,"turns":4},{"damage":5,"enemies":"Chosen and Byrds","floor":25,"turns":6},{"damage":7,"enemies":"Snecko","floor":27,"turns":6},{"damage":40,"enemies":"Gremlin Leader","floor":28,"turns":5}],"seed_played":"-8849840361116651223","potions_obtained":[{"floor":3,"key":"Energy Potion"},{"floor":7,"key":"Weak Potion"},{"floor":18,"key":"Explosive Potion"},{"floor":25,"key":"SkillPotion"}],"is_trial":false,"path_per_floor":["M","?","M","M","$","R","M","R","T","M","E","?","R","?","R","B",null,"M","$","?","M","?","E","R","M","T","M","E"],"character_chosen":"THE_SILENT","items_purchased":["Well Laid Plans"],"campfire_rested":2,"item_purchase_floors":[5],"current_hp_per_floor":[43,43,42,41,41,41,40,40,40,40,34,34,34,8,27,11,52,24,24,24,24,66,24,43,38,38,31,0],"gold":120,"neow_bonus":"THREE_RARE_CARDS","is_prod":false,"is_daily":false,"chose_seed":false,"campfire_upgraded":3,"win_rate":0,"timestamp":1556905106,"path_taken":["M","?","M","?","?","R","M","R","T","M","E","?","R","?","R","BOSS","M","$","?","M","?","E","R","?","T","M","E"],"build_version":"2019-01-23","purchased_purges":1,"victory":false,"max_hp_per_floor":[66,66,66,66,66,66,66,66,66,66,66,66,66,66,66,66,66,66,66,66,66,66,66,66,66,66,66,66],"card_choices":[{"not_picked":["Storm of Steel","Malaise"],"picked":"Bullet Time","floor":0},{"not_picked":["Deflect","Poisoned Stab"],"picked":"Noxious Fumes","floor":1},{"not_picked":["Blade Dance","Endless Agony"],"picked":"Escape Plan","floor":3},{"not_picked":["Finisher","Prepared","Riddle With Holes"],"picked":"SKIP","floor":4},{"not_picked":["Setup","Tactician"],"picked":"Deadly Poison","floor":7},{"not_picked":["Prepared","All Out Attack"],"picked":"PiercingWail","floor":10},{"not_picked":["Masterful Stab","Flying Knee","Endless Agony"],"picked":"SKIP","floor":11},{"not_picked":["A Thousand Cuts","Grand Finale"],"picked":"Corpse Explosion","floor":16},{"not_picked":["Cloak And Dagger","Flying Knee"],"picked":"Acrobatics+1","floor":18},{"not_picked":["Flying Knee","Slice+1"],"picked":"Footwork","floor":21},{"not_picked":["Tools of the Trade","Poisoned Stab"],"picked":"Deadly Poison","floor":23},{"not_picked":["Acrobatics","Underhanded Strike","Dagger Throw"],"picked":"SKIP","floor":25},{"not_picked":["Sucker Punch","Skewer","Poisoned Stab+1"],"picked":"SKIP","floor":27}],"player_experience":588554,"relics_obtained":[{"floor":9,"key":"The Courier"},{"floor":11,"key":"Ginger"},{"floor":23,"key":"Omamori"},{"floor":26,"key":"MawBank"}],"event_choices":[{"cards_removed":["Strike_G"],"damage_healed":0,"gold_gain":0,"player_choice":"Purged","damage_taken":0,"max_hp_gain":0,"max_hp_loss":0,"event_name":"Purifier","floor":2,"gold_loss":0},{"damage_healed":0,"gold_gain":0,"player_choice":"Grow","damage_taken":0,"max_hp_gain":0,"max_hp_loss":0,"event_name":"Living Wall","floor":12,"gold_loss":0,"cards_upgraded":["Deadly Poison"]},{"damage_healed":0,"gold_gain":0,"player_choice":"Fled","damage_taken":26,"max_hp_gain":0,"max_hp_loss":0,"event_name":"Scrap Ooze","floor":14,"gold_loss":0},{"damage_healed":0,"gold_gain":0,"player_choice":"Paid Fearfully","damage_taken":0,"max_hp_gain":0,"max_hp_loss":0,"event_name":"Masked Bandits","floor":20,"gold_loss":170},{"cards_removed":["Escape Plan"],"damage_healed":42,"gold_gain":0,"player_choice":"Offered Uncommon","damage_taken":0,"max_hp_gain":0,"max_hp_loss":0,"event_name":"Bonfire Elementals","floor":22,"gold_loss":0}],"is_beta":false,"boss_relics":[{"not_picked":["Empty Cage","Runic Dome"],"picked":"Philosopher\u0027s Stone"}],"items_purged_floors":[19],"is_endless":false,"potions_floor_spawned":[3,7,10,18,21,25],"killed_by":"Gremlin Leader","ascension_level":15}