{"gold_per_floor":[111,111,121,141,24,56,72,72,72,84,97,97,112,112,112,216,216,227,64,64,64,64,64,82,107,107,107,32,32,32,42,42,143,143,158,158,158,172,189,189,13,29,56,69,119,569,603,619,619,619],"floor_reached":50,"playtime":5661,"items_purged":["Strike_G","Enlightenment"],"score":517,"play_id":"9ae47023-7de2-4306-809b-ea6fea7f77de","local_time":"20181128215202","is_ascension_mode":false,"campfire_choices":[{"data":"Noxious Fumes","floor":8,"key":"SMITH"},{"data":"Noxious Fumes","floor":15,"key":"SMITH"},{"data":"Footwork","floor":23,"key":"SMITH"},{"data":"Neutralize","floor":29,"key":"SMITH"},{"floor":32,"key":"REST"},{"floor":40,"key":"REST"},{"floor":49,"key":"REST"}],"neow_cost":"NONE","seed_source_timestamp":1249781524367069,"circlet_count":0,"master_deck":["Defend_G","Defend_G","Defend_G","Survivor","Neutralize+1","Flying Knee","Dodge and Roll","Footwork+1","Blur","Forethought","Noxious Fumes+1","Poisoned Stab","Noxious Fumes+1","Flying Knee+1","Burst","Leg Sweep","Flechettes+1","Iron Wave","Deflect","RitualDagger+1","Malaise","Deadly Poison","Flying Knee+1","Dodge and Roll+1","Distraction+1","Sucker Punch+1"],"relics":["Ring of the Snake","Vajra","Juzu Bracelet","Molten Egg 2","Girya","Empty Cage","Tingsha","Mercury Hourglass","Black Star","SsserpentHead","Bag of Marbles","Old Coin","Tough Bandages","Du-Vu Doll"],"potions_floor_usage":[6,33,33,39,47,50],"damage_taken":[{"damage":3,"enemies":"Jaw Worm","floor":1,"turns":4},{"damage":0,"enemies":"Cultist","floor":3,"turns":3},{"damage":0,"enemies":"Small Slimes","floor":4,"turns":3},{"damage":23,"enemies":"Lagavulin","floor":6,"turns":10},{"damage":0,"enemies":"Red Slaver","floor":7,"turns":5},{"damage":13,"enemies":"Lots of Slimes","floor":10,"turns":4},{"damage":5,"enemies":"Blue Slaver","floor":11,"turns":4},{"damage":0,"enemies":"Red Slaver","floor":13,"turns":4},{"damage":12,"enemies":"Hexaghost","floor":16,"turns":9},{"damage":3,"enemies":"Chosen","floor":18,"turns":6},{"damage":3,"enemies":"Shell Parasite","floor":24,"turns":7},{"damage":20,"enemies":"Gremlin Leader","floor":25,"turns":7},{"damage":13,"enemies":"Shelled Parasite and Fungi","floor":31,"turns":6},{"damage":13,"enemies":"Champ","floor":33,"turns":15},{"damage":17,"enemies":"Orb Walker","floor":35,"turns":5},{"damage":23,"enemies":"3 Darklings","floor":38,"turns":5},{"damage":46,"enemies":"Transient","floor":39,"turns":5},{"damage":7,"enemies":"4 Shapes","floor":42,"turns":6},{"damage":10,"enemies":"3 Darklings","floor":44,"turns":8},{"damage":12,"enemies":"Mind Bloom Boss Battle","floor":46,"turns":9},{"damage":43,"enemies":"Giant Head","floor":47,"turns":9},{"damage":2,"enemies":"Maw","floor":48,"turns":10},{"damage":40,"enemies":"Donu and Deca","floor":50,"turns":6}],"seed_played":"-2746201444080459472","potions_obtained":[{"floor":4,"key":"Weak Potion"},{"floor":6,"key":"SpeedPotion"},{"floor":7,"key":"LiquidBronze"},{"floor":11,"key":"Poison Potion"},{"floor":13,"key":"EssenceOfSteel"},{"floor":16,"key":"FairyPotion"},{"floor":38,"key":"Fire Potion"},{"floor":44,"key":"SkillPotion"},{"floor":48,"key":"SteroidPotion"}],"is_trial":false,"path_per_floor":["M","?","M","M","$","E","M","R","T","M","M","?","M","T","R","B",null,"M","$","?","?","?","R","M","E","T","?","?","R","?","M","R","B",null,"M","?","?","M","M","R","$","M","T","M","?","?","E","M","R","B"],"character_chosen":"THE_SILENT","items_purchased":["Blur","Forethought","Enlightenment","GhostInAJar"],"campfire_rested":3,"item_purchase_floors":[5,5,19,41],"current_hp_per_floor":[67,67,67,67,67,44,44,44,44,31,26,26,26,26,26,14,70,67,67,67,67,67,67,64,44,44,44,44,44,38,25,46,33,70,53,53,53,30,7,28,28,21,21,11,61,49,6,4,22,0],"gold":619,"neow_bonus":"RANDOM_COMMON_RELIC","is_prod":false,"is_daily":false,"chose_seed":false,"campfire_upgraded":4,"win_rate":0.0,"timestamp":1543470722,"path_taken":["M","?","M","M","$","E","M","R","T","M","M","?","M","?","R","BOSS","M","$","?","?","?","R","M","E","T","?","?","R","?","M","R","BOSS","M","?","?","M","M","R","$","M","T","M","?","?","E","M","R","BOSS"],"build_version":"2018-11-15","purchased_purges":2,"victory":false,"max_hp_per_floor":[70,70,70,70,70,70,70,70,70,70,70,70,70,70,70,70,70,70,70,70,70,70,70,70,70,70,70,70,70,70,70,70,70,70,70,70,70,70,70,70,70,70,70,70,61,61,61,61,61,61],"card_choices":[{"not_picked":["Leg Sweep","Blade Dance"],"picked":"Flying Knee","floor":1},{"not_picked":["All Out Attack","Underhanded Strike"],"picked":"Dodge and Roll","floor":3},{"not_picked":["Expertise","Escape Plan"],"picked":"Footwork","floor":4},{"not_picked":["Well Laid Plans","Endless Agony"],"picked":"Noxious Fumes","floor":6},{"not_picked":["Underhanded Strike","Blade Dance"],"picked":"Poisoned Stab","floor":7},{"not_picked":["Die Die Die+1","Deadly Poison"],"picked":"Flying Knee+1","floor":10},{"not_picked":["Escape Plan","Prepared"],"picked":"Noxious Fumes","floor":11},{"not_picked":["Prepared","Flechettes+1"],"picked":"Flying Knee+1","floor":13},{"not_picked":["Phantasmal Killer","Bullet Time"],"picked":"Burst","floor":16},{"not_picked":["Bane+1","Riddle With Holes+1"],"picked":"Leg Sweep","floor":18},{"not_picked":["Endless Agony+1","Underhanded Strike+1","Escape Plan"],"picked":"SKIP","floor":24},{"not_picked":["Blade Dance","Prepared"],"picked":"Deflect","floor":25},{"not_picked":["Dodge and Roll+1","Infinite Blades+1","Riddle With Holes+1"],"picked":"SKIP","floor":31},{"not_picked":["After Image","Venomology"],"picked":"Malaise","floor":33},{"not_picked":["Bane+1","Caltrops"],"picked":"Deadly Poison","floor":35},{"not_picked":["Slice+1","Riddle With Holes+1"],"picked":"Flying Knee+1","floor":38},{"not_picked":["Backflip+1","Flying Knee+1"],"picked":"Dodge and Roll+1","floor":39},{"not_picked":["Deflect","Reflex+1","Dodge and Roll"],"picked":"SKIP","floor":42},{"not_picked":["All Out Attack+1","Calculated Gamble+1"],"picked":"Distraction+1","floor":44},{"not_picked":["Masterful Stab+1","Adrenaline"],"picked":"Sucker Punch+1","floor":46},{"not_picked":["Endless Agony+1","Accuracy","Deadly Poison"],"picked":"SKIP","floor":47},{"not_picked":["Heel Hook+1","Backflip+1","Dodge and Roll+1"],"picked":"SKIP","floor":48}],"player_experience":44763,"relics_obtained":[{"floor":6,"key":"Juzu Bracelet"},{"floor":9,"key":"Molten Egg 2"},{"floor":14,"key":"Girya"},{"floor":25,"key":"Tingsha"},{"floor":26,"key":"Mercury Hourglass"},{"floor":43,"key":"Bag of Marbles"},{"floor":46,"key":"Old Coin"},{"floor":47,"key":"Tough Bandages"},{"floor":47,"key":"Du-Vu Doll"}],"event_choices":[{"cards_removed":["Strike_G"],"damage_healed":0,"gold_gain":0,"player_choice":"Offered Basic","damage_taken":0,"max_hp_gain":0,"max_hp_loss":0,"event_name":"Bonfire Elementals","floor":2,"gold_loss":0},{"damage_healed":0,"gold_gain":0,"cards_transformed":["Strike_G"],"player_choice":"Transformed","damage_taken":0,"max_hp_gain":0,"max_hp_loss":0,"event_name":"Transmorgrifier","floor":12,"gold_loss":0,"cards_obtained":["Accuracy"]},{"damage_healed":0,"gold_gain":0,"cards_transformed":["Accuracy"],"player_choice":"Transformed","damage_taken":0,"max_hp_gain":0,"max_hp_loss":0,"event_name":"Transmorgrifier","floor":20,"gold_loss":0,"cards_obtained":["Flechettes"]},{"cards_removed":["Strike_G"],"damage_healed":0,"gold_gain":0,"player_choice":"Took Card","damage_taken":0,"max_hp_gain":0,"max_hp_loss":0,"event_name":"NoteForYourself","floor":21,"gold_loss":0,"cards_obtained":["Iron Wave"]},{"damage_healed":0,"gold_gain":0,"player_choice":"Bought 0 Potions","damage_taken":0,"max_hp_gain":0,"max_hp_loss":0,"event_name":"The Woman in Blue","floor":27,"gold_loss":0},{"cards_removed":["Defend_G"],"damage_healed":0,"gold_gain":0,"player_choice":"Gave Gold","damage_taken":0,"max_hp_gain":0,"max_hp_loss":0,"event_name":"Beggar","floor":28,"gold_loss":75},{"damage_healed":0,"gold_gain":0,"player_choice":"Joined the Cult","damage_taken":6,"max_hp_gain":0,"max_hp_loss":0,"event_name":"Nest","floor":30,"gold_loss":0,"cards_obtained":["RitualDagger"]},{"cards_removed":["Flying Knee"],"damage_healed":0,"gold_gain":0,"player_choice":"Removed Attack","damage_taken":0,"max_hp_gain":0,"max_hp_loss":0,"event_name":"Falling","floor":36,"gold_loss":0},{"damage_healed":0,"gold_gain":0,"player_choice":"Trade","damage_taken":0,"relics_obtained":["SsserpentHead"],"max_hp_gain":0,"max_hp_loss":0,"event_name":"FaceTrader","floor":37,"gold_loss":0},{"damage_healed":61,"gold_gain":0,"player_choice":"Heal","damage_taken":0,"max_hp_gain":0,"max_hp_loss":9,"event_name":"The Moai Head","floor":45,"gold_loss":0},{"damage_healed":0,"gold_gain":0,"player_choice":"Fight","damage_taken":0,"max_hp_gain":0,"max_hp_loss":0,"event_name":"MindBloom","floor":46,"gold_loss":0}],"is_beta":false,"boss_relics":[{"not_picked":["Runic Pyramid","Runic Dome"],"picked":"Empty Cage"},{"not_picked":["Eternal Feather","Sozu"],"picked":"Black Star"}],"items_purged_floors":[19,41],"is_endless":false,"potions_floor_spawned":[4,6,7,11,13,16,18,25,31,38,44,48],"killed_by":"Donu and Deca","ascension_level":0}