{"gold_per_floor":[114,114,129,144,144,174,174,189,189,114,114,144,159,174,174,274,274,289,304,54,69,69,69,99,114,139,139,139,154,154,169,169,169],"floor_reached":33,"playtime":1483,"items_purged":["Redo"],"score":269,"play_id":"1b5756ad-6aeb-4e9b-ac05-10e07325fe7a","local_time":"20190531231235","daily_mods":["Specialized","Blue Cards","Binary"],"is_ascension_mode":false,"campfire_choices":[{"floor":7,"key":"REST"},{"floor":11,"key":"REST"},{"data":"Noxious Fumes","floor":15,"key":"SMITH"},{"data":"Caltrops","floor":23,"key":"SMITH"},{"floor":27,"key":"REST"},{"data":"Conserve Battery","floor":30,"key":"SMITH"},{"floor":32,"key":"REST"}],"neow_cost":"","seed_source_timestamp":0,"circlet_count":0,"master_deck":["Defend_G","Defend_G","Defend_G","Defend_G","Strike_G","Strike_G","Strike_G","Strike_G+1","Survivor+1","Neutralize","Redo","Redo","Redo","Noxious Fumes+1","Ball Lightning","Rebound","Deadly Poison","Electrodynamics","FTL","Caltrops+1","Conserve Battery+1","BootSequence"],"special_seed":18048,"relics":["Ring of the Snake","Anchor","Mercury Hourglass","Tiny Chest","Empty Cage","Question Card","Regal Pillow","Oddly Smooth Stone","FaceOfCleric"],"potions_floor_usage":[16,19,25,29,33,33],"damage_taken":[{"damage":11,"enemies":"Small Slimes","floor":1,"turns":6},{"damage":2,"enemies":"Cultist","floor":3,"turns":5},{"damage":10,"enemies":"Jaw Worm","floor":4,"turns":6},{"damage":35,"enemies":"3 Sentries","floor":6,"turns":8},{"damage":19,"enemies":"Exordium Wildlife","floor":8,"turns":4},{"damage":1,"enemies":"Exordium Thugs","floor":13,"turns":3},{"damage":0,"enemies":"2 Fungi Beasts","floor":14,"turns":3},{"damage":5,"enemies":"Hexaghost","floor":16,"turns":9},{"damage":12,"enemies":"Chosen","floor":18,"turns":5},{"damage":7,"enemies":"2 Thieves","floor":19,"turns":3},{"damage":6,"enemies":"Cultist and Chosen","floor":21,"turns":4},{"damage":27,"enemies":"Gremlin Leader","floor":24,"turns":5},{"damage":11,"enemies":"Sentry and Sphere","floor":25,"turns":4},{"damage":21,"enemies":"Snake Plant","floor":29,"turns":3},{"damage":5,"enemies":"Snecko","floor":31,"turns":5},{"damage":72,"enemies":"Collector","floor":33,"turns":8}],"seed_played":"2544151343285503633","potions_obtained":[{"floor":4,"key":"Ancient Potion"},{"floor":8,"key":"EssenceOfSteel"},{"floor":14,"key":"AttackPotion"},{"floor":21,"key":"Energy Potion"},{"floor":29,"key":"FearPotion"},{"floor":31,"key":"PowerPotion"}],"is_trial":false,"path_per_floor":["M","?","M","M","?","E","R","M","T","$","R","T","M","M","R","B",null,"M","M","$","M","?","R","E","M","T","R","?","M","R","M","R","B"],"character_chosen":"THE_SILENT","items_purchased":["Question Card"],"campfire_rested":4,"item_purchase_floors":[20],"current_hp_per_floor":[59,64,62,52,38,3,24,5,5,5,26,26,25,25,25,20,70,58,51,51,45,45,45,18,7,7,43,43,23,23,19,55,0],"gold":169,"neow_bonus":"","is_prod":false,"is_daily":true,"chose_seed":false,"campfire_upgraded":3,"win_rate":0,"timestamp":1559369555,"path_taken":["M","?","?","M","?","E","R","M","T","$","R","?","M","?","R","BOSS","M","M","$","M","?","R","E","M","T","R","?","M","R","M","R","BOSS"],"build_version":"2019-01-23","purchased_purges":1,"victory":false,"max_hp_per_floor":[70,70,70,70,70,70,70,70,70,70,70,70,70,70,70,70,70,70,70,70,70,70,70,70,70,70,70,70,71,71,72,72,72],"card_choices":[{"not_picked":["Ball Lightning"],"picked":"Noxious Fumes","floor":1},{"not_picked":["Loop","Dagger Spray"],"picked":"SKIP","floor":3},{"not_picked":["Heel Hook"],"picked":"Ball Lightning","floor":4},{"not_picked":["Tactician"],"picked":"Rebound","floor":6},{"not_picked":["Beam Cell","Deflect"],"picked":"SKIP","floor":8},{"not_picked":["Gash","Prepared"],"picked":"SKIP","floor":13},{"not_picked":["Outmaneuver"],"picked":"Deadly Poison","floor":14},{"not_picked":["All For One"],"picked":"Electrodynamics","floor":16},{"not_picked":["Rebound+1","Skewer+1"],"picked":"SKIP","floor":18},{"not_picked":["Dagger Spray"],"picked":"FTL","floor":19},{"not_picked":["Sucker Punch+1","Dagger Spray","Dagger Throw"],"picked":"SKIP","floor":21},{"not_picked":["Leap","Acrobatics+1"],"picked":"Conserve Battery","floor":24},{"not_picked":["Flying Knee","Beam Cell","Recycle"],"picked":"SKIP","floor":25},{"not_picked":["Heel Hook+1","Dagger Throw","Deadly Poison"],"picked":"SKIP","floor":29},{"not_picked":["Phantasmal Killer","Consume+1"],"picked":"BootSequence","floor":31}],"player_experience":613919,"relics_obtained":[{"floor":6,"key":"Anchor"},{"floor":9,"key":"Mercury Hourglass"},{"floor":12,"key":"Tiny Chest"},{"floor":24,"key":"Regal Pillow"},{"floor":26,"key":"Oddly Smooth Stone"}],"event_choices":[{"cards_removed":["Redo"],"damage_healed":5,"gold_gain":0,"player_choice":"Offered Common","damage_taken":0,"max_hp_gain":0,"max_hp_loss":0,"event_name":"Bonfire Elementals","floor":2,"gold_loss":0},{"cards_removed":["Redo"],"damage_healed":5,"gold_gain":0,"player_choice":"Offered Special","damage_taken":0,"max_hp_gain":0,"max_hp_loss":0,"event_name":"Bonfire Elementals","floor":2,"gold_loss":0},{"damage_healed":0,"gold_gain":0,"player_choice":"Entered Light","damage_taken":14,"max_hp_gain":0,"max_hp_loss":0,"event_name":"Shining Light","floor":5,"gold_loss":0,"cards_upgraded":["Survivor","Strike_G"]},{"damage_healed":0,"gold_gain":0,"player_choice":"Read","damage_taken":0,"max_hp_gain":0,"max_hp_loss":0,"event_name":"The Library","floor":22,"gold_loss":0,"cards_obtained":["Caltrops"]},{"damage_healed":0,"gold_gain":0,"player_choice":"Trade","damage_taken":0,"relics_obtained":["FaceOfCleric"],"max_hp_gain":0,"max_hp_loss":0,"event_name":"FaceTrader","floor":28,"gold_loss":0}],"is_beta":false,"boss_relics":[{"not_picked":["Eternal Feather","Orrery"],"picked":"Empty Cage"}],"items_purged_floors":[10],"is_endless":false,"potions_floor_spawned":[4,8,14,21,29,31],"killed_by":"Collector","ascension_level":0}