{"gold_per_floor":[113,113,133,152,1,28,28,62,62,62,62,92,122,122,122,196,196,214,264,275,31,55,89,107,127,195,195],"floor_reached":27,"playtime":2401,"items_purged":["Reckless Charge"],"score":435,"play_id":"73183cbf-f158-4552-8b64-f9470aa9d73f","local_time":"20190205112134","is_ascension_mode":true,"campfire_choices":[{"data":"Disarm","floor":7.0,"key":"SMITH"},{"floor":10.0,"key":"REST"},{"floor":15,"key":"REST"}],"neow_cost":"CURSE","seed_source_timestamp":0,"circlet_count":0,"master_deck":["AscendersBane","Strike_R","Strike_R","Strike_R","Defend_R","Defend_R","Defend_R+1","Defend_R+1","Bash","Disarm+1","Rampage","Burning Pact","Anger","Inflame","Disarm","Shockwave+1","Havoc+1","Barricade","Impervious+1","Intimidate+1","Armaments+1","Flash of Steel","Parasite","Exhume+1","Shrug It Off+1","Heavy Blade","Pain"],"special_seed":0,"relics":["Burning Blood","Spirit Poop","War Paint","Toxic Egg 2","Shuriken","Odd Mushroom","Oddly Smooth Stone","Potion Belt","Cursed Key","Vajra","Smiling Mask","Regal Pillow","Sundial"],"potions_floor_usage":[13,16,16,24,27],"damage_taken":[{"damage":4.0,"enemies":"2 Louse","floor":1.0,"turns":3.0},{"damage":0.0,"enemies":"Cultist","floor":3.0,"turns":3.0},{"damage":5.0,"enemies":"Small Slimes","floor":4.0,"turns":2.0},{"damage":31.0,"enemies":"Lagavulin","floor":6.0,"turns":6.0},{"damage":44.0,"enemies":"3 Sentries","floor":8.0,"turns":10.0},{"damage":11.0,"enemies":"The Mushroom Lair","floor":12.0,"turns":6.0},{"damage":28,"enemies":"Gremlin Nob","floor":13,"turns":4},{"damage":9,"enemies":"Slime Boss","floor":16,"turns":12},{"damage":5,"enemies":"3 Byrds","floor":18,"turns":8},{"damage":11,"enemies":"Shell Parasite","floor":20,"turns":6},{"damage":41,"enemies":"Slavers","floor":23,"turns":11},{"damage":8,"enemies":"Centurion and Healer","floor":24,"turns":7},{"damage":0,"enemies":"3 Cultists","floor":25,"turns":8},{"damage":21,"enemies":"Gremlin Leader","floor":27,"turns":5}],"seed_played":"8763619357605691060","potions_obtained":[{"floor":3.0,"key":"Explosive Potion"},{"floor":8.0,"key":"GamblersBrew"},{"floor":12,"key":"Dexterity Potion"},{"floor":13,"key":"AttackPotion"},{"floor":16,"key":"SpeedPotion"},{"floor":23,"key":"SkillPotion"},{"floor":24,"key":"SkillPotion"}],"is_trial":false,"path_per_floor":["M","?","M","M","$","E","R","E","T","R","?","?","E","T","R","B",null,"M","?","M","$","T","E","M","M","T","E"],"character_chosen":"IRONCLAD","items_purchased":["Inflame","Vajra","Flash of Steel"],"campfire_rested":2,"item_purchase_floors":[5,21,21],"current_hp_per_floor":[70,70,75,75,75,50,50,12,12,34,34,29,7,7,29,26,63,64,57,52,52,52,17,15,21,21,0],"gold":195,"neow_bonus":"TRANSFORM_TWO_CARDS","is_prod":false,"is_daily":false,"chose_seed":false,"campfire_upgraded":1,"win_rate":0,"timestamp":1549362094,"path_taken":["M","?","M","M","?","E","R","E","T","R","?","?","E","?","R","BOSS","M","?","?","$","?","E","M","M","T","E"],"build_version":"2019-01-23","purchased_purges":1,"victory":false,"max_hp_per_floor":[75,75,75,75,75,75,75,75,75,75,75,75,75,75,75,75,75,75,75,75,75,75,75,75,75,75,75],"card_choices":[{"not_picked":["Uppercut","Pummel"],"picked":"Rampage","floor":1.0},{"not_picked":["Bloodletting","Perfected Strike"],"picked":"Burning Pact","floor":3.0},{"not_picked":["Rupture","Heavy Blade"],"picked":"Anger","floor":4.0},{"not_picked":["Clothesline","True Grit"],"picked":"Disarm","floor":6.0},{"not_picked":["Headbutt","Twin Strike"],"picked":"Shockwave","floor":8.0},{"not_picked":["Sword Boomerang","Cleave"],"picked":"Havoc+1","floor":12},{"not_picked":["Clash","Thunderclap"],"picked":"Barricade","floor":13},{"not_picked":["Barricade","Berserk"],"picked":"Impervious+1","floor":16},{"not_picked":["Dual Wield+1","Sentinel+1"],"picked":"Intimidate+1","floor":18},{"not_picked":["Combust","Twin Strike"],"picked":"Armaments+1","floor":20},{"not_picked":["Dropkick","Hemokinesis"],"picked":"Exhume+1","floor":23},{"not_picked":["True Grit+1","Warcry+1"],"picked":"Shrug It Off+1","floor":24},{"not_picked":["Armaments+1","Burning Pact+1"],"picked":"Heavy Blade","floor":25}],"player_experience":163606,"relics_obtained":[{"floor":6.0,"key":"War Paint"},{"floor":8.0,"key":"Toxic Egg 2"},{"floor":9.0,"key":"Shuriken"},{"floor":12,"key":"Odd Mushroom"},{"floor":13,"key":"Oddly Smooth Stone"},{"floor":14,"key":"Potion Belt"},{"floor":22,"key":"Smiling Mask"},{"floor":23,"key":"Regal Pillow"},{"floor":26,"key":"Sundial"}],"event_choices":[{"cards_removed":["Clumsy"],"damage_healed":0.0,"max_hp_gain":0.0,"max_hp_loss":0.0,"gold_gain":0.0,"event_name":"Bonfire Elementals","player_choice":"Offered Curse","floor":2.0,"gold_loss":0.0,"damage_taken":0.0,"relics_obtained":["Spirit Poop"]},{"damage_healed":0.0,"max_hp_gain":0.0,"max_hp_loss":0.0,"gold_gain":0.0,"event_name":"Scrap Ooze","player_choice":"Fled","floor":11.0,"gold_loss":0.0,"damage_taken":0.0},{"damage_healed":0.0,"max_hp_gain":0.0,"max_hp_loss":0.0,"gold_gain":0.0,"event_name":"Mushrooms","player_choice":"Fought Mushrooms","floor":12.0,"gold_loss":0.0,"damage_taken":0.0},{"damage_healed":0,"gold_gain":50,"player_choice":"Touch","damage_taken":7,"max_hp_gain":0,"max_hp_loss":0,"event_name":"FaceTrader","floor":19,"gold_loss":0}],"is_beta":false,"boss_relics":[{"not_picked":["Sozu","Black Blood"],"picked":"Cursed Key"}],"items_purged_floors":[5],"is_endless":false,"potions_floor_spawned":[3,8,12,13,16,23,24],"killed_by":"Gremlin Leader","ascension_level":15}