{"gold_per_floor":[109,86,86,86,47,78,78,103,403,403,422,432,432,444,444,549,549,561,337,337,337,326,361,379,379],"floor_reached":25,"playtime":1456,"items_purged":["Strike_G"],"score":363,"play_id":"a2fc9976-45c7-41fd-b9fe-7dc0c56034b5","local_time":"20190101003726","is_ascension_mode":true,"campfire_choices":[{"data":"Footwork","floor":7,"key":"SMITH"},{"data":"Neutralize","floor":10,"key":"SMITH"},{"data":"Catalyst","floor":15,"key":"SMITH"}],"neow_cost":"NONE","seed_source_timestamp":925318226077952,"circlet_count":0,"master_deck":["Defend_G+1","Defend_G+1","Defend_G+1","Defend_G+1","Defend_G+1","Strike_G+1","Strike_G+1","Strike_G+1","Survivor","Neutralize+1","Blade Dance","Deadly Poison+1","Footwork+1","After Image","Backflip","Catalyst+1","Die Die Die","Burst","Crippling Poison","Caltrops","Backflip","Setup+1","Footwork"],"relics":["Ring of the Serpent","NeowsBlessing","Letter Opener","Paper Crane","Old Coin","Bottled Flame"],"potions_floor_usage":[16,16,22,23,24],"damage_taken":[{"damage":0,"enemies":"2 Louse","floor":1,"turns":1},{"damage":0,"enemies":"3 Sentries","floor":6,"turns":2},{"damage":0,"enemies":"Lagavulin","floor":8,"turns":1},{"damage":0,"enemies":"Jaw Worm","floor":11,"turns":4},{"damage":0,"enemies":"Small Slimes","floor":12,"turns":3},{"damage":32,"enemies":"Gremlin Gang","floor":14,"turns":5},{"damage":11,"enemies":"The Guardian","floor":16,"turns":8},{"damage":2,"enemies":"Shell Parasite","floor":18,"turns":4},{"damage":16,"enemies":"2 Thieves","floor":22,"turns":4},{"damage":1,"enemies":"Book of Stabbing","floor":23,"turns":5},{"damage":0,"enemies":"Centurion and Healer","floor":24,"turns":6},{"damage":44,"enemies":"Gremlin Leader","floor":25,"turns":6}],"seed_played":"-8088398846663549959","potions_obtained":[{"floor":8,"key":"GhostInAJar"},{"floor":11,"key":"PowerPotion"},{"floor":14,"key":"Energy Potion"},{"floor":18,"key":"EssenceOfSteel"},{"floor":23,"key":"Block Potion"}],"is_trial":false,"path_per_floor":["M","$","?","?","$","E","R","E","T","R","M","M","?","M","R","B",null,"M","$","?","?","M","E","M","E"],"character_chosen":"THE_SILENT","items_purchased":["Deadly Poison","Footwork","Crippling Poison","Caltrops"],"campfire_rested":0,"item_purchase_floors":[2,5,19,19],"current_hp_per_floor":[63,63,63,68,68,68,68,68,68,68,68,68,68,36,36,25,63,61,61,61,61,45,44,44,0],"gold":379,"neow_bonus":"THREE_ENEMY_KILL","is_prod":false,"is_daily":false,"chose_seed":false,"campfire_upgraded":3,"win_rate":0,"timestamp":1546331846,"path_taken":["M","$","?","?","$","E","R","E","T","R","M","?","?","?","R","BOSS","M","$","?","?","?","E","M","E"],"build_version":"2018-12-20","purchased_purges":1,"victory":false,"max_hp_per_floor":[70,70,70,75,75,75,75,75,75,75,75,75,75,75,75,75,75,75,75,75,75,75,75,75,75],"card_choices":[{"not_picked":["Acrobatics","Sucker Punch"],"picked":"Blade Dance","floor":1},{"not_picked":["Unload","Expertise"],"picked":"After Image","floor":6},{"not_picked":["Underhanded Strike","Sucker Punch","Dagger Throw"],"picked":"SKIP","floor":8},{"not_picked":["Riddle With Holes","Slice"],"picked":"Backflip","floor":11},{"not_picked":["Acrobatics","Bane"],"picked":"Catalyst","floor":12},{"not_picked":["Bane","Prepared","Quick Slash"],"picked":"SKIP","floor":14},{"not_picked":["Bullet Time","Doppelganger"],"picked":"Burst","floor":16},{"not_picked":["Quick Slash","Flying Knee","Finisher+1"],"picked":"SKIP","floor":18},{"not_picked":["Underhanded Strike","Eviscerate+1"],"picked":"Backflip","floor":22},{"not_picked":["Blade Dance","Deflect"],"picked":"Setup+1","floor":23},{"not_picked":["Bane","Acrobatics"],"picked":"Footwork","floor":24}],"player_experience":247062,"relics_obtained":[{"floor":6,"key":"Letter Opener"},{"floor":8,"key":"Paper Crane"},{"floor":9,"key":"Old Coin"},{"floor":23,"key":"Bottled Flame"}],"event_choices":[{"damage_healed":0,"gold_gain":0,"player_choice":"Grow","damage_taken":0,"max_hp_gain":0,"max_hp_loss":0,"event_name":"Living Wall","floor":3,"gold_loss":0,"cards_upgraded":["Deadly Poison"]},{"damage_healed":0,"gold_gain":0,"player_choice":"Donut","damage_taken":0,"max_hp_gain":5,"max_hp_loss":0,"event_name":"Big Fish","floor":4,"gold_loss":0},{"damage_healed":0,"gold_gain":0,"cards_transformed":["Strike_G"],"player_choice":"Transformed","damage_taken":0,"max_hp_gain":0,"max_hp_loss":0,"event_name":"Transmorgrifier","floor":13,"gold_loss":0,"cards_obtained":["Die Die Die"]},{"damage_healed":0,"gold_gain":0,"player_choice":"Simplicity","damage_taken":0,"max_hp_gain":0,"max_hp_loss":0,"event_name":"Back to Basics","floor":20,"gold_loss":0,"cards_upgraded":["Defend_G","Defend_G","Defend_G","Defend_G","Defend_G","Strike_G","Strike_G","Strike_G"]},{"damage_healed":0,"gold_gain":0,"player_choice":"0 cards matched","damage_taken":0,"max_hp_gain":0,"max_hp_loss":0,"event_name":"Match and Keep!","floor":21,"gold_loss":0,"cards_obtained":[]}],"is_beta":false,"boss_relics":[{"not_picked":["Coffee Dripper","Snecko Eye"],"picked":"Ring of the Serpent"}],"items_purged_floors":[19],"is_endless":false,"potions_floor_spawned":[8,11,14,18,23],"killed_by":"Gremlin Leader","ascension_level":6}