{"gold_per_floor":[213,233,233,244,259,290,308,333,333,3,3,16,44,62,62,167,167,184,284,338,350,378,390,413,425,437,449,461,388,415,18,18,121,121,138,13,13,26,37,37,37,51,51,51,66,66,0,19,19,19],"floor_reached":51,"playtime":2694,"items_purged":["Defend_R","Strike_R","Defend_R"],"score":759,"play_id":"d945c2f4-b35d-4722-bb97-b066a079214b","local_time":"20190617083138","is_ascension_mode":false,"campfire_choices":[{"data":"Armaments","floor":11,"key":"SMITH"},{"data":"Bash","floor":15,"key":"SMITH"},{"data":"1","floor":23,"key":"LIFT"},{"data":"2","floor":27,"key":"LIFT"},{"data":"3","floor":28,"key":"LIFT"},{"floor":32,"key":"REST"},{"data":"Shrug It Off","floor":40,"key":"SMITH"},{"data":"Body Slam","floor":46,"key":"SMITH"},{"data":"Clothesline","floor":49,"key":"SMITH"}],"neow_cost":"NONE","seed_source_timestamp":341554319350939,"circlet_count":0,"master_deck":["Strike_R","Strike_R","Strike_R","Strike_R","Defend_R","Defend_R","Bash+1","Armaments+1","Clothesline+1","Clash","Cleave","Flex","Clash","Clash","Clash","Shrug It Off+1","Shrug It Off+1","Doubt","Body Slam+1"],"relics":["Burning Blood","Anchor","Oddly Smooth Stone","Strawberry","Blue Candle","Odd Mushroom","Philosopher\u0027s Stone","Girya","Shuriken","MawBank","Enchiridion","WingedGreaves","Bag of Preparation","Ginger","Cursed Key","Meat on the Bone","Red Mask"],"potions_floor_usage":[6,6,8,16,16,16,19,33,50,50,50],"damage_taken":[{"damage":8,"enemies":"Cultist","floor":1,"turns":5},{"damage":2,"enemies":"Jaw Worm","floor":2,"turns":5},{"damage":5,"enemies":"Small Slimes","floor":4,"turns":4},{"damage":5,"enemies":"Looter","floor":5,"turns":4},{"damage":26,"enemies":"3 Sentries","floor":6,"turns":11},{"damage":1,"enemies":"Exordium Thugs","floor":7,"turns":5},{"damage":16,"enemies":"Gremlin Nob","floor":8,"turns":5},{"damage":0,"enemies":"3 Louse","floor":12,"turns":3},{"damage":9,"enemies":"The Mushroom Lair","floor":13,"turns":3},{"damage":0,"enemies":"2 Fungi Beasts","floor":14,"turns":2},{"damage":51,"enemies":"Hexaghost","floor":16,"turns":12},{"damage":4,"enemies":"3 Byrds","floor":18,"turns":5},{"damage":9,"enemies":"Colosseum Slavers","floor":19,"turns":4},{"damage":18,"enemies":"Colosseum Nobs","floor":19,"turns":4},{"damage":9,"enemies":"2 Thieves","floor":22,"turns":3},{"damage":2,"enemies":"3 Cultists","floor":24,"turns":5},{"damage":1,"enemies":"Snake Plant","floor":30,"turns":2},{"damage":59,"enemies":"Automaton","floor":33,"turns":7},{"damage":8,"enemies":"3 Darklings","floor":35,"turns":3},{"damage":0,"enemies":"Orb Walker","floor":38,"turns":1},{"damage":3,"enemies":"4 Shapes","floor":39,"turns":5},{"damage":0,"enemies":"Transient","floor":42,"turns":5},{"damage":6,"enemies":"3 Darklings","floor":45,"turns":3},{"damage":1,"enemies":"Sphere and 2 Shapes","floor":48,"turns":3},{"damage":65,"enemies":"Time Eater","floor":50,"turns":9}],"seed_played":"-2514878659738978731","potions_obtained":[{"floor":1,"key":"SneckoOil"},{"floor":3,"key":"Regen Potion"},{"floor":3,"key":"EssenceOfSteel"},{"floor":3,"key":"Block Potion"},{"floor":6,"key":"SpeedPotion"},{"floor":7,"key":"SpeedPotion"},{"floor":13,"key":"SkillPotion"},{"floor":16,"key":"AttackPotion"},{"floor":19,"key":"LiquidBronze"},{"floor":33,"key":"Block Potion"},{"floor":35,"key":"GamblersBrew"},{"floor":39,"key":"Swift Potion"}],"is_trial":false,"path_per_floor":["M","M","?","M","M","E","M","E","T","$","R","M","?","M","R","B",null,"M","?","T","?","M","R","M","?","T","R","R","?","M","$","R","B",null,"M","$","?","M","M","R","?","M","T","$","M","R","?","M","R","B",null],"character_chosen":"IRONCLAD","items_purchased":["Blue Candle","Ginger"],"campfire_rested":1,"item_purchase_floors":[10,31],"current_hp_per_floor":[78,80,80,80,80,60,65,69,76,76,76,82,79,85,85,40,87,87,72,72,72,69,69,73,57,57,57,57,57,62,62,87,34,87,85,85,85,87,87,87,87,87,87,87,87,87,87,87,87,40],"gold":19,"neow_bonus":"HUNDRED_GOLD","is_prod":false,"is_daily":false,"chose_seed":false,"campfire_upgraded":5,"win_rate":0,"timestamp":1560727898,"path_taken":["M","?","?","M","M","E","M","E","T","$","R","?","?","M","R","BOSS","M","?","?","?","M","R","M","?","T","R","R","?","M","$","R","BOSS","M","$","?","M","M","R","?","?","T","$","M","R","?","M","R","BOSS"],"build_version":"2019-01-23","purchased_purges":3,"victory":true,"max_hp_per_floor":[80,80,80,80,80,80,80,80,87,87,87,87,87,87,87,87,87,87,87,87,87,87,87,87,87,87,87,87,87,87,87,87,87,87,87,87,87,87,87,87,87,87,87,87,87,87,87,87,87,87],"card_choices":[{"not_picked":["Entrench","Iron Wave"],"picked":"Armaments","floor":1},{"not_picked":["Anger","Carnage","Intimidate"],"picked":"SKIP","floor":2},{"not_picked":["Warcry","Intimidate"],"picked":"Clothesline","floor":4},{"not_picked":["Heavy Blade","Clothesline","Infernal Blade"],"picked":"SKIP","floor":5},{"not_picked":["Spot Weakness","Anger"],"picked":"Clash","floor":6},{"not_picked":["Spot Weakness","Headbutt","Reaper"],"picked":"SKIP","floor":7},{"not_picked":["Warcry","Havoc"],"picked":"Cleave","floor":8},{"not_picked":["Disarm","Headbutt"],"picked":"Flex","floor":12},{"not_picked":["Clothesline","Twin Strike","Inflame"],"picked":"SKIP","floor":14},{"not_picked":["Wild Strike","Body Slam"],"picked":"Clash","floor":18},{"not_picked":["Rage+1","Evolve"],"picked":"Clash","floor":22},{"not_picked":["True Grit+1","Sword Boomerang"],"picked":"Clash","floor":24},{"not_picked":["Perfected Strike","Warcry"],"picked":"Shrug It Off","floor":30},{"not_picked":["Perfected Strike+1","Rupture+1","Armaments+1"],"picked":"SKIP","floor":35},{"not_picked":["Ghostly Armor+1","Fire Breathing","Twin Strike+1"],"picked":"SKIP","floor":38},{"not_picked":["Clothesline+1","Body Slam+1"],"picked":"Shrug It Off+1","floor":39},{"not_picked":["Anger","Dark Embrace","Seeing Red"],"picked":"SKIP","floor":42},{"not_picked":["Clothesline","Iron Wave+1"],"picked":"Body Slam","floor":45},{"not_picked":["Whirlwind+1","Pommel Strike+1","Reckless Charge"],"picked":"SKIP","floor":48}],"player_experience":157323,"relics_obtained":[{"floor":6,"key":"Anchor"},{"floor":8,"key":"Oddly Smooth Stone"},{"floor":9,"key":"Strawberry"},{"floor":13,"key":"Odd Mushroom"},{"floor":19,"key":"Girya"},{"floor":19,"key":"Shuriken"},{"floor":20,"key":"MawBank"},{"floor":25,"key":"Enchiridion"},{"floor":26,"key":"WingedGreaves"},{"floor":43,"key":"Meat on the Bone"}],"event_choices":[{"damage_healed":0,"gold_gain":0,"player_choice":"Got Potions","damage_taken":0,"max_hp_gain":0,"max_hp_loss":0,"event_name":"Lab","floor":3,"gold_loss":0},{"damage_healed":0,"gold_gain":0,"player_choice":"Fought Mushrooms","damage_taken":0,"max_hp_gain":0,"max_hp_loss":0,"event_name":"Mushrooms","floor":13,"gold_loss":0},{"damage_healed":0,"gold_gain":0,"player_choice":"Fight","damage_taken":0,"max_hp_gain":0,"max_hp_loss":0,"event_name":"Colosseum","floor":19,"gold_loss":0},{"damage_healed":0,"gold_gain":0,"player_choice":"Fought Nobs","damage_taken":0,"max_hp_gain":0,"max_hp_loss":0,"event_name":"Colosseum","floor":19,"gold_loss":0},{"damage_healed":0,"gold_gain":0,"player_choice":"Ignored","damage_taken":0,"max_hp_gain":0,"max_hp_loss":0,"event_name":"Ghosts","floor":21,"gold_loss":0},{"damage_healed":0,"gold_gain":0,"player_choice":"Obtained Book","damage_taken":16,"max_hp_gain":0,"max_hp_loss":0,"event_name":"Cursed Tome","floor":25,"gold_loss":0},{"damage_healed":0,"gold_gain":0,"player_choice":"Obtained Relic","damage_taken":0,"relics_obtained":["Bag of Preparation"],"max_hp_gain":0,"max_hp_loss":0,"event_name":"Addict","floor":29,"gold_loss":85},{"damage_healed":0,"gold_gain":0,"player_choice":"Ignored","damage_taken":0,"max_hp_gain":0,"max_hp_loss":0,"event_name":"Mysterious Sphere","floor":37,"gold_loss":0},{"damage_healed":0,"gold_gain":0,"player_choice":"Ignored","damage_taken":0,"max_hp_gain":0,"max_hp_loss":0,"event_name":"SecretPortal","floor":41,"gold_loss":0},{"damage_healed":0,"gold_gain":0,"player_choice":"Paid","damage_taken":0,"relics_obtained":["Red Mask"],"max_hp_gain":0,"max_hp_loss":0,"event_name":"Tomb of Lord Red Mask","floor":47,"gold_loss":66}],"is_beta":false,"boss_relics":[{"not_picked":["Coffee Dripper","Eternal Feather"],"picked":"Philosopher\u0027s Stone"},{"not_picked":["Lizard Tail","Black Star"],"picked":"Cursed Key"}],"items_purged_floors":[10,31,36],"is_endless":false,"potions_floor_spawned":[1,6,7,13,16,19,19,33,35,39],"ascension_level":0}