{"gold_per_floor":[119,135,150,150,162,162,189,189,189,201,201,201,221,253,253,351,351,366,384,404,26,26],"floor_reached":22,"playtime":2029,"items_purged":["Streamline"],"score":307,"play_id":"29e74cb2-9d80-47f3-a7fb-b46bc53a5ad0","local_time":"20190429140548","is_ascension_mode":true,"campfire_choices":[{"data":"Zap","floor":6,"key":"SMITH"},{"data":"Doom and Gloom","floor":8,"key":"SMITH"},{"floor":11,"key":"REST"},{"data":"Scrape","floor":15,"key":"SMITH"}],"neow_cost":"NONE","seed_source_timestamp":4445298037069,"circlet_count":0,"master_deck":["AscendersBane","Zap+1","Dualcast","Sweeping Beam","Undo","Gash","Doom and Gloom+1","Scrape+1","Go for the Eyes","BootSequence","Echo Form","Self Repair","Static Discharge","BootSequence","Double Energy","Genetic Algorithm","Compile Driver","Hologram","Turbo"],"relics":["Cracked Core","Boot","Art of War","Singing Bowl","Pandora\u0027s Box","Meat on the Bone"],"potions_floor_usage":[7,7],"damage_taken":[{"damage":2,"enemies":"Jaw Worm","floor":1,"turns":3},{"damage":0,"enemies":"Cultist","floor":2,"turns":4},{"damage":6,"enemies":"2 Louse","floor":3,"turns":3},{"damage":9,"enemies":"Red Slaver","floor":5,"turns":3},{"damage":22,"enemies":"Gremlin Nob","floor":7,"turns":4},{"damage":0,"enemies":"Looter","floor":10,"turns":2},{"damage":0,"enemies":"Blue Slaver","floor":13,"turns":3},{"damage":22,"enemies":"3 Sentries","floor":14,"turns":6},{"damage":17,"enemies":"The Guardian","floor":16,"turns":12},{"damage":30,"enemies":"3 Byrds","floor":18,"turns":3},{"damage":17,"enemies":"Spheric Guardian","floor":19,"turns":4},{"damage":15,"enemies":"Snake Plant","floor":20,"turns":4},{"damage":10,"enemies":"Centurion and Healer","floor":22,"turns":2}],"seed_played":"-5225183546475227657","potions_obtained":[{"floor":1,"key":"GamblersBrew"},{"floor":2,"key":"Weak Potion"},{"floor":13,"key":"Poison Potion"},{"floor":16,"key":"Dexterity Potion"}],"is_trial":false,"path_per_floor":["M","M","M","?","M","R","E","R","T","M","R","?","M","E","R","B",null,"M","M","M","$","M"],"character_chosen":"DEFECT","items_purchased":["Meat on the Bone","Turbo"],"campfire_rested":1,"item_purchase_floors":[21,21],"current_hp_per_floor":[66,66,60,60,51,51,29,29,29,29,51,51,51,29,29,12,59,29,21,8,8,0],"gold":26,"neow_bonus":"THREE_CARDS","is_prod":false,"is_daily":false,"chose_seed":false,"campfire_upgraded":3,"win_rate":0,"timestamp":1556539548,"path_taken":["M","M","M","?","M","R","E","R","T","?","R","?","M","E","R","BOSS","M","M","M","$","M"],"build_version":"2019-01-23","purchased_purges":1,"victory":false,"max_hp_per_floor":[75,75,75,75,75,75,75,75,75,75,75,75,75,75,75,75,75,75,77,79,79,79],"card_choices":[{"not_picked":["Compile Driver","Auto Shields"],"picked":"Sweeping Beam","floor":0},{"not_picked":["Redo","Sweeping Beam"],"picked":"Undo","floor":1},{"not_picked":["Leap","Barrage"],"picked":"Gash","floor":2},{"not_picked":["Undo","Turbo","Heatsinks"],"picked":"SKIP","floor":3},{"not_picked":["Redo","Barrage","Rebound"],"picked":"SKIP","floor":5},{"not_picked":["Reinforced Body","All For One"],"picked":"Doom and Gloom","floor":7},{"not_picked":["Rebound","Compile Driver","Lockon"],"picked":"SKIP","floor":10},{"not_picked":["Sweeping Beam","Cold Snap"],"picked":"Go for the Eyes","floor":13},{"not_picked":["Turbo","Beam Cell"],"picked":"BootSequence","floor":14},{"not_picked":["Multi-Cast","Reboot"],"picked":"Echo Form","floor":16},{"not_picked":["Streamline","Turbo"],"picked":"Hologram","floor":18},{"not_picked":["Compile Driver","Chaos","Steam"],"picked":"Singing Bowl","floor":19},{"not_picked":["Turbo","Redo","Stack"],"picked":"Singing Bowl","floor":20}],"player_experience":541709,"relics_obtained":[{"floor":7,"key":"Boot"},{"floor":9,"key":"Art of War"},{"floor":14,"key":"Singing Bowl"}],"event_choices":[{"damage_healed":0,"gold_gain":0,"player_choice":"Got Potions","damage_taken":0,"max_hp_gain":0,"max_hp_loss":0,"event_name":"Lab","floor":4,"gold_loss":0},{"damage_healed":0,"gold_gain":0,"cards_transformed":["Strike_B"],"player_choice":"Transformed","damage_taken":0,"max_hp_gain":0,"max_hp_loss":0,"event_name":"Transmorgrifier","floor":12,"gold_loss":0,"cards_obtained":["Scrape"]}],"is_beta":false,"boss_relics":[{"not_picked":["Coffee Dripper","Ectoplasm"],"picked":"Pandora\u0027s Box"}],"items_purged_floors":[21],"is_endless":false,"potions_floor_spawned":[1,2,13,16,19],"killed_by":"Centurion and Healer","ascension_level":11}