{"gold_per_floor":[117,117,132,57,57,57,91,112,112,126,126],"floor_reached":11,"playtime":207,"items_purged":["Strike_G"],"score":142,"play_id":"4ffe3be1-1c3d-4db0-bd27-d8250b808010","local_time":"20190125213118","is_ascension_mode":true,"campfire_choices":[{"data":"Predator","floor":6,"key":"SMITH"}],"neow_cost":"NONE","seed_source_timestamp":1506146353703670,"circlet_count":0,"master_deck":["Defend_G","Defend_G","Defend_G","Defend_G","Defend_G","Strike_G","Strike_G","Strike_G","Strike_G","Survivor","Neutralize","Catalyst","Predator+1","Poisoned Stab","Deadly Poison","Blur"],"relics":["Ring of the Snake","NeowsBlessing","Golden Idol","Matryoshka","Ninja Scroll","Darkstone Periapt"],"potions_floor_usage":[],"damage_taken":[{"damage":0,"enemies":"Jaw Worm","floor":1,"turns":1},{"damage":0,"enemies":"2 Louse","floor":3,"turns":1},{"damage":0,"enemies":"Lagavulin","floor":7,"turns":1},{"damage":6,"enemies":"Cultist","floor":8,"turns":3},{"damage":6,"enemies":"Looter","floor":10,"turns":3},{"damage":37,"enemies":"3 Sentries","floor":11,"turns":5}],"seed_played":"764096142101375717","potions_obtained":[{"floor":10,"key":"SteroidPotion"}],"is_trial":false,"path_per_floor":["M","?","M","$","?","R","E","M","T","M","E"],"character_chosen":"THE_SILENT","items_purchased":[],"campfire_rested":0,"item_purchase_floors":[],"current_hp_per_floor":[63,46,46,46,46,46,46,40,40,34,0],"gold":126,"neow_bonus":"THREE_ENEMY_KILL","is_prod":false,"is_daily":false,"chose_seed":false,"campfire_upgraded":1,"win_rate":0,"timestamp":1548480678,"path_taken":["M","?","M","$","?","R","E","M","T","M","E"],"build_version":"2019-01-23","purchased_purges":1,"victory":false,"max_hp_per_floor":[70,70,70,70,70,70,70,70,70,70,70],"card_choices":[{"not_picked":["Outmaneuver","Deflect"],"picked":"Catalyst","floor":1},{"not_picked":["Dagger Throw","Blade Dance"],"picked":"Predator","floor":3},{"not_picked":["Reflex","Dagger Spray"],"picked":"Poisoned Stab","floor":7},{"not_picked":["PiercingWail","Expertise"],"picked":"Deadly Poison","floor":8},{"not_picked":["Burst","Sucker Punch"],"picked":"Blur","floor":10}],"player_experience":399299,"relics_obtained":[{"floor":7,"key":"Matryoshka"},{"floor":9,"key":"Ninja Scroll"},{"floor":9,"key":"Darkstone Periapt"}],"event_choices":[{"damage_healed":0,"gold_gain":0,"player_choice":"Take Damage","damage_taken":17,"relics_obtained":["Golden Idol"],"max_hp_gain":0,"max_hp_loss":0,"event_name":"Golden Idol","floor":2,"gold_loss":0},{"damage_healed":0,"gold_gain":0,"player_choice":"Ignored","damage_taken":0,"max_hp_gain":0,"max_hp_loss":0,"event_name":"Liars Game","floor":5,"gold_loss":0}],"is_beta":false,"boss_relics":[],"items_purged_floors":[4],"is_endless":false,"potions_floor_spawned":[10],"killed_by":"3 Sentries","ascension_level":9}