{"gold_per_floor":[99,49,49,66,66,66,94,94,118,137,153,173,100,120,120,120],"floor_reached":16,"playtime":391,"items_purged":["Strike_G"],"score":197,"play_id":"203a2890-f0eb-41b5-9856-ca203e812de6","local_time":"20190130030312","is_ascension_mode":true,"campfire_choices":[{"data":"Cloak And Dagger","floor":6,"key":"SMITH"},{"data":"Deadly Poison","floor":15,"key":"SMITH"}],"neow_cost":"NONE","seed_source_timestamp":1871474657257310,"circlet_count":0,"master_deck":["AscendersBane","Defend_G","Defend_G","Defend_G","Defend_G","Defend_G","Strike_G","Strike_G","Survivor","Neutralize","Cloak And Dagger+1","Leg Sweep","Flying Knee","Deadly Poison","Deadly Poison+1","Backflip","Poisoned Stab"],"relics":["Ring of the Snake","NeowsBlessing","Smiling Mask","Dead Branch","Lantern"],"potions_floor_usage":[16,16],"damage_taken":[{"damage":0,"enemies":"Jaw Worm","floor":1,"turns":1},{"damage":0,"enemies":"2 Louse","floor":4,"turns":1},{"damage":0,"enemies":"Lagavulin","floor":7,"turns":1},{"damage":0,"enemies":"Cultist","floor":10,"turns":4},{"damage":9,"enemies":"Exordium Wildlife","floor":11,"turns":5},{"damage":1,"enemies":"Exordium Thugs","floor":12,"turns":3},{"damage":2,"enemies":"Looter","floor":14,"turns":3},{"damage":26,"enemies":"Slime Boss","floor":16,"turns":6}],"seed_played":"7956975046901345591","potions_obtained":[{"floor":4,"key":"Ancient Potion"},{"floor":12,"key":"Weak Potion"}],"is_trial":false,"path_per_floor":["M","?","$","M","?","R","E","?","T","M","M","M","$","M","R","B"],"character_chosen":"THE_SILENT","items_purchased":["Backflip"],"campfire_rested":0,"item_purchase_floors":[13],"current_hp_per_floor":[63,63,63,63,63,63,63,30,30,30,21,20,20,18,18,0],"gold":120,"neow_bonus":"THREE_ENEMY_KILL","is_prod":false,"is_daily":false,"chose_seed":false,"campfire_upgraded":2,"win_rate":0,"timestamp":1548846192,"path_taken":["M","?","$","M","?","R","E","?","T","M","?","M","?","M","R","BOSS"],"build_version":"2019-01-23","purchased_purges":1,"victory":false,"max_hp_per_floor":[70,70,70,70,70,70,70,70,70,70,70,70,70,70,70,70],"card_choices":[{"not_picked":["All Out Attack","Expertise"],"picked":"Cloak And Dagger","floor":1},{"not_picked":["Outmaneuver","Blade Dance"],"picked":"Leg Sweep","floor":4},{"not_picked":["Choke","Sucker Punch"],"picked":"Flying Knee","floor":7},{"not_picked":["Calculated Gamble","Sucker Punch","Dagger Spray"],"picked":"SKIP","floor":10},{"not_picked":["Predator","Prepared"],"picked":"Deadly Poison","floor":11},{"not_picked":["Expertise","Accuracy"],"picked":"Deadly Poison","floor":12},{"not_picked":["Dagger Throw","Well Laid Plans"],"picked":"Poisoned Stab","floor":14}],"player_experience":441280,"relics_obtained":[{"floor":7,"key":"Smiling Mask"},{"floor":9,"key":"Lantern"}],"event_choices":[{"cards_removed":["Strike_G"],"damage_healed":0,"gold_gain":0,"player_choice":"Card Removal","damage_taken":0,"max_hp_gain":0,"max_hp_loss":0,"event_name":"The Cleric","floor":2,"gold_loss":50},{"cards_removed":["Strike_G"],"damage_healed":0,"gold_gain":0,"player_choice":"Forget","damage_taken":0,"max_hp_gain":0,"max_hp_loss":0,"event_name":"Living Wall","floor":5,"gold_loss":0},{"damage_healed":0,"gold_gain":0,"player_choice":"Success","damage_taken":33,"relics_obtained":["Dead Branch"],"max_hp_gain":0,"max_hp_loss":0,"event_name":"Scrap Ooze","floor":8,"gold_loss":0}],"is_beta":false,"boss_relics":[],"items_purged_floors":[13],"is_endless":false,"potions_floor_spawned":[4,12],"killed_by":"Slime Boss","ascension_level":11}