{"gold_per_floor":[113,113,123,198,473,504,533,561,573,189,189,215,241,55,55,131,131,106,116,143,143,58,58,58],"floor_reached":24,"playtime":3671,"items_purged":["Regret","Strike_R"],"score":431,"play_id":"b87bbe06-6004-4258-887c-da06d718f451","local_time":"20190403122113","is_ascension_mode":true,"campfire_choices":[{"data":"Shockwave","floor":15,"key":"SMITH"},{"floor":23,"key":"REST"}],"neow_cost":"NONE","seed_source_timestamp":0,"circlet_count":0,"master_deck":["AscendersBane","Strike_R+1","Strike_R+1","Strike_R+1","Strike_R+1","Defend_R+1","Defend_R+1","Defend_R+1","Defend_R+1","Bash+1","Carnage","Metallicize","Inflame","Cleave","Impervious","Anger","Disarm","Shockwave+1","Exhume","Combust","Metallicize"],"special_seed":0,"relics":["Burning Blood","NeowsBlessing","MawBank","Shuriken","Kunai","Bag of Marbles","Mercury Hourglass","Runic Cube","Red Mask","Ancient Tea Set"],"potions_floor_usage":[],"damage_taken":[{"damage":0.0,"enemies":"2 Louse","floor":1.0,"turns":1.0},{"damage":0.0,"enemies":"Cultist","floor":3.0,"turns":1.0},{"damage":3.0,"enemies":"3 Sentries","floor":6.0,"turns":2.0},{"damage":16.0,"enemies":"Small Slimes","floor":7.0,"turns":5.0},{"damage":9.0,"enemies":"3 Louse","floor":8.0,"turns":4.0},{"damage":5.0,"enemies":"Lagavulin","floor":13.0,"turns":6.0},{"damage":11,"enemies":"The Guardian","floor":16,"turns":10},{"damage":27,"enemies":"2 Thieves","floor":18,"turns":4},{"damage":26,"enemies":"Spheric Guardian","floor":19,"turns":6},{"damage":21,"enemies":"Masked Bandits","floor":20,"turns":3},{"damage":34,"enemies":"Slavers","floor":24,"turns":4}],"seed_played":"2036368613463103758","potions_obtained":[{"floor":1.0,"key":"SpeedPotion"},{"floor":6.0,"key":"EssenceOfSteel"},{"floor":20,"key":"FearPotion"}],"is_trial":false,"path_per_floor":["M","?","M","?","?","E","M","M","T","$","?","T","E","$","R","B",null,"M","M","?","?","?","R","E"],"character_chosen":"IRONCLAD","items_purchased":["Kunai","Anger","Shockwave"],"campfire_rested":1,"item_purchase_floors":[10,10,14],"current_hp_per_floor":[74,74,75,64,64,67,57,54,54,54,31,31,32,32,32,27,63,42,22,7,7,7,29,0],"gold":58,"neow_bonus":"THREE_ENEMY_KILL","is_prod":false,"is_daily":false,"chose_seed":false,"campfire_upgraded":1,"win_rate":0,"timestamp":1554286873,"path_taken":["M","?","?","?","?","E","?","?","T","$","?","?","E","$","R","BOSS","M","M","?","?","?","R","E"],"build_version":"2019-01-23","purchased_purges":2,"victory":false,"max_hp_per_floor":[75,75,75,75,75,75,75,75,75,75,75,75,75,75,75,75,75,75,75,75,75,75,75,75],"card_choices":[{"not_picked":["Disarm","Shrug It Off"],"picked":"Carnage","floor":1.0},{"not_picked":["Sever Soul","Dropkick"],"picked":"Metallicize","floor":3.0},{"not_picked":["Clash","Corruption"],"picked":"Inflame","floor":6.0},{"not_picked":["Burning Pact","Body Slam"],"picked":"Cleave","floor":7.0},{"not_picked":["Twin Strike","True Grit"],"picked":"Impervious","floor":8.0},{"not_picked":["Perfected Strike","Clash"],"picked":"Disarm","floor":13.0},{"not_picked":["Dark Embrace","Brutality"],"picked":"Exhume","floor":16},{"not_picked":["Flex","Power Through"],"picked":"Combust","floor":18},{"not_picked":["Clash","Shrug It Off"],"picked":"Metallicize","floor":19}],"player_experience":388928,"relics_obtained":[{"floor":6.0,"key":"MawBank"},{"floor":9.0,"key":"Shuriken"},{"floor":12.0,"key":"Bag of Marbles"},{"floor":13.0,"key":"Mercury Hourglass"},{"floor":20,"key":"Red Mask"}],"event_choices":[{"damage_healed":0.0,"max_hp_gain":0.0,"max_hp_loss":0.0,"gold_gain":0.0,"event_name":"Match and Keep!","player_choice":"0 cards matched","floor":2.0,"gold_loss":0.0,"damage_taken":0.0,"cards_obtained":[]},{"damage_healed":0.0,"max_hp_gain":0.0,"max_hp_loss":0.0,"gold_gain":75.0,"event_name":"World of Goop","player_choice":"Gather Gold","floor":4.0,"gold_loss":0.0,"damage_taken":11.0},{"damage_healed":0.0,"max_hp_gain":0.0,"max_hp_loss":0.0,"gold_gain":275.0,"event_name":"Golden Shrine","player_choice":"Desecrate","floor":5.0,"gold_loss":0.0,"damage_taken":0.0,"cards_obtained":["Regret"]},{"damage_healed":0.0,"max_hp_gain":0.0,"max_hp_loss":0.0,"gold_gain":0.0,"event_name":"Shining Light","player_choice":"Entered Light","floor":11.0,"gold_loss":0.0,"damage_taken":23.0,"cards_upgraded":["Strike_R","Bash"]},{"damage_healed":0,"gold_gain":0,"player_choice":"Fought Bandits","damage_taken":0,"max_hp_gain":0,"max_hp_loss":0,"event_name":"Masked Bandits","floor":20,"gold_loss":0},{"damage_healed":0,"gold_gain":0,"player_choice":"Simplicity","damage_taken":0,"max_hp_gain":0,"max_hp_loss":0,"event_name":"Back to Basics","floor":21,"gold_loss":0,"cards_upgraded":["Strike_R","Strike_R","Strike_R","Defend_R","Defend_R","Defend_R","Defend_R"]},{"damage_healed":0,"gold_gain":0,"player_choice":"Obtained Relic","damage_taken":0,"relics_obtained":["Ancient Tea Set"],"max_hp_gain":0,"max_hp_loss":0,"event_name":"Addict","floor":22,"gold_loss":85}],"is_beta":false,"boss_relics":[{"not_picked":["Coffee Dripper","Mark of Pain"],"picked":"Runic Cube"}],"items_purged_floors":[10,14],"is_endless":false,"potions_floor_spawned":[1,6,7,20],"killed_by":"Slavers","ascension_level":18}