{"gold_per_floor":[12,12,25,25,37,37,37,62,116,116,129,142,142],"floor_reached":13,"playtime":949,"items_purged":[],"score":157,"play_id":"9d9c14fa-72be-49ac-bf61-f5196dd54ae5","local_time":"20190516105658","is_ascension_mode":true,"campfire_choices":[{"data":"Neutralize","floor":6,"key":"SMITH"},{"floor":10,"key":"REST"}],"neow_cost":"NO_GOLD","seed_source_timestamp":56554140806479,"circlet_count":0,"master_deck":["AscendersBane","Defend_G","Defend_G","Defend_G","Defend_G","Defend_G","Strike_G","Strike_G","Strike_G","Strike_G","Strike_G","Survivor","Neutralize+1","Malaise","Deflect","Dagger Spray","Well Laid Plans","Wraith Form v2","Bouncing Flask"],"relics":["Ring of the Snake","Regal Pillow","Potion Belt","Tiny Chest"],"potions_floor_usage":[8,13],"damage_taken":[{"damage":0,"enemies":"2 Louse","floor":1,"turns":3},{"damage":6,"enemies":"Small Slimes","floor":3,"turns":4},{"damage":1,"enemies":"Cultist","floor":5,"turns":4},{"damage":30,"enemies":"Gremlin Nob","floor":8,"turns":7},{"damage":10,"enemies":"3 Louse","floor":11,"turns":4},{"damage":22,"enemies":"Large Slime","floor":12,"turns":11},{"damage":12,"enemies":"3 Sentries","floor":13,"turns":4}],"seed_played":"4986046451803107164","potions_obtained":[{"floor":1,"key":"Swift Potion"},{"floor":5,"key":"Weak Potion"},{"floor":12,"key":"FearPotion"}],"is_trial":false,"path_per_floor":["M","?","M","?","M","R","?","E","T","R","M","M","E"],"character_chosen":"THE_SILENT","items_purchased":[],"campfire_rested":1,"item_purchase_floors":[],"current_hp_per_floor":[59,59,53,42,41,41,41,11,11,45,35,13,1],"gold":142,"neow_bonus":"THREE_RARE_CARDS","is_prod":false,"is_daily":false,"chose_seed":false,"campfire_upgraded":1,"win_rate":0,"timestamp":1557997018,"path_taken":["M","?","M","?","M","R","?","E","T","R","M","?","E"],"build_version":"2019-01-23","purchased_purges":0,"victory":false,"max_hp_per_floor":[66,66,66,66,66,66,66,66,66,66,66,66,66],"card_choices":[{"not_picked":["Bullet Time","A Thousand Cuts"],"picked":"Malaise","floor":0},{"not_picked":["Concentrate","Predator"],"picked":"Deflect","floor":1},{"not_picked":["Sucker Punch","Blade Dance"],"picked":"Dagger Spray","floor":3},{"not_picked":["Dagger Throw","Setup"],"picked":"Well Laid Plans","floor":5},{"not_picked":["Finisher","Expertise","Eviscerate"],"picked":"SKIP","floor":8},{"not_picked":["Cloak And Dagger","Phantasmal Killer","Slice"],"picked":"SKIP","floor":11},{"not_picked":["Quick Slash","Eviscerate"],"picked":"Bouncing Flask","floor":12}],"player_experience":645044,"relics_obtained":[{"floor":8,"key":"Potion Belt"},{"floor":9,"key":"Tiny Chest"}],"event_choices":[{"damage_healed":0,"gold_gain":0,"player_choice":"Ignored","damage_taken":0,"max_hp_gain":0,"max_hp_loss":0,"event_name":"Liars Game","floor":2,"gold_loss":0},{"damage_healed":0,"gold_gain":0,"player_choice":"Success","damage_taken":11,"relics_obtained":["Regal Pillow"],"max_hp_gain":0,"max_hp_loss":0,"event_name":"Scrap Ooze","floor":4,"gold_loss":0},{"damage_healed":0,"gold_gain":0,"player_choice":"1 cards matched","damage_taken":0,"max_hp_gain":0,"max_hp_loss":0,"event_name":"Match and Keep!","floor":7,"gold_loss":0,"cards_obtained":["Wraith Form v2"]}],"is_beta":false,"boss_relics":[],"items_purged_floors":[],"is_endless":false,"potions_floor_spawned":[1,5,12],"killed_by":"3 Sentries","ascension_level":17}