{"gold_per_floor":[112,112,127,16,32,60,74,74,128,128,128,161,161,173,173,247,247,267,20,36,36,36,71,71,102,102,27,27,27,27,42,42,118,118,128,128,128,128,148,148,165,165,165,165,196,53,82,98,98,98],"floor_reached":51,"playtime":6624,"items_purged":["Strike_B","Defend_B"],"score":1376,"play_id":"f83a97f2-c435-477d-941b-7bed4c194d07","local_time":"20190604115515","is_ascension_mode":true,"campfire_choices":[{"floor":8.0,"key":"REST"},{"data":"Zap","floor":11.0,"key":"SMITH"},{"floor":15.0,"key":"REST"},{"floor":24.0,"key":"REST"},{"floor":30.0,"key":"REST"},{"data":"Defragment","floor":32.0,"key":"SMITH"},{"floor":40,"key":"REST"},{"floor":42,"key":"REST"},{"floor":49,"key":"REST"}],"neow_cost":"NONE","seed_source_timestamp":0,"circlet_count":0,"master_deck":["AscendersBane","Defend_B","Defend_B","Defend_B","Zap+1","Dualcast","Sweeping Beam","Loop","Coolheaded","Gash+1","Electrodynamics","Glacier","Undo","Loop","Seek","Static Discharge","Capacitor","Doom and Gloom","Stack","Barrage+1","Genetic Algorithm","Amplify","Compile Driver","Defragment+1","Reboot","Coolheaded","Echo Form+1","Capacitor+1","Stack","White Noise","Go for the Eyes+1","Tempest","Steam","Consume+1"],"special_seed":0,"relics":["Cracked Core","Potion Belt","Matryoshka","Oddly Smooth Stone","Blue Candle","Whetstone","DataDisk","Nuclear Battery","Ice Cream","Peace Pipe","Pen Nib","Frozen Egg 2","Runic Pyramid","Dream Catcher","Happy Flower","Ancient Tea Set"],"potions_floor_usage":[48,48,50,50],"damage_taken":[{"damage":4.0,"enemies":"Jaw Worm","floor":1.0,"turns":3.0},{"damage":1.0,"enemies":"Cultist","floor":3.0,"turns":3.0},{"damage":8.0,"enemies":"Small Slimes","floor":5.0,"turns":3.0},{"damage":21.0,"enemies":"Lagavulin","floor":6.0,"turns":7.0},{"damage":7.0,"enemies":"2 Fungi Beasts","floor":7.0,"turns":5.0},{"damage":24.0,"enemies":"Gremlin Nob","floor":12.0,"turns":4.0},{"damage":0.0,"enemies":"Looter","floor":14.0,"turns":2.0},{"damage":22.0,"enemies":"Slime Boss","floor":16.0,"turns":6.0},{"damage":1.0,"enemies":"Chosen","floor":18.0,"turns":4.0},{"damage":21.0,"enemies":"2 Thieves","floor":20.0,"turns":4.0},{"damage":29.0,"enemies":"Gremlin Leader","floor":23.0,"turns":6.0},{"damage":7.0,"enemies":"Book of Stabbing","floor":25.0,"turns":7.0},{"damage":4.0,"enemies":"Cultist and Chosen","floor":31.0,"turns":7.0},{"damage":8.0,"enemies":"Collector","floor":33.0,"turns":9.0},{"damage":0.0,"enemies":"3 Shapes","floor":35.0,"turns":5.0},{"damage":23,"enemies":"3 Darklings","floor":39,"turns":3},{"damage":0,"enemies":"Maw","floor":41,"turns":8},{"damage":25,"enemies":"Reptomancer","floor":45,"turns":8},{"damage":0,"enemies":"Giant Head","floor":47,"turns":9},{"damage":17,"enemies":"Transient","floor":48,"turns":6},{"damage":19,"enemies":"Time Eater","floor":50,"turns":7}],"seed_played":"7369150565667395270","potions_obtained":[{"floor":1.0,"key":"LiquidBronze"},{"floor":3.0,"key":"Poison Potion"},{"floor":6.0,"key":"Ancient Potion"},{"floor":14.0,"key":"FearPotion"},{"floor":18.0,"key":"Explosive Potion"},{"floor":20.0,"key":"SkillPotion"},{"floor":25.0,"key":"Block Potion"},{"floor":31.0,"key":"AttackPotion"},{"floor":39,"key":"FearPotion"},{"floor":47,"key":"Fire Potion"}],"is_trial":false,"path_per_floor":["M","?","M","$","M","E","M","R","T","?","R","E","?","M","R","B",null,"M","$","M","?","?","E","R","E","T","?","$","?","R","M","R","B",null,"M","T","?","?","M","R","M","R","T","?","E","$","E","M","R","B",null],"character_chosen":"DEFECT","items_purchased":["Coolheaded","Gash","Capacitor","Doom and Gloom","Stack","Tempest"],"campfire_rested":7,"item_purchase_floors":[4,4,19,19,19,46],"current_hp_per_floor":[60,49,48,48,40,19,12,33,33,33,33,9,9,9,30,8,55,54,54,33,33,33,4,25,18,18,18,18,18,39,35,35,27,60,60,60,60,50,27,48,48,69,69,67,42,42,42,25,45,26],"gold":98,"neow_bonus":"RANDOM_COMMON_RELIC","is_prod":false,"is_daily":false,"chose_seed":false,"campfire_upgraded":2,"win_rate":0,"timestamp":1559642115,"path_taken":["M","?","M","?","?","E","M","R","T","?","R","E","?","M","R","BOSS","M","$","M","?","?","E","R","E","T","?","?","?","R","M","R","BOSS","M","?","?","?","M","R","M","R","T","?","E","$","E","M","R","BOSS"],"build_version":"2019-01-23","purchased_purges":2,"victory":true,"max_hp_per_floor":[71,71,71,71,71,71,71,71,71,71,71,71,71,71,71,71,71,71,71,71,71,71,71,71,71,71,71,71,71,71,71,71,71,71,71,71,71,71,71,71,71,71,71,67,67,67,67,67,67,67],"card_choices":[{"not_picked":["Force Field","Streamline"],"picked":"Sweeping Beam","floor":1.0},{"not_picked":["Go for the Eyes","Storm"],"picked":"Loop","floor":3.0},{"not_picked":["Steam","Rebound"],"picked":"Electrodynamics","floor":5.0},{"not_picked":["Tempest","Recycle"],"picked":"Glacier","floor":6.0},{"not_picked":["Barrage","Storm"],"picked":"Undo","floor":7.0},{"not_picked":["Lockon","Redo","Recycle"],"picked":"SKIP","floor":12.0},{"not_picked":["Doom and Gloom","Darkness"],"picked":"Loop","floor":14.0},{"not_picked":["Reboot","Electrodynamics"],"picked":"Seek","floor":16.0},{"not_picked":["Double Energy+1","Rebound"],"picked":"Static Discharge","floor":18.0},{"not_picked":["Melter","Streamline"],"picked":"Barrage+1","floor":20.0},{"not_picked":["Steam Power","Barrage"],"picked":"Compile Driver","floor":23.0},{"not_picked":["Rebound","Glacier"],"picked":"Defragment","floor":25.0},{"not_picked":["Doom and Gloom","Storm+1"],"picked":"Coolheaded","floor":31.0},{"not_picked":["All For One","Rainbow"],"picked":"Echo Form+1","floor":33.0},{"not_picked":["Steam","Aggregate"],"picked":"Capacitor+1","floor":35.0},{"not_picked":["Streamline+1","Ball Lightning"],"picked":"Stack","floor":39},{"not_picked":["Stack","Cold Snap"],"picked":"White Noise","floor":41},{"not_picked":["FTL","Amplify"],"picked":"Go for the Eyes+1","floor":45},{"not_picked":["Ball Lightning","Hello World+1","Beam Cell"],"picked":"SKIP","floor":47},{"not_picked":["Auto Shields","Rip and Tear+1"],"picked":"Steam","floor":48},{"not_picked":["Fusion","Aggregate+1"],"picked":"Consume+1","floor":49}],"player_experience":782123,"relics_obtained":[{"floor":6.0,"key":"Oddly Smooth Stone"},{"floor":9.0,"key":"Blue Candle"},{"floor":9.0,"key":"Whetstone"},{"floor":12.0,"key":"DataDisk"},{"floor":23.0,"key":"Ice Cream"},{"floor":25.0,"key":"Peace Pipe"},{"floor":26.0,"key":"Pen Nib"},{"floor":26.0,"key":"Frozen Egg 2"},{"floor":43,"key":"Dream Catcher"},{"floor":45,"key":"Happy Flower"},{"floor":47,"key":"Ancient Tea Set"}],"event_choices":[{"damage_healed":0.0,"max_hp_gain":0.0,"max_hp_loss":0.0,"gold_gain":0.0,"event_name":"Scrap Ooze","player_choice":"Success","floor":2.0,"gold_loss":0.0,"damage_taken":11.0,"relics_obtained":["Matryoshka"]},{"damage_healed":0.0,"max_hp_gain":0.0,"max_hp_loss":0.0,"gold_gain":0.0,"event_name":"Liars Game","player_choice":"Ignored","floor":10.0,"gold_loss":0.0,"damage_taken":0.0},{"damage_healed":0.0,"max_hp_gain":0.0,"max_hp_loss":0.0,"gold_gain":0.0,"event_name":"Shining Light","player_choice":"Ignored","floor":13.0,"gold_loss":0.0,"damage_taken":0.0},{"damage_healed":0.0,"max_hp_gain":0.0,"max_hp_loss":0.0,"gold_gain":0.0,"event_name":"Forgotten Altar","player_choice":"Smashed Altar","floor":21.0,"gold_loss":0.0,"damage_taken":0.0,"cards_obtained":["Decay"]},{"damage_healed":0.0,"max_hp_gain":0.0,"max_hp_loss":0.0,"gold_gain":0.0,"cards_transformed":["Strike_B","Strike_B"],"event_name":"Drug Dealer","player_choice":"Became Test Subject","floor":22.0,"gold_loss":0.0,"damage_taken":0.0,"cards_obtained":["Genetic Algorithm","Amplify"]},{"cards_removed":["Decay"],"damage_healed":0.0,"max_hp_gain":0.0,"max_hp_loss":0.0,"gold_gain":0.0,"event_name":"Beggar","player_choice":"Gave Gold","floor":27.0,"gold_loss":75.0,"damage_taken":0.0},{"damage_healed":0.0,"max_hp_gain":0.0,"max_hp_loss":0.0,"gold_gain":0.0,"cards_transformed":["Strike_B"],"event_name":"Transmorgrifier","player_choice":"Transformed","floor":29.0,"gold_loss":0.0,"damage_taken":0.0,"cards_obtained":["Reboot"]},{"damage_healed":0,"gold_gain":0,"player_choice":"Ignored","damage_taken":0,"max_hp_gain":0,"max_hp_loss":0,"event_name":"Mysterious Sphere","floor":37,"gold_loss":0},{"damage_healed":0,"gold_gain":0,"player_choice":"Memory 3","damage_taken":10,"max_hp_gain":0,"max_hp_loss":0,"event_name":"SensoryStone","floor":38,"gold_loss":0},{"damage_healed":0,"gold_gain":0,"player_choice":"Max HP","damage_taken":0,"max_hp_gain":0,"max_hp_loss":4,"event_name":"Winding Halls","floor":44,"gold_loss":0}],"is_beta":false,"boss_relics":[{"not_picked":["Coffee Dripper","Eternal Feather"],"picked":"Nuclear Battery"},{"not_picked":["Fusion Hammer","Velvet Choker"],"picked":"Runic Pyramid"}],"items_purged_floors":[19,46],"is_endless":false,"potions_floor_spawned":[1,3,6,14,18,20,25,31,39,47],"ascension_level":18}