{"gold_per_floor":[111,111,64,82,135,173,173,211,237,237,276,294,318,348,348,477,477,497,13,13,38,38,38,57,57,81,58,74,94,129,129,129,252,252,266,341,362,153,177,217,24,24,24,65,84,84,108,141,141,141],"floor_reached":51,"playtime":4185,"items_purged":["Strike_B"],"score":885,"play_id":"d7672e3f-3a67-4969-9dba-20ed33df7ca1","local_time":"20190312213441","is_ascension_mode":true,"campfire_choices":[{"data":"Dualcast","floor":7.0,"key":"SMITH"},{"floor":10.0,"key":"REST"},{"data":"Streamline","floor":15.0,"key":"SMITH"},{"data":"Gash","floor":23.0,"key":"SMITH"},{"data":"Gash","floor":25.0,"key":"SMITH"},{"data":"Coolheaded","floor":32.0,"key":"SMITH"},{"data":"Metamorphosis","floor":42,"key":"SMITH"},{"floor":49,"key":"REST"}],"neow_cost":"NONE","seed_source_timestamp":2095212716863244,"circlet_count":0,"master_deck":["Strike_B+1","Strike_B+1","Strike_B+1","Defend_B+1","Defend_B+1","Defend_B+1","Defend_B+1","Zap","Dualcast+1","Leap","Conserve Battery","Streamline+1","Auto Shields","Sweeping Beam","Gash","Gash+1","Gash+1","Leap+1","Gash","Coolheaded+1","Self Repair","All For One","Reboot","Hologram+1","Steam Power","Master of Strategy","Parasite","Hologram+1","Metamorphosis+1","Scrape","Go for the Eyes"],"special_seed":0,"relics":["Cracked Core","NeowsBlessing","Golden Idol","Lantern","Happy Flower","Orichalcum","Blood Vial","Regal Pillow","Odd Mushroom","Runic Pyramid","Bag of Preparation","Sling","Boot","Oddly Smooth Stone","Sozu","Pen Nib","Dodecahedron","Bag of Marbles","Emotion Chip"],"potions_floor_usage":[39,44],"damage_taken":[{"damage":0.0,"enemies":"Jaw Worm","floor":1.0,"turns":1.0},{"damage":0.0,"enemies":"Cultist","floor":4.0,"turns":1.0},{"damage":0.0,"enemies":"3 Sentries","floor":6.0,"turns":1.0},{"damage":30.0,"enemies":"Lagavulin","floor":8.0,"turns":7.0},{"damage":14.0,"enemies":"3 Sentries","floor":11.0,"turns":9.0},{"damage":0.0,"enemies":"Small Slimes","floor":12.0,"turns":3.0},{"damage":0.0,"enemies":"Exordium Thugs","floor":13.0,"turns":4.0},{"damage":17.0,"enemies":"The Mushroom Lair","floor":14.0,"turns":4.0},{"damage":15.0,"enemies":"The Guardian","floor":16.0,"turns":14.0},{"damage":14.0,"enemies":"Spheric Guardian","floor":18.0,"turns":4.0},{"damage":1.0,"enemies":"Chosen","floor":21.0,"turns":4.0},{"damage":0.0,"enemies":"Snecko","floor":24.0,"turns":6.0},{"damage":0.0,"enemies":"3 Cultists","floor":28.0,"turns":4.0},{"damage":0.0,"enemies":"Chosen and Byrds","floor":29.0,"turns":4.0},{"damage":16.0,"enemies":"Book of Stabbing","floor":30.0,"turns":5.0},{"damage":21.0,"enemies":"Automaton","floor":33.0,"turns":9.0},{"damage":0.0,"enemies":"3 Shapes","floor":35.0,"turns":2.0},{"damage":0.0,"enemies":"3 Darklings","floor":37.0,"turns":3.0},{"damage":2,"enemies":"Writhing Mass","floor":39,"turns":4},{"damage":17,"enemies":"Reptomancer","floor":40,"turns":7},{"damage":35,"enemies":"Nemesis","floor":44,"turns":5},{"damage":0,"enemies":"Sphere and 2 Shapes","floor":45,"turns":2},{"damage":0,"enemies":"4 Shapes","floor":47,"turns":5},{"damage":8,"enemies":"Reptomancer","floor":48,"turns":5},{"damage":49,"enemies":"Donu and Deca","floor":50,"turns":7}],"seed_played":"9058198200923180022","potions_obtained":[{"floor":4.0,"key":"SpeedPotion"},{"floor":13.0,"key":"Ancient Potion"},{"floor":14.0,"key":"Energy Potion"},{"floor":16.0,"key":"FearPotion"},{"floor":18.0,"key":"Energy Potion"},{"floor":21.0,"key":"EssenceOfSteel"},{"floor":30.0,"key":"FearPotion"}],"is_trial":false,"path_per_floor":["M","?","$","M","T","E","R","E","T","R","E","M","M","?","R","B",null,"M","$","?","M","?","R","M","R","T","$","M","M","E","?","R","B",null,"M","?","M","$","M","E","$","R","T","E","M","$","M","E","R","B",null],"character_chosen":"DEFECT","items_purchased":["Leap","Gash","Bag of Preparation","Sling","Gash","Steam Power","Master of Strategy","Metamorphosis"],"campfire_rested":2,"item_purchase_floors":[3,19,19,19,27,38,38,41],"current_hp_per_floor":[75,69,69,69,69,69,69,39,39,59,47,49,51,36,36,23,69,55,55,55,56,69,69,69,69,69,69,69,69,53,53,53,41,69,69,63,69,69,67,59,59,59,59,26,35,35,37,38,69,27],"gold":141,"neow_bonus":"THREE_ENEMY_KILL","is_prod":false,"is_daily":false,"chose_seed":false,"campfire_upgraded":6,"win_rate":0,"timestamp":1552415681,"path_taken":["M","?","?","?","?","E","R","E","T","R","E","M","M","?","R","BOSS","M","$","?","M","?","R","?","R","T","$","M","M","E","?","R","BOSS","M","?","M","$","M","E","$","R","T","E","?","$","M","E","R","BOSS"],"build_version":"2019-01-23","purchased_purges":1,"victory":true,"max_hp_per_floor":[75,69,69,69,69,69,69,69,69,69,69,69,69,69,69,69,69,69,69,69,69,69,69,69,69,69,69,69,69,69,69,69,69,69,69,69,69,69,69,69,69,69,69,69,69,69,69,69,69,69],"card_choices":[{"not_picked":["Barrage","Beam Cell","Aggregate"],"picked":"SKIP","floor":1.0},{"not_picked":["Rebound","Skim"],"picked":"Conserve Battery","floor":4.0},{"not_picked":["Fusion","Redo"],"picked":"Streamline","floor":6.0},{"not_picked":["Scrape","Rainbow"],"picked":"Auto Shields","floor":8.0},{"not_picked":["Streamline","Steam","Stack"],"picked":"SKIP","floor":11.0},{"not_picked":["Blizzard","Lockon"],"picked":"Sweeping Beam","floor":12.0},{"not_picked":["Compile Driver","Streamline"],"picked":"Gash","floor":13.0},{"not_picked":["Sweeping Beam","Blizzard"],"picked":"Capacitor","floor":14.0},{"not_picked":["Compile Driver","Steam"],"picked":"Gash","floor":18.0},{"not_picked":["Defragment","Hello World+1"],"picked":"Leap+1","floor":21.0},{"not_picked":["Rebound","Coolheaded","Blizzard+1"],"picked":"SKIP","floor":24.0},{"not_picked":["Turbo","Compile Driver+1"],"picked":"Coolheaded","floor":28.0},{"not_picked":["Doom and Gloom+1","Tempest"],"picked":"Self Repair","floor":29.0},{"not_picked":["Barrage","Storm"],"picked":"All For One","floor":30.0},{"not_picked":["Electrodynamics","Meteor Strike"],"picked":"Reboot","floor":33.0},{"not_picked":["Capacitor+1","Redo+1","Undo+1"],"picked":"SKIP","floor":35.0},{"not_picked":["Beam Cell","Turbo"],"picked":"Hologram+1","floor":37.0},{"not_picked":["Steam","Genetic Algorithm","Compile Driver"],"picked":"SKIP","floor":39},{"not_picked":["Steam","Genetic Algorithm","Compile Driver"],"picked":"SKIP","floor":39},{"not_picked":["Doom and Gloom+1","Capacitor"],"picked":"Hologram+1","floor":40},{"not_picked":["Stack","Rebound+1"],"picked":"Scrape","floor":44},{"not_picked":["Redo+1","Steam","Rebound"],"picked":"SKIP","floor":45},{"not_picked":["Turbo","Multi-Cast","Cold Snap"],"picked":"SKIP","floor":47},{"not_picked":["Biased Cognition","Darkness+1"],"picked":"Go for the Eyes","floor":48}],"player_experience":321631,"relics_obtained":[{"floor":5.0,"key":"Lantern"},{"floor":6.0,"key":"Happy Flower"},{"floor":8.0,"key":"Orichalcum"},{"floor":9.0,"key":"Blood Vial"},{"floor":11.0,"key":"Regal Pillow"},{"floor":14.0,"key":"Odd Mushroom"},{"floor":26.0,"key":"Boot"},{"floor":30.0,"key":"Oddly Smooth Stone"},{"floor":40,"key":"Pen Nib"},{"floor":43,"key":"Dodecahedron"},{"floor":44,"key":"Bag of Marbles"},{"floor":48,"key":"Emotion Chip"}],"event_choices":[{"damage_healed":0.0,"max_hp_gain":0.0,"max_hp_loss":6.0,"gold_gain":0.0,"event_name":"Golden Idol","player_choice":"Lose Max HP","floor":2.0,"gold_loss":0.0,"damage_taken":0.0,"relics_obtained":["Golden Idol"]},{"damage_healed":0.0,"max_hp_gain":0.0,"max_hp_loss":0.0,"gold_gain":0.0,"event_name":"Mushrooms","player_choice":"Fought Mushrooms","floor":14.0,"gold_loss":0.0,"damage_taken":0.0},{"damage_healed":0.0,"max_hp_gain":0.0,"max_hp_loss":0.0,"gold_gain":0.0,"event_name":"Back to Basics","player_choice":"Simplicity","floor":20.0,"gold_loss":0.0,"damage_taken":0.0,"cards_upgraded":["Strike_B","Strike_B","Strike_B","Defend_B","Defend_B","Defend_B","Defend_B"]},{"cards_removed":["Capacitor"],"damage_healed":13.0,"max_hp_gain":0.0,"max_hp_loss":0.0,"gold_gain":0.0,"event_name":"Bonfire Elementals","player_choice":"Offered Uncommon","floor":22.0,"gold_loss":0.0,"damage_taken":0.0},{"damage_healed":0.0,"max_hp_gain":0.0,"max_hp_loss":0.0,"gold_gain":0.0,"event_name":"Ghosts","player_choice":"Ignored","floor":31.0,"gold_loss":0.0,"damage_taken":0.0},{"damage_healed":0.0,"max_hp_gain":0.0,"max_hp_loss":0.0,"gold_gain":75.0,"event_name":"FaceTrader","player_choice":"Touch","floor":36.0,"gold_loss":0.0,"damage_taken":6.0}],"is_beta":false,"boss_relics":[{"not_picked":["Lizard Tail","Ectoplasm"],"picked":"Runic Pyramid"},{"not_picked":["Empty Cage","Cursed Key"],"picked":"Sozu"}],"items_purged_floors":[19],"is_endless":false,"potions_floor_spawned":[4,13,14,16,18,21,30,35,39,40,45],"ascension_level":3}