{"gold_per_floor":[112,112,131,16,26,26,59,59,82,108,108,120,120,152,152,255,255,266,284,298,298,298,298,318,318],"floor_reached":25,"playtime":1369,"items_purged":["Strike_G"],"score":290,"play_id":"c405cf4c-10a1-48a5-b139-ec6c8adf81ea","local_time":"20190103091411","is_ascension_mode":true,"campfire_choices":[{"data":"Endless Agony","floor":6,"key":"SMITH"},{"data":"All Out Attack","floor":8,"key":"SMITH"},{"floor":11,"key":"REST"},{"floor":15,"key":"REST"},{"floor":23,"key":"REST"}],"neow_cost":"NONE","seed_source_timestamp":1129213443794913,"circlet_count":0,"master_deck":["Defend_G","Defend_G","Defend_G","Defend_G","Defend_G","Strike_G","Strike_G","Strike_G","Strike_G","Survivor","Neutralize","All Out Attack+1","Dodge and Roll","Endless Agony+1","Cloak And Dagger","Blur","Predator+1","Leg Sweep","Envenom+1","Crippling Poison","Bane+1","Noxious Fumes+1","Cloak And Dagger","Crippling Poison"],"relics":["Ring of the Snake","NeowsBlessing","Anchor","Frozen Egg 2","Torii","Black Star","Gambling Chip"],"potions_floor_usage":[10,10,14,20,20,22],"damage_taken":[{"damage":0,"enemies":"Small Slimes","floor":1,"turns":1},{"damage":0,"enemies":"Cultist","floor":3,"turns":1},{"damage":0,"enemies":"2 Louse","floor":5,"turns":1},{"damage":20,"enemies":"3 Sentries","floor":7,"turns":9},{"damage":25,"enemies":"Gremlin Nob","floor":10,"turns":5},{"damage":1,"enemies":"Red Slaver","floor":12,"turns":4},{"damage":28,"enemies":"Lagavulin","floor":14,"turns":7},{"damage":16,"enemies":"The Guardian","floor":16,"turns":14},{"damage":9,"enemies":"3 Byrds","floor":18,"turns":6},{"damage":38,"enemies":"Spheric Guardian","floor":19,"turns":9},{"damage":1,"enemies":"Centurion and Healer","floor":20,"turns":8},{"damage":12,"enemies":"3 Cultists","floor":22,"turns":4},{"damage":10,"enemies":"Chosen and Byrds","floor":24,"turns":5},{"damage":32,"enemies":"Masked Bandits","floor":25,"turns":3}],"seed_played":"1283490124289860013","potions_obtained":[{"floor":1,"key":"SpeedPotion"},{"floor":2,"key":"FairyPotion"},{"floor":2,"key":"AttackPotion"},{"floor":10,"key":"AttackPotion"},{"floor":16,"key":"Energy Potion"},{"floor":19,"key":"Weak Potion"},{"floor":20,"key":"Explosive Potion"}],"is_trial":false,"path_per_floor":["M","?","M","$","M","R","E","R","T","E","R","M","?","E","R","B",null,"M","M","M","T","M","R","M","?"],"character_chosen":"THE_SILENT","items_purchased":["Endless Agony"],"campfire_rested":3,"item_purchase_floors":[4],"current_hp_per_floor":[63,63,63,63,63,63,43,43,43,18,39,38,38,10,31,15,56,47,9,8,8,7,28,18,0],"gold":318,"neow_bonus":"THREE_ENEMY_KILL","is_prod":false,"is_daily":false,"chose_seed":false,"campfire_upgraded":2,"win_rate":0,"timestamp":1546535651,"path_taken":["M","?","M","$","?","R","E","R","T","E","R","M","?","E","R","BOSS","M","M","M","?","M","R","M","?"],"build_version":"2018-12-20","purchased_purges":1,"victory":false,"max_hp_per_floor":[70,70,70,70,70,70,70,70,70,70,70,70,70,70,70,70,70,70,70,70,70,70,70,70,70],"card_choices":[{"not_picked":["Deflect","Slice"],"picked":"All Out Attack","floor":1},{"not_picked":["Sucker Punch","Blade Dance"],"picked":"Dodge and Roll","floor":3},{"not_picked":["Acrobatics","Flechettes"],"picked":"Cloak And Dagger","floor":5},{"not_picked":["Eviscerate","Bane"],"picked":"Blur","floor":7},{"not_picked":["Masterful Stab","Setup","Quick Slash"],"picked":"SKIP","floor":10},{"not_picked":["Slice","Poisoned Stab"],"picked":"Predator","floor":12},{"not_picked":["Dagger Spray","PiercingWail"],"picked":"Leg Sweep","floor":14},{"not_picked":["Venomology","Doppelganger"],"picked":"Envenom+1","floor":16},{"not_picked":["Deadly Poison","Calculated Gamble"],"picked":"Crippling Poison","floor":18},{"not_picked":["Blade Dance","Flying Knee"],"picked":"Bane+1","floor":19},{"not_picked":["Riddle With Holes+1","Dagger Spray"],"picked":"Noxious Fumes+1","floor":20},{"not_picked":["Bane","Sucker Punch"],"picked":"Cloak And Dagger","floor":22},{"not_picked":["Tactician+1","Deadly Poison"],"picked":"Crippling Poison","floor":24}],"player_experience":262493,"relics_obtained":[{"floor":7,"key":"Anchor"},{"floor":10,"key":"Frozen Egg 2"},{"floor":14,"key":"Torii"},{"floor":21,"key":"Gambling Chip"}],"event_choices":[{"damage_healed":0,"gold_gain":0,"player_choice":"Got Potions","damage_taken":0,"max_hp_gain":0,"max_hp_loss":0,"event_name":"Lab","floor":2,"gold_loss":0},{"damage_healed":0,"gold_gain":0,"player_choice":"Forge","damage_taken":0,"max_hp_gain":0,"max_hp_loss":0,"event_name":"Accursed Blacksmith","floor":13,"gold_loss":0,"cards_upgraded":["Predator"]},{"damage_healed":0,"gold_gain":0,"player_choice":"Fought Bandits","damage_taken":0,"max_hp_gain":0,"max_hp_loss":0,"event_name":"Masked Bandits","floor":25,"gold_loss":0}],"is_beta":false,"boss_relics":[{"not_picked":["Empty Cage","Orrery"],"picked":"Black Star"}],"items_purged_floors":[4],"is_endless":false,"potions_floor_spawned":[1,10,16,19,20],"killed_by":"Masked Bandits","ascension_level":6}