{"gold_per_floor":[112,129,204,129,129,160,160,203,227,305,12,12,12,36,36,36],"floor_reached":16,"playtime":954,"items_purged":["Strike_B"],"score":196,"play_id":"c1e1d94b-396f-40ef-b3a1-00055f4dd8bc","local_time":"20190602012149","is_ascension_mode":true,"campfire_choices":[{"floor":7,"key":"REST"},{"floor":12,"key":"REST"},{"data":"Rainbow","floor":15,"key":"SMITH"}],"neow_cost":"NONE","seed_source_timestamp":1490853926773172,"circlet_count":0,"master_deck":["AscendersBane","Strike_B","Strike_B","Defend_B","Defend_B","Defend_B","Defend_B","Zap","Dualcast","Cold Snap","Glacier","Compile Driver","Ball Lightning","Melter","Consume","Coolheaded","Rainbow+1"],"relics":["Cracked Core","Golden Idol","Anchor","Dream Catcher","Lantern","WingedGreaves","Membership Card"],"potions_floor_usage":[6,8,8],"damage_taken":[{"damage":5,"enemies":"Jaw Worm","floor":1,"turns":3},{"damage":0,"enemies":"2 Louse","floor":2,"turns":3},{"damage":24,"enemies":"Lagavulin","floor":6,"turns":7},{"damage":12,"enemies":"Gremlin Nob","floor":8,"turns":4},{"damage":17,"enemies":"Gremlin Nob","floor":10,"turns":5},{"damage":0,"enemies":"Small Slimes","floor":14,"turns":3},{"damage":34,"enemies":"Hexaghost","floor":16,"turns":9}],"seed_played":"5089656354977721530","potions_obtained":[{"floor":1,"key":"SkillPotion"},{"floor":2,"key":"Energy Potion"},{"floor":6,"key":"GamblersBrew"}],"is_trial":false,"path_per_floor":["M","M","?","?","?","E","R","E","T","?","$","R","$","M","R","B"],"character_chosen":"DEFECT","items_purchased":["Membership Card","Strength Potion"],"campfire_rested":2,"item_purchase_floors":[11,11],"current_hp_per_floor":[59,59,48,48,48,24,43,31,31,14,14,33,33,33,33,0],"gold":36,"neow_bonus":"THREE_CARDS","is_prod":false,"is_daily":false,"chose_seed":false,"campfire_upgraded":1,"win_rate":0,"timestamp":1559431309,"path_taken":["M","M","?","?","?","E","R","E","T","?","?","R","$","M","R","BOSS"],"build_version":"2019-01-23","purchased_purges":1,"victory":false,"max_hp_per_floor":[71,71,71,71,64,64,64,64,64,64,64,64,64,64,64,64],"card_choices":[{"not_picked":["FTL","Rip and Tear"],"picked":"Cold Snap","floor":0},{"not_picked":["Chill","Ball Lightning"],"picked":"Glacier","floor":1},{"not_picked":["Tempest","Sweeping Beam"],"picked":"Compile Driver","floor":2},{"not_picked":["Stack","Compile Driver"],"picked":"Ball Lightning","floor":6},{"not_picked":["Streamline","Barrage"],"picked":"Melter","floor":8},{"not_picked":["Rebound","Go for the Eyes"],"picked":"Consume","floor":10},{"not_picked":["Sunder","Beam Cell"],"picked":"Coolheaded","floor":12},{"not_picked":["Storm","Stack"],"picked":"Rainbow","floor":14}],"player_experience":765643,"relics_obtained":[{"floor":6,"key":"Anchor"},{"floor":8,"key":"Dream Catcher"},{"floor":9,"key":"Lantern"},{"floor":10,"key":"WingedGreaves"}],"event_choices":[{"damage_healed":0,"gold_gain":75,"player_choice":"Gather Gold","damage_taken":11,"max_hp_gain":0,"max_hp_loss":0,"event_name":"World of Goop","floor":3,"gold_loss":0},{"cards_removed":["Strike_B"],"damage_healed":0,"gold_gain":0,"player_choice":"Card Removal","damage_taken":0,"max_hp_gain":0,"max_hp_loss":0,"event_name":"The Cleric","floor":4,"gold_loss":75},{"damage_healed":0,"gold_gain":0,"player_choice":"Lose Max HP","damage_taken":0,"relics_obtained":["Golden Idol"],"max_hp_gain":0,"max_hp_loss":7,"event_name":"Golden Idol","floor":5,"gold_loss":0},{"damage_healed":0,"gold_gain":0,"player_choice":"Searched \u00271\u0027 times","damage_taken":0,"max_hp_gain":0,"max_hp_loss":0,"event_name":"Dead Adventurer","floor":10,"gold_loss":0}],"is_beta":false,"boss_relics":[],"items_purged_floors":[11],"is_endless":false,"potions_floor_spawned":[1,2,6],"killed_by":"Hexaghost","ascension_level":17}