{"gold_per_floor":[116,116,129,148,248,248,268,297,297,307,307,307,307,151,151,250,250,260,260,40,40],"floor_reached":21,"playtime":701,"items_purged":["Strike_G","Strike_G"],"score":248,"play_id":"008c055b-2e30-426c-b618-3253cd1c419c","local_time":"20190119162805","is_ascension_mode":true,"campfire_choices":[{"data":"Survivor","floor":6,"key":"SMITH"},{"floor":12,"key":"REST"},{"data":"Noxious Fumes","floor":15,"key":"SMITH"}],"neow_cost":"NONE","seed_source_timestamp":969057898100318,"circlet_count":0,"master_deck":["Defend_G+1","Defend_G","Defend_G","Defend_G","Defend_G","Strike_G","Strike_G","Survivor+1","Neutralize+1","Backstab","Backstab","Accuracy","After Image","Backflip","Noxious Fumes+1","Bullet Time","Dash+1","Finisher+1","Caltrops","Blade Dance","Noxious Fumes","Cloak And Dagger"],"relics":["Ring of the Snake","Girya","Pantograph","Molten Egg 2","Orrery"],"potions_floor_usage":[16],"damage_taken":[{"damage":1,"enemies":"2 Louse","floor":1,"turns":3},{"damage":1,"enemies":"Small Slimes","floor":3,"turns":3},{"damage":0,"enemies":"Cultist","floor":4,"turns":3},{"damage":8,"enemies":"Large Slime","floor":7,"turns":7},{"damage":26,"enemies":"Gremlin Nob","floor":8,"turns":5},{"damage":0,"enemies":"2 Fungi Beasts","floor":10,"turns":4},{"damage":37,"enemies":"Slime Boss","floor":16,"turns":15},{"damage":23,"enemies":"3 Byrds","floor":18,"turns":4},{"damage":25,"enemies":"Colosseum Slavers","floor":19,"turns":5},{"damage":13,"enemies":"Spheric Guardian","floor":21,"turns":3}],"seed_played":"-7386565268856361233","potions_obtained":[{"floor":3,"key":"Ancient Potion"},{"floor":10,"key":"GamblersBrew"}],"is_trial":false,"path_per_floor":["M","?","M","M","?","R","M","E","T","M","?","R","?","$","R","B",null,"M","?","$","M"],"character_chosen":"THE_SILENT","items_purchased":["Noxious Fumes","Noxious Fumes","Cloak And Dagger"],"campfire_rested":1,"item_purchase_floors":[14,20,20],"current_hp_per_floor":[62,48,47,47,47,47,39,13,13,13,6,27,20,20,20,8,55,32,7,7,0],"gold":40,"neow_bonus":"THREE_CARDS","is_prod":false,"is_daily":false,"chose_seed":false,"campfire_upgraded":2,"win_rate":0,"timestamp":1547944085,"path_taken":["M","?","M","M","?","R","M","E","T","?","?","R","?","$","R","BOSS","M","?","$","M"],"build_version":"2019-01-17v2","purchased_purges":2,"victory":false,"max_hp_per_floor":[70,70,70,70,70,70,70,70,70,70,70,70,70,70,70,70,70,70,70,70,70],"card_choices":[{"not_picked":["Prepared","Flying Knee"],"picked":"Backstab","floor":0},{"not_picked":["Prepared","Poisoned Stab","Deflect"],"picked":"SKIP","floor":1},{"not_picked":["Bouncing Flask","Riddle With Holes"],"picked":"Backstab","floor":3},{"not_picked":["Setup","Poisoned Stab"],"picked":"Accuracy","floor":4},{"not_picked":["Flechettes","Sucker Punch","Flying Knee"],"picked":"SKIP","floor":7},{"not_picked":["Prepared","Quick Slash"],"picked":"After Image","floor":8},{"not_picked":["Deadly Poison","Dagger Throw"],"picked":"Backflip","floor":10},{"not_picked":["Phantasmal Killer","Grand Finale+1"],"picked":"Bullet Time","floor":16},{"not_picked":["Masterful Stab+1","Flechettes+1"],"picked":"Dash+1","floor":17},{"not_picked":["Dagger Throw+1","Acrobatics"],"picked":"Finisher+1","floor":17},{"not_picked":["Bane+1","Cloak And Dagger"],"picked":"Caltrops","floor":17},{"not_picked":["Bouncing Flask","Outmaneuver"],"picked":"Blade Dance","floor":18}],"player_experience":371275,"relics_obtained":[{"floor":8,"key":"Girya"},{"floor":9,"key":"Pantograph"}],"event_choices":[{"damage_healed":0,"gold_gain":0,"player_choice":"Entered Light","damage_taken":14,"max_hp_gain":0,"max_hp_loss":0,"event_name":"Shining Light","floor":2,"gold_loss":0,"cards_upgraded":["Neutralize","Defend_G"]},{"damage_healed":0,"gold_gain":100,"player_choice":"Pray","damage_taken":0,"max_hp_gain":0,"max_hp_loss":0,"event_name":"Golden Shrine","floor":5,"gold_loss":0},{"damage_healed":0,"gold_gain":0,"player_choice":"Success","damage_taken":7,"relics_obtained":["Molten Egg 2"],"max_hp_gain":0,"max_hp_loss":0,"event_name":"Scrap Ooze","floor":11,"gold_loss":0},{"cards_removed":["Strike_G"],"damage_healed":0,"gold_gain":0,"player_choice":"Card Removal","damage_taken":7,"max_hp_gain":0,"max_hp_loss":0,"event_name":"Golden Wing","floor":13,"gold_loss":0},{"damage_healed":0,"gold_gain":0,"player_choice":"Fight","damage_taken":0,"max_hp_gain":0,"max_hp_loss":0,"event_name":"Colosseum","floor":19,"gold_loss":0},{"damage_healed":0,"gold_gain":0,"player_choice":"Fled From Nobs","damage_taken":0,"max_hp_gain":0,"max_hp_loss":0,"event_name":"Colosseum","floor":19,"gold_loss":0}],"is_beta":false,"boss_relics":[{"not_picked":["Ectoplasm","Lizard Tail"],"picked":"Orrery"}],"items_purged_floors":[14,20],"is_endless":false,"potions_floor_spawned":[3,10,19],"killed_by":"Spheric Guardian","ascension_level":8}