{"gold_per_floor":[119,130,130,149,149,149,164,182,259,287,304,133,146,180,180,276,276,242,257,268,468,36,66,66,76,156,156,171,185,185,210,210,310,310,328,328,328,328,60,94,94,94,124,156,166,180,206,206],"floor_reached":48,"playtime":5484,"items_purged":["Strike_G+1"],"score":647,"play_id":"e576edb5-8b57-4a50-a6fb-dcd1324395a0","local_time":"20181129232914","is_ascension_mode":false,"campfire_choices":[{"data":"Neutralize","floor":6,"key":"SMITH"},{"data":"Blade Dance","floor":15,"key":"SMITH"},{"floor":24,"key":"REST"},{"data":"Finisher","floor":27,"key":"SMITH"},{"floor":32,"key":"REST"},{"data":"Blade Dance","floor":42,"key":"SMITH"}],"neow_cost":"NONE","seed_source_timestamp":1342193980067299,"circlet_count":0,"master_deck":["Defend_G+1","Defend_G+1","Defend_G+1","Defend_G+1","Strike_G+1","Strike_G+1","Strike_G+1","Strike_G+1","Survivor","Neutralize+1","Choke","Deflect","Sucker Punch","Deflect","Cloak And Dagger","Blade Dance+1","Finisher+1","Accuracy+1","Outmaneuver","Flash of Steel","Finisher","Slice","After Image+1","Underhanded Strike+1","Reflex","Backflip","Infinite Blades+1","Blade Dance+1","Backflip","Tactician","Deflect","Envenom+1","Backflip+1","Slice+1","Flying Knee","Outmaneuver","Deflect"],"relics":["Ring of the Serpent","NeowsBlessing","Mercury Hourglass","Paper Crane","Frozen Egg 2","Tough Bandages","Tingsha","Bird Faced Urn","Snake Skull","The Courier","Darkstone Periapt","White Beast Statue","Matryoshka","Mango","Sundial","Dodecahedron","Tiny Chest","Gambling Chip","StoneCalendar"],"potions_floor_usage":[14,16,33,33,40],"damage_taken":[{"damage":0,"enemies":"Cultist","floor":1,"turns":1},{"damage":0,"enemies":"Small Slimes","floor":2,"turns":1},{"damage":0,"enemies":"Jaw Worm","floor":4,"turns":1},{"damage":2,"enemies":"3 Louse","floor":7,"turns":3},{"damage":4,"enemies":"Lots of Slimes","floor":8,"turns":3},{"damage":6,"enemies":"Gremlin Nob","floor":10,"turns":4},{"damage":0,"enemies":"Large Slime","floor":11,"turns":6},{"damage":0,"enemies":"Looter","floor":13,"turns":1},{"damage":16,"enemies":"Lagavulin","floor":14,"turns":4},{"damage":16,"enemies":"Slime Boss","floor":16,"turns":6},{"damage":6,"enemies":"2 Thieves","floor":18,"turns":5},{"damage":4,"enemies":"Chosen","floor":19,"turns":3},{"damage":7,"enemies":"Snake Plant","floor":20,"turns":5},{"damage":48,"enemies":"Slavers","floor":23,"turns":7},{"damage":11,"enemies":"Shelled Parasite and Fungi","floor":25,"turns":4},{"damage":3,"enemies":"Centurion and Healer","floor":28,"turns":5},{"damage":8,"enemies":"Sentry and Sphere","floor":29,"turns":5},{"damage":14,"enemies":"Gremlin Leader","floor":31,"turns":7},{"damage":30,"enemies":"Automaton","floor":33,"turns":11},{"damage":7,"enemies":"Orb Walker","floor":35,"turns":4},{"damage":31,"enemies":"Reptomancer","floor":40,"turns":7},{"damage":33,"enemies":"Nemesis","floor":44,"turns":9},{"damage":3,"enemies":"3 Darklings","floor":45,"turns":5},{"damage":14,"enemies":"Transient","floor":46,"turns":5},{"damage":31,"enemies":"Giant Head","floor":47,"turns":7},{"damage":10,"enemies":"4 Shapes","floor":48,"turns":1}],"seed_played":"3173252576438454362","potions_obtained":[{"floor":1,"key":"Block Potion"},{"floor":10,"key":"Ancient Potion"},{"floor":11,"key":"Regen Potion"},{"floor":16,"key":"FearPotion"},{"floor":20,"key":"Dexterity Potion"},{"floor":35,"key":"Explosive Potion"},{"floor":40,"key":"Swift Potion"},{"floor":44,"key":"SpeedPotion"},{"floor":45,"key":"GhostInAJar"}],"is_trial":false,"path_per_floor":["M","M","T","M","?","R","M","M","T","E","M","$","M","E","R","B",null,"M","M","M","?","$","E","R","M","T","R","M","M","?","E","R","B",null,"M","$","?","?","$","E","?","R","T","E","M","M","E","M"],"character_chosen":"THE_SILENT","items_purchased":["Accuracy+1","Outmaneuver","Flash of Steel","Infinite Blades+1","Blade Dance","Bird Faced Urn","Matryoshka"],"campfire_rested":2,"item_purchase_floors":[12,12,12,22,22,22,39],"current_hp_per_floor":[70,70,70,70,63,63,61,57,57,51,51,51,51,35,35,31,70,64,60,53,53,53,11,32,27,27,27,28,26,26,18,39,15,70,63,63,63,63,63,53,53,53,53,28,33,25,2,0],"gold":206,"neow_bonus":"THREE_ENEMY_KILL","is_prod":false,"is_daily":false,"chose_seed":false,"campfire_upgraded":4,"win_rate":0.0,"timestamp":1543562954,"path_taken":["M","?","?","M","?","R","M","M","T","E","M","?","M","E","R","BOSS","M","M","M","?","$","E","R","M","T","R","M","?","?","E","R","BOSS","M","$","?","?","$","E","?","R","T","E","M","M","E","M"],"build_version":"2018-11-15","purchased_purges":1,"victory":false,"max_hp_per_floor":[70,70,70,70,70,70,70,70,70,70,70,70,70,70,70,70,70,70,70,70,70,70,70,70,70,70,70,70,70,70,70,70,70,70,70,70,66,66,66,80,80,80,80,80,80,80,80,80],"card_choices":[{"not_picked":["Masterful Stab","Deadly Poison"],"picked":"Choke","floor":1},{"not_picked":["Dagger Throw","Quick Slash"],"picked":"Deflect","floor":2},{"not_picked":["PiercingWail","Leg Sweep"],"picked":"Sucker Punch","floor":4},{"not_picked":["Dagger Spray","Acrobatics"],"picked":"Deflect","floor":7},{"not_picked":["Escape Plan","Masterful Stab"],"picked":"Cloak And Dagger","floor":8},{"not_picked":["Dagger Throw","Doppelganger"],"picked":"Blade Dance","floor":10},{"not_picked":["PiercingWail","Dodge and Roll"],"picked":"Finisher","floor":11},{"not_picked":["Quick Slash","PiercingWail"],"picked":"Finisher","floor":13},{"not_picked":["Backflip","Dagger Spray"],"picked":"Slice","floor":14},{"not_picked":["Unload","Phantasmal Killer"],"picked":"After Image+1","floor":16},{"not_picked":["Dash","Dagger Spray"],"picked":"Underhanded Strike+1","floor":18},{"not_picked":["Masterful Stab+1","Catalyst"],"picked":"Reflex","floor":19},{"not_picked":["Bane","Deadly Poison"],"picked":"Backflip","floor":20},{"not_picked":["Slice","Sucker Punch"],"picked":"Backflip","floor":23},{"not_picked":["Glass Knife","Quick Slash","Skewer+1"],"picked":"SKIP","floor":25},{"not_picked":["Dagger Spray+1","PiercingWail","All Out Attack"],"picked":"SKIP","floor":28},{"not_picked":["Heel Hook","Crippling Poison"],"picked":"Tactician","floor":29},{"not_picked":["Phantasmal Killer","Dagger Spray"],"picked":"Deflect","floor":31},{"not_picked":["Corpse Explosion","Die Die Die"],"picked":"Envenom+1","floor":33},{"not_picked":["Heel Hook+1","Quick Slash+1"],"picked":"Backflip+1","floor":35},{"not_picked":["Tactician","Dodge and Roll"],"picked":"Slice+1","floor":40},{"not_picked":["Calculated Gamble","Cloak And Dagger"],"picked":"Flying Knee","floor":44},{"not_picked":["Backstab","Predator","Masterful Stab"],"picked":"SKIP","floor":45},{"not_picked":["Choke+1","Dodge and Roll"],"picked":"Outmaneuver","floor":46},{"not_picked":["Poisoned Stab+1","Acrobatics+1"],"picked":"Deflect","floor":47}],"player_experience":52603,"relics_obtained":[{"floor":3,"key":"Mercury Hourglass"},{"floor":9,"key":"Frozen Egg 2"},{"floor":10,"key":"Tough Bandages"},{"floor":14,"key":"Tingsha"},{"floor":23,"key":"Snake Skull"},{"floor":26,"key":"The Courier"},{"floor":31,"key":"Darkstone Periapt"},{"floor":40,"key":"Mango"},{"floor":43,"key":"Dodecahedron"},{"floor":43,"key":"Tiny Chest"},{"floor":44,"key":"Gambling Chip"},{"floor":47,"key":"StoneCalendar"}],"event_choices":[{"damage_healed":0,"gold_gain":0,"player_choice":"Success","damage_taken":7,"relics_obtained":["Paper Crane"],"max_hp_gain":0,"max_hp_loss":0,"event_name":"Scrap Ooze","floor":5,"gold_loss":0},{"damage_healed":0,"gold_gain":250,"player_choice":"Bet on Owner","damage_taken":0,"max_hp_gain":0,"max_hp_loss":0,"event_name":"The Joust","floor":21,"gold_loss":50},{"damage_healed":0,"gold_gain":0,"player_choice":"Simplicity","damage_taken":0,"max_hp_gain":0,"max_hp_loss":0,"event_name":"Back to Basics","floor":30,"gold_loss":0,"cards_upgraded":["Defend_G","Defend_G","Defend_G","Defend_G","Defend_G","Strike_G","Strike_G","Strike_G","Strike_G","Strike_G"]},{"damage_healed":0,"gold_gain":0,"player_choice":"Max HP","damage_taken":0,"max_hp_gain":0,"max_hp_loss":4,"event_name":"Winding Halls","floor":37,"gold_loss":0},{"cards_removed":["Defend_G"],"damage_healed":0,"gold_gain":0,"player_choice":"Removed Skill","damage_taken":0,"max_hp_gain":0,"max_hp_loss":0,"event_name":"Falling","floor":38,"gold_loss":0},{"damage_healed":0,"gold_gain":0,"player_choice":"Gave Potion","damage_taken":0,"relics_obtained":["Sundial"],"max_hp_gain":0,"max_hp_loss":0,"event_name":"WeMeetAgain","floor":41,"gold_loss":0}],"is_beta":false,"boss_relics":[{"not_picked":["Ectoplasm","Black Star"],"picked":"Ring of the Serpent"},{"not_picked":["Coffee Dripper","Runic Dome"],"picked":"White Beast Statue"}],"items_purged_floors":[39],"is_endless":false,"potions_floor_spawned":[1,10,11,13,16,20,25,28,29,35,40,44,45,46,47],"killed_by":"4 Shapes","ascension_level":0}