{"gold_per_floor":[110,177,223,242,260,295,295,306,330,361,147,162,175,186,186,284,284,302,302,302,302,302,312,120,120,144,144,144,144,157,175,175,175],"floor_reached":33,"playtime":2433,"items_purged":[],"score":282,"play_id":"654224d6-58e4-47e5-9421-88166f869fe4","local_time":"20190614214219","is_ascension_mode":false,"campfire_choices":[{"floor":7,"key":"REST"},{"floor":15,"key":"REST"},{"floor":25,"key":"REST"},{"floor":27,"key":"REST"},{"floor":29,"key":"REST"},{"floor":32,"key":"REST"}],"neow_cost":"NONE","seed_source_timestamp":29371442324000,"circlet_count":0,"master_deck":["Strike_R","Strike_R","Strike_R","Strike_R","Strike_R","Defend_R","Defend_R","Defend_R","Defend_R","Bash","Clothesline","Armaments","Iron Wave","Rampage","Perfected Strike","Rage","Inflame","Clash","Carnage","Armaments","Thunderclap","Seeing Red","Second Wind","Berserk","Entrench","Shrug It Off","Whirlwind","Rampage","Pommel Strike+1","Shrug It Off+1"],"relics":["Burning Blood","PreservedInsect","Strawberry","Dodecahedron","Bag of Marbles","Peace Pipe","Fusion Hammer","WingedGreaves","Pen Nib","Mango"],"potions_floor_usage":[12,13,16,22,23,30,30,31],"damage_taken":[{"damage":22,"enemies":"Jaw Worm","floor":1,"turns":4},{"damage":1,"enemies":"Cultist","floor":4,"turns":4},{"damage":0,"enemies":"2 Louse","floor":5,"turns":3},{"damage":41,"enemies":"Lagavulin","floor":6,"turns":6},{"damage":11,"enemies":"2 Fungi Beasts","floor":8,"turns":5},{"damage":7,"enemies":"Gremlin Nob","floor":10,"turns":4},{"damage":2,"enemies":"Looter","floor":12,"turns":3},{"damage":8,"enemies":"Large Slime","floor":13,"turns":6},{"damage":5,"enemies":"Exordium Wildlife","floor":14,"turns":4},{"damage":49,"enemies":"The Guardian","floor":16,"turns":13},{"damage":41,"enemies":"Shell Parasite","floor":18,"turns":5},{"damage":59,"enemies":"Colosseum Slavers","floor":22,"turns":6},{"damage":13,"enemies":"3 Byrds","floor":23,"turns":9},{"damage":56,"enemies":"Centurion and Healer","floor":30,"turns":5},{"damage":14,"enemies":"3 Cultists","floor":31,"turns":6},{"damage":82,"enemies":"Automaton","floor":33,"turns":8}],"seed_played":"-3009559344835494434","potions_obtained":[{"floor":5,"key":"Dexterity Potion"},{"floor":8,"key":"SpeedPotion"},{"floor":10,"key":"Weak Potion"},{"floor":12,"key":"Explosive Potion"},{"floor":14,"key":"FairyPotion"},{"floor":18,"key":"Regen Potion"},{"floor":23,"key":"AttackPotion"},{"floor":30,"key":"Weak Potion"}],"is_trial":false,"path_per_floor":["M","?","T","M","M","E","R","M","T","E","$","M","M","M","R","B",null,"M","?","T","?","?","M","$","R","T","R","T","R","M","M","R","B"],"character_chosen":"IRONCLAD","items_purchased":["Inflame","Clash","Carnage","Armaments","BloodPotion","Whirlwind","Rampage"],"campfire_rested":6,"item_purchase_floors":[11,11,11,11,24,24,24],"current_hp_per_floor":[64,64,71,76,82,47,73,68,68,67,67,71,69,70,87,44,87,52,52,52,35,15,8,8,35,35,62,76,106,56,48,79,0],"gold":175,"neow_bonus":"RANDOM_COMMON_RELIC","is_prod":false,"is_daily":false,"chose_seed":false,"campfire_upgraded":0,"win_rate":0.0,"timestamp":1560544939,"path_taken":["M","?","?","?","M","E","R","M","T","E","$","M","?","M","R","BOSS","M","?","?","?","?","M","?","R","T","R","?","R","M","?","R","BOSS"],"build_version":"2019-01-23","purchased_purges":0,"victory":false,"max_hp_per_floor":[80,80,87,87,87,87,87,87,87,87,87,87,87,87,87,87,87,87,87,87,92,92,92,92,92,92,92,106,106,106,106,106,106],"card_choices":[{"not_picked":["Warcry","Fire Breathing"],"picked":"Clothesline","floor":1},{"not_picked":["Clothesline","Impervious"],"picked":"Armaments","floor":4},{"not_picked":["Hemokinesis","Clothesline"],"picked":"Iron Wave","floor":5},{"not_picked":["Demon Form","Bloodletting"],"picked":"Rampage","floor":6},{"not_picked":["Bloodletting","Sword Boomerang"],"picked":"Perfected Strike","floor":8},{"not_picked":["True Grit","Dual Wield"],"picked":"Rage","floor":10},{"not_picked":["Perfected Strike","Armaments"],"picked":"Thunderclap","floor":12},{"not_picked":["Pummel","Rampage"],"picked":"Seeing Red","floor":13},{"not_picked":["Barricade","Anger"],"picked":"Second Wind","floor":14},{"not_picked":["Offering","Reaper"],"picked":"Berserk","floor":16},{"not_picked":["Body Slam","Fire Breathing"],"picked":"Entrench","floor":18},{"not_picked":["Second Wind+1","Burning Pact"],"picked":"Shrug It Off","floor":23},{"not_picked":["Dropkick","Seeing Red"],"picked":"Pommel Strike+1","floor":30},{"not_picked":["Second Wind","Pommel Strike+1"],"picked":"Shrug It Off+1","floor":31}],"player_experience":7312,"relics_obtained":[{"floor":3,"key":"Strawberry"},{"floor":6,"key":"Dodecahedron"},{"floor":9,"key":"Bag of Marbles"},{"floor":10,"key":"Peace Pipe"},{"floor":20,"key":"WingedGreaves"},{"floor":26,"key":"Pen Nib"},{"floor":28,"key":"Mango"}],"event_choices":[{"damage_healed":0,"gold_gain":67,"player_choice":"Gained Gold","damage_taken":0,"max_hp_gain":0,"max_hp_loss":0,"event_name":"Golden Wing","floor":2,"gold_loss":0},{"damage_healed":0,"gold_gain":0,"player_choice":"Ignored","damage_taken":0,"max_hp_gain":0,"max_hp_loss":0,"event_name":"The Mausoleum","floor":19,"gold_loss":0},{"damage_healed":0,"gold_gain":0,"player_choice":"Shed Blood","damage_taken":22,"max_hp_gain":5,"max_hp_loss":0,"event_name":"Forgotten Altar","floor":21,"gold_loss":0},{"damage_healed":0,"gold_gain":0,"player_choice":"Fight","damage_taken":0,"max_hp_gain":0,"max_hp_loss":0,"event_name":"Colosseum","floor":22,"gold_loss":0},{"damage_healed":0,"gold_gain":0,"player_choice":"Fled From Nobs","damage_taken":0,"max_hp_gain":0,"max_hp_loss":0,"event_name":"Colosseum","floor":22,"gold_loss":0}],"is_beta":false,"boss_relics":[{"not_picked":["Sozu","Orrery"],"picked":"Fusion Hammer"}],"items_purged_floors":[],"is_endless":false,"potions_floor_spawned":[5,8,10,12,14,18,23,30],"killed_by":"Automaton","ascension_level":0}