{"gold_per_floor":[112,127,1,1,12,12,24,24,73,73,73,89,89,108,108,206,206,219,219,144,19,19,19,19,36,61,80,93,110,110,58,58,158,158,175,175,175,191,191,191,204,204,251,251,251,269,15,32,32,32],"floor_reached":50,"playtime":2445,"items_purged":["Defend_R","Defend_R"],"score":432,"play_id":"2036c2c9-82df-4b86-a4a5-2a9ad1ca6e83","local_time":"20190611100425","is_ascension_mode":false,"campfire_choices":[{"data":"Armaments","floor":6,"key":"SMITH"},{"data":"Flex","floor":10,"key":"SMITH"},{"data":"Shrug It Off","floor":15,"key":"SMITH"},{"data":"Perfected Strike","floor":23,"key":"SMITH"},{"data":"True Grit","floor":30,"key":"SMITH"},{"floor":32,"key":"REST"},{"floor":40,"key":"REST"},{"data":"Perfected Strike","floor":42,"key":"SMITH"},{"data":"Flex","floor":45,"key":"SMITH"},{"floor":49,"key":"REST"}],"neow_cost":"NONE","seed_source_timestamp":418975755101480,"circlet_count":0,"master_deck":["Strike_R","Strike_R","Strike_R","Strike_R","Defend_R+1","Bash+1","Twin Strike","Armaments+1","Flex+1","Wild Strike","Shrug It Off+1","True Grit+1","Perfected Strike+1","Twin Strike","Twin Strike+1","Pommel Strike","Perfected Strike+1","Shrug It Off+1","Flex+1","Parasite","Wild Strike","Wild Strike+1","Perfected Strike+1"],"relics":["Burning Blood","Regal Pillow","Snecko Eye","Strawberry","Orrery","Ancient Tea Set","DollysMirror"],"potions_floor_usage":[16,16,28,29,33,33,50,50,50],"damage_taken":[{"damage":7,"enemies":"2 Louse","floor":1,"turns":3},{"damage":0,"enemies":"Small Slimes","floor":2,"turns":3},{"damage":0,"enemies":"Jaw Worm","floor":5,"turns":3},{"damage":4,"enemies":"Blue Slaver","floor":7,"turns":4},{"damage":0,"enemies":"3 Louse","floor":12,"turns":3},{"damage":0,"enemies":"Looter","floor":14,"turns":2},{"damage":47,"enemies":"Hexaghost","floor":16,"turns":10},{"damage":27,"enemies":"Shell Parasite","floor":18,"turns":7},{"damage":0,"enemies":"Chosen","floor":25,"turns":3},{"damage":0,"enemies":"3 Cultists","floor":27,"turns":4},{"damage":12,"enemies":"Chosen and Byrds","floor":28,"turns":5},{"damage":24,"enemies":"Centurion and Healer","floor":29,"turns":4},{"damage":96,"enemies":"Automaton","floor":33,"turns":11},{"damage":52,"enemies":"3 Darklings","floor":35,"turns":5},{"damage":0,"enemies":"Orb Walker","floor":38,"turns":2},{"damage":34,"enemies":"Writhing Mass","floor":41,"turns":4},{"damage":2,"enemies":"3 Darklings","floor":46,"turns":3},{"damage":0,"enemies":"Spire Growth","floor":48,"turns":2},{"damage":91,"enemies":"Awakened One","floor":50,"turns":7}],"seed_played":"9175200563121456847","potions_obtained":[{"floor":1,"key":"Poison Potion"},{"floor":5,"key":"Dexterity Potion"},{"floor":14,"key":"BloodPotion"},{"floor":16,"key":"Swift Potion"},{"floor":25,"key":"Swift Potion"},{"floor":27,"key":"SteroidPotion"},{"floor":35,"key":"PowerPotion"},{"floor":38,"key":"Dexterity Potion"}],"is_trial":false,"path_per_floor":["M","M","$","?","M","R","M","?","T","R","$","M","?","M","R","B",null,"M","?","?","$","?","R","$","M","T","M","M","M","R","$","R","B",null,"M","?","?","M","?","R","M","R","T","?","R","M","$","M","R","B"],"character_chosen":"IRONCLAD","items_purchased":["Armaments","Twin Strike","Strength Potion","SkillPotion","DollysMirror"],"campfire_rested":3,"item_purchase_floors":[3,21,31,47,47],"current_hp_per_floor":[87,88,88,70,76,76,78,78,78,78,78,84,84,88,88,47,88,67,67,67,67,67,67,67,73,80,86,80,62,62,62,95,14,95,49,49,49,55,55,95,67,67,67,67,67,71,71,77,90,0],"gold":32,"neow_bonus":"TEN_PERCENT_HP_BONUS","is_prod":false,"is_daily":false,"chose_seed":false,"campfire_upgraded":7,"win_rate":0,"timestamp":1560215065,"path_taken":["M","M","$","?","M","R","M","?","T","R","$","M","?","M","R","BOSS","M","?","?","$","?","R","?","M","T","?","M","M","R","$","R","BOSS","M","?","?","M","?","R","M","R","T","?","R","M","$","M","R","BOSS"],"build_version":"2019-01-23","purchased_purges":2,"victory":false,"max_hp_per_floor":[88,88,88,88,88,88,88,88,88,88,88,88,88,88,88,88,88,88,88,88,88,88,88,88,88,95,95,95,95,95,95,95,95,95,95,95,95,95,95,95,95,95,95,90,90,90,90,90,90,90],"card_choices":[{"not_picked":["Seeing Red","Iron Wave"],"picked":"Twin Strike","floor":1},{"not_picked":["Anger","Hemokinesis","Barricade"],"picked":"SKIP","floor":2},{"not_picked":["Warcry","Fire Breathing"],"picked":"Flex","floor":5},{"not_picked":["Sword Boomerang","Flex"],"picked":"Wild Strike","floor":7},{"not_picked":["Dropkick","Thunderclap","Cleave"],"picked":"SKIP","floor":12},{"not_picked":["Uppercut","Combust"],"picked":"Shrug It Off","floor":14},{"not_picked":["Pommel Strike","Thunderclap+1"],"picked":"True Grit","floor":18},{"not_picked":["Havoc","Double Tap","Headbutt"],"picked":"SKIP","floor":25},{"not_picked":["Whirlwind+1","Rupture","Body Slam"],"picked":"SKIP","floor":27},{"not_picked":["Disarm+1","Clothesline","Ghostly Armor"],"picked":"SKIP","floor":28},{"not_picked":["Armaments+1","Flex"],"picked":"Twin Strike+1","floor":29},{"not_picked":["Hemokinesis+1","Infernal Blade"],"picked":"Pommel Strike","floor":34},{"not_picked":["Headbutt","Inflame"],"picked":"Perfected Strike","floor":34},{"not_picked":["Perfected Strike+1","Clash+1"],"picked":"Shrug It Off+1","floor":35},{"not_picked":["Disarm+1","Clash+1"],"picked":"Flex","floor":38},{"not_picked":["Sentinel","Body Slam+1"],"picked":"Wild Strike","floor":41},{"not_picked":["Heavy Blade+1","Feel No Pain+1"],"picked":"Wild Strike+1","floor":46},{"not_picked":["Warcry+1","Flame Barrier","True Grit"],"picked":"SKIP","floor":48}],"player_experience":144313,"relics_obtained":[{"floor":9,"key":"Regal Pillow"},{"floor":26,"key":"Strawberry"},{"floor":43,"key":"Ancient Tea Set"}],"event_choices":[{"damage_healed":0,"gold_gain":0,"player_choice":"Entered Light","damage_taken":18,"max_hp_gain":0,"max_hp_loss":0,"event_name":"Shining Light","floor":4,"gold_loss":0,"cards_upgraded":["Bash","Defend_R"]},{"damage_healed":0,"gold_gain":0,"player_choice":"Leave","damage_taken":0,"max_hp_gain":0,"max_hp_loss":0,"event_name":"The Cleric","floor":8,"gold_loss":0},{"damage_healed":0,"gold_gain":0,"player_choice":"Ignored","damage_taken":0,"max_hp_gain":0,"max_hp_loss":0,"event_name":"Liars Game","floor":13,"gold_loss":0},{"damage_healed":0,"gold_gain":0,"player_choice":"Read","damage_taken":0,"max_hp_gain":0,"max_hp_loss":0,"event_name":"The Library","floor":19,"gold_loss":0,"cards_obtained":["Perfected Strike"]},{"cards_removed":["Defend_R"],"damage_healed":0,"gold_gain":0,"player_choice":"Gave Gold","damage_taken":0,"max_hp_gain":0,"max_hp_loss":0,"event_name":"Beggar","floor":20,"gold_loss":75},{"damage_healed":0,"gold_gain":0,"player_choice":"Ignored","damage_taken":0,"max_hp_gain":0,"max_hp_loss":0,"event_name":"Ghosts","floor":22,"gold_loss":0},{"cards_removed":["Strike_R"],"damage_healed":0,"gold_gain":0,"player_choice":"Removed Attack","damage_taken":0,"max_hp_gain":0,"max_hp_loss":0,"event_name":"Falling","floor":36,"gold_loss":0},{"damage_healed":0,"gold_gain":0,"player_choice":"Memory 1","damage_taken":0,"max_hp_gain":0,"max_hp_loss":0,"event_name":"SensoryStone","floor":37,"gold_loss":0},{"damage_healed":0,"gold_gain":0,"player_choice":"Ignored","damage_taken":0,"max_hp_gain":0,"max_hp_loss":0,"event_name":"Tomb of Lord Red Mask","floor":39,"gold_loss":0},{"damage_healed":0,"gold_gain":0,"player_choice":"Max HP","damage_taken":0,"max_hp_gain":0,"max_hp_loss":5,"event_name":"Winding Halls","floor":44,"gold_loss":0}],"is_beta":false,"boss_relics":[{"not_picked":["Philosopher\u0027s Stone","Astrolabe"],"picked":"Snecko Eye"},{"not_picked":["Black Star","White Beast Statue"],"picked":"Orrery"}],"items_purged_floors":[3,21],"is_endless":false,"potions_floor_spawned":[1,5,14,16,25,27,35,38],"killed_by":"Awakened One","ascension_level":0}