{"gold_per_floor":[111,36,36,55,205,239,265,284,284,23,44,44,44,6,6,102,102,118,133,38,53,76,76],"floor_reached":23,"playtime":1042,"items_purged":["Doubt","Strike_B"],"score":389,"play_id":"a1d91435-ae5a-46b8-8bb2-b1aff73a4e9f","local_time":"20190531130602","is_ascension_mode":true,"campfire_choices":[{"data":"Defragment","floor":12,"key":"SMITH"},{"data":"Zap","floor":15,"key":"SMITH"}],"neow_cost":"NONE","seed_source_timestamp":1360174281902908,"circlet_count":0,"master_deck":["AscendersBane","Strike_B","Strike_B","Defend_B","Defend_B","Defend_B","Defend_B","Zap+1","Dualcast","Gash","Tempest","Defragment+1","Doom and Gloom","Glacier","Meteor Strike","Static Discharge","Consume","Undo","Capacitor"],"special_seed":0,"relics":["Cracked Core","NeowsBlessing","Golden Idol","Ice Cream","Happy Flower","Blue Candle","Membership Card","Sundial","Velvet Choker"],"potions_floor_usage":[22],"damage_taken":[{"damage":0.0,"enemies":"2 Louse","floor":1.0,"turns":1.0},{"damage":0.0,"enemies":"Small Slimes","floor":4.0,"turns":1.0},{"damage":0.0,"enemies":"Lagavulin","floor":6.0,"turns":1.0},{"damage":1.0,"enemies":"Cultist","floor":8.0,"turns":3.0},{"damage":0,"enemies":"Large Slime","floor":11,"turns":3},{"damage":34,"enemies":"Slime Boss","floor":16,"turns":8},{"damage":12,"enemies":"3 Byrds","floor":18,"turns":2},{"damage":2,"enemies":"Chosen","floor":19,"turns":4},{"damage":7,"enemies":"Snecko","floor":21,"turns":6},{"damage":24,"enemies":"Snake Plant","floor":22,"turns":2},{"damage":13,"enemies":"Gremlin Leader","floor":23,"turns":2}],"seed_played":"-588324719917112653","potions_obtained":[{"floor":4.0,"key":"SmokeBomb"},{"floor":11,"key":"Energy Potion"}],"is_trial":false,"path_per_floor":["M","?","?","M","?","E","T","M","T","$","M","R","?","$","R","B",null,"M","M","$","M","M","E"],"character_chosen":"DEFECT","items_purchased":["Membership Card","Glacier","Undo","PowerPotion"],"campfire_rested":0,"item_purchase_floors":[10,10,20,20],"current_hp_per_floor":[64,64,64,64,64,64,64,63,63,63,63,63,58,58,58,24,54,42,40,40,33,9,0],"gold":76,"neow_bonus":"THREE_ENEMY_KILL","is_prod":false,"is_daily":false,"chose_seed":false,"campfire_upgraded":2,"win_rate":0,"timestamp":1559300762,"path_taken":["M","?","?","M","?","E","?","M","T","$","M","R","?","?","R","BOSS","M","M","$","M","?","E"],"build_version":"2019-01-23","purchased_purges":2,"victory":false,"max_hp_per_floor":[71,71,64,64,64,64,64,64,64,64,64,64,64,64,64,64,64,64,64,64,64,64,64],"card_choices":[{"not_picked":["Coolheaded","FTL"],"picked":"Gash","floor":1.0},{"not_picked":["Blizzard","Rebound"],"picked":"Tempest","floor":4.0},{"not_picked":["Machine Learning","Recycle"],"picked":"Defragment","floor":6.0},{"not_picked":["Rebound","Conserve Battery"],"picked":"Doom and Gloom","floor":8.0},{"not_picked":["Go for the Eyes","Chill","Barrage"],"picked":"SKIP","floor":11},{"not_picked":["Rainbow","Reboot"],"picked":"Meteor Strike","floor":16},{"not_picked":["Streamline","Leap"],"picked":"Static Discharge","floor":18},{"not_picked":["FTL+1","Storm"],"picked":"Consume","floor":19},{"not_picked":["Ball Lightning","Gash","Streamline"],"picked":"SKIP","floor":21},{"not_picked":["Rip and Tear+1","Redo+1"],"picked":"Capacitor","floor":22}],"player_experience":749000,"relics_obtained":[{"floor":6.0,"key":"Ice Cream"},{"floor":7.0,"key":"Happy Flower"},{"floor":9.0,"key":"Blue Candle"}],"event_choices":[{"cards_removed":["Strike_B"],"damage_healed":0.0,"max_hp_gain":0.0,"max_hp_loss":0.0,"gold_gain":0.0,"event_name":"The Cleric","player_choice":"Card Removal","floor":2.0,"gold_loss":75.0,"damage_taken":0.0},{"damage_healed":0.0,"max_hp_gain":0.0,"max_hp_loss":7.0,"gold_gain":0.0,"event_name":"Golden Idol","player_choice":"Lose Max HP","floor":3.0,"gold_loss":0.0,"damage_taken":0.0,"relics_obtained":["Golden Idol"]},{"damage_healed":0.0,"max_hp_gain":0.0,"max_hp_loss":0.0,"gold_gain":150.0,"event_name":"Liars Game","player_choice":"AGREE","floor":5.0,"gold_loss":0.0,"damage_taken":0.0,"cards_obtained":["Doubt"]},{"damage_healed":0,"gold_gain":0,"player_choice":"Success","damage_taken":5,"relics_obtained":["Sundial"],"max_hp_gain":0,"max_hp_loss":0,"event_name":"Scrap Ooze","floor":13,"gold_loss":0}],"is_beta":false,"boss_relics":[{"not_picked":["Eternal Feather","Astrolabe"],"picked":"Velvet Choker"}],"items_purged_floors":[14,20],"is_endless":false,"potions_floor_spawned":[4,11,18],"killed_by":"Gremlin Leader","ascension_level":16}