{"gold_per_floor":[112,126,126,143,158,10,10,38,62,97,97,17,17,27,27,123,123,137,137,137,37,47,47,57,57,80,92,107,125,125,151,151,248,248,259,259,134,144,244,244,262,262,262,81,81,97,0,17,17,17],"floor_reached":51,"playtime":2813,"items_purged":["Strike_G","Strike_G","Defend_G"],"score":1093,"play_id":"ce99e26b-364c-4c20-b7b6-d4a15552d825","local_time":"20190331224659","is_ascension_mode":true,"campfire_choices":[{"data":"Bouncing Flask","floor":7,"key":"SMITH"},{"floor":13,"key":"REST"},{"data":"Noxious Fumes","floor":15,"key":"SMITH"},{"data":"Noxious Fumes","floor":23,"key":"SMITH"},{"data":"Burst","floor":25,"key":"SMITH"},{"floor":32,"key":"REST"},{"data":"Catalyst","floor":40,"key":"SMITH"},{"data":"Footwork","floor":45,"key":"SMITH"},{"floor":49,"key":"REST"}],"neow_cost":"PERCENT_DAMAGE","seed_source_timestamp":1608145572899510,"circlet_count":0,"master_deck":["AscendersBane","Defend_G+1","Defend_G+1","Defend_G","Survivor","Neutralize","Adrenaline","Escape Plan","Well Laid Plans","Deadly Poison","Catalyst+1","Bouncing Flask+1","Footwork+1","Noxious Fumes+1","Burst+1","Noxious Fumes+1","Escape Plan+1","Leg Sweep","Adrenaline","Noxious Fumes+1","Well Laid Plans","Crippling Poison","Noxious Fumes","Backflip","Noxious Fumes+1"],"relics":["Ring of the Snake","Pen Nib","Oddly Smooth Stone","Boot","War Paint","Snake Skull","Sozu","Prayer Wheel","The Specimen","Happy Flower"],"potions_floor_usage":[10,29,31,50,50],"damage_taken":[{"damage":2,"enemies":"Small Slimes","floor":1,"turns":4},{"damage":0,"enemies":"2 Louse","floor":2,"turns":4},{"damage":10,"enemies":"Jaw Worm","floor":4,"turns":6},{"damage":9,"enemies":"Blue Slaver","floor":5,"turns":5},{"damage":6,"enemies":"Gremlin Nob","floor":8,"turns":3},{"damage":16,"enemies":"Lagavulin","floor":10,"turns":4},{"damage":0,"enemies":"Large Slime","floor":14,"turns":5},{"damage":8,"enemies":"The Guardian","floor":16,"turns":7},{"damage":0,"enemies":"Spheric Guardian","floor":18,"turns":3},{"damage":0,"enemies":"Chosen","floor":22,"turns":3},{"damage":12,"enemies":"Sentry and Sphere","floor":24,"turns":5},{"damage":0,"enemies":"Snake Plant","floor":27,"turns":2},{"damage":8,"enemies":"Cultist and Chosen","floor":28,"turns":5},{"damage":2,"enemies":"Shelled Parasite and Fungi","floor":29,"turns":5},{"damage":10,"enemies":"Book of Stabbing","floor":31,"turns":2},{"damage":21,"enemies":"Automaton","floor":33,"turns":7},{"damage":2,"enemies":"Orb Walker","floor":35,"turns":5},{"damage":0,"enemies":"3 Shapes","floor":38,"turns":3},{"damage":0,"enemies":"Mind Bloom Boss Battle","floor":39,"turns":5},{"damage":4,"enemies":"Transient","floor":41,"turns":5},{"damage":0,"enemies":"Sphere and 2 Shapes","floor":46,"turns":3},{"damage":20,"enemies":"4 Shapes","floor":48,"turns":4},{"damage":16,"enemies":"Awakened One","floor":50,"turns":8}],"seed_played":"-9081588232835736867","potions_obtained":[{"floor":8,"key":"AttackPotion"},{"floor":16,"key":"GhostInAJar"},{"floor":27,"key":"Poison Potion"},{"floor":31,"key":"Block Potion"},{"floor":33,"key":"GhostInAJar"}],"is_trial":false,"path_per_floor":["M","M","?","M","M","$","R","E","T","E","?","$","R","M","R","B",null,"M","?","?","$","M","R","M","R","T","M","M","M","?","E","R","B",null,"M","?","$","M","?","R","M","?","T","$","R","M","$","M","R","B",null],"character_chosen":"THE_SILENT","items_purchased":["Bouncing Flask","Noxious Fumes","Crippling Poison","Happy Flower","Noxious Fumes","Backflip"],"campfire_rested":3,"item_purchase_floors":[6,12,44,44,47,47],"current_hp_per_floor":[43,43,43,33,24,24,24,18,18,2,2,2,23,23,23,15,56,56,56,56,56,56,56,44,44,44,44,36,34,34,24,45,24,59,57,57,57,57,57,57,53,53,53,53,53,53,53,33,54,38],"gold":17,"neow_bonus":"TRANSFORM_TWO_CARDS","is_prod":false,"is_daily":false,"chose_seed":false,"campfire_upgraded":6,"win_rate":0,"timestamp":1554097619,"path_taken":["M","M","?","M","M","$","R","E","T","E","?","?","R","M","R","BOSS","M","?","?","$","M","R","M","R","T","M","?","M","?","E","R","BOSS","M","?","$","M","?","R","M","?","T","?","R","M","$","?","R","BOSS"],"build_version":"2019-01-23","purchased_purges":3,"victory":true,"max_hp_per_floor":[70,70,70,70,70,70,70,70,70,70,70,70,70,70,70,70,70,70,70,70,70,70,70,70,70,70,70,70,70,70,70,70,70,70,70,70,70,70,70,70,70,70,70,70,70,70,70,70,70,70],"card_choices":[{"not_picked":["Quick Slash","Flying Knee","Blade Dance"],"picked":"SKIP","floor":1},{"not_picked":["Outmaneuver","Calculated Gamble"],"picked":"Well Laid Plans","floor":2},{"not_picked":["Deflect","Reflex"],"picked":"Deadly Poison","floor":4},{"not_picked":["All Out Attack","Cloak And Dagger"],"picked":"Catalyst","floor":5},{"not_picked":["Glass Knife","Outmaneuver","Terror"],"picked":"SKIP","floor":8},{"not_picked":["Sucker Punch","PiercingWail"],"picked":"Footwork","floor":10},{"not_picked":["Underhanded Strike","Blade Dance","Outmaneuver"],"picked":"SKIP","floor":14},{"not_picked":["Venomology","Storm of Steel"],"picked":"Burst","floor":16},{"not_picked":["Infinite Blades","Underhanded Strike+1","Prepared"],"picked":"SKIP","floor":18},{"not_picked":["Dodge and Roll","Sucker Punch","Dagger Spray"],"picked":"SKIP","floor":22},{"not_picked":["Cloak And Dagger","Terror","Infinite Blades+1"],"picked":"SKIP","floor":24},{"not_picked":["Cloak And Dagger","Dagger Spray","Finisher"],"picked":"SKIP","floor":27},{"not_picked":["Blade Dance","Flying Knee+1"],"picked":"Escape Plan+1","floor":28},{"not_picked":["Distraction+1","Slice","Glass Knife"],"picked":"SKIP","floor":29},{"not_picked":["Reflex","Setup+1","All Out Attack"],"picked":"SKIP","floor":31},{"not_picked":["Glass Knife","Grand Finale"],"picked":"Adrenaline","floor":33},{"not_picked":["Calculated Gamble","Deflect+1"],"picked":"Noxious Fumes+1","floor":35},{"not_picked":["Dagger Throw","Slice","Riddle With Holes+1"],"picked":"SKIP","floor":38},{"not_picked":["Heel Hook","PiercingWail"],"picked":"Well Laid Plans","floor":39},{"not_picked":["Slice","Deadly Poison","Storm of Steel"],"picked":"SKIP","floor":41},{"not_picked":["Poisoned Stab+1","Underhanded Strike","Concentrate"],"picked":"SKIP","floor":41},{"not_picked":["Bane","Outmaneuver+1","Heel Hook"],"picked":"SKIP","floor":46},{"not_picked":["Dagger Throw+1","Tactician","Acrobatics"],"picked":"SKIP","floor":46},{"not_picked":["Prepared","Outmaneuver+1"],"picked":"Noxious Fumes+1","floor":48},{"not_picked":["Dodge and Roll+1","Outmaneuver+1","Tactician"],"picked":"SKIP","floor":48}],"player_experience":549026,"relics_obtained":[{"floor":8,"key":"Pen Nib"},{"floor":9,"key":"Oddly Smooth Stone"},{"floor":10,"key":"Boot"},{"floor":26,"key":"War Paint"},{"floor":31,"key":"Snake Skull"},{"floor":39,"key":"Prayer Wheel"},{"floor":43,"key":"The Specimen"}],"event_choices":[{"cards_removed":["Defend_G"],"damage_healed":0,"gold_gain":0,"player_choice":"Forget","damage_taken":0,"max_hp_gain":0,"max_hp_loss":0,"event_name":"Living Wall","floor":3,"gold_loss":0},{"damage_healed":0,"gold_gain":0,"player_choice":"Fled","damage_taken":0,"max_hp_gain":0,"max_hp_loss":0,"event_name":"Scrap Ooze","floor":11,"gold_loss":0},{"damage_healed":0,"gold_gain":0,"player_choice":"Read","damage_taken":0,"max_hp_gain":0,"max_hp_loss":0,"event_name":"The Library","floor":19,"gold_loss":0,"cards_obtained":["Noxious Fumes"]},{"cards_removed":["Strike_G"],"damage_healed":0,"gold_gain":0,"player_choice":"Offered Basic","damage_taken":0,"max_hp_gain":0,"max_hp_loss":0,"event_name":"Bonfire Elementals","floor":20,"gold_loss":0},{"damage_healed":0,"gold_gain":0,"player_choice":"1 cards matched","damage_taken":0,"max_hp_gain":0,"max_hp_loss":0,"event_name":"Match and Keep!","floor":30,"gold_loss":0,"cards_obtained":["Leg Sweep"]},{"damage_healed":0,"gold_gain":0,"player_choice":"Ignored","damage_taken":0,"max_hp_gain":0,"max_hp_loss":0,"event_name":"Tomb of Lord Red Mask","floor":36,"gold_loss":0},{"damage_healed":0,"gold_gain":0,"player_choice":"Fight","damage_taken":0,"max_hp_gain":0,"max_hp_loss":0,"event_name":"MindBloom","floor":39,"gold_loss":0},{"damage_healed":0,"gold_gain":0,"player_choice":"Memory 1","damage_taken":0,"max_hp_gain":0,"max_hp_loss":0,"event_name":"SensoryStone","floor":42,"gold_loss":0}],"is_beta":false,"boss_relics":[{"not_picked":["Snecko Eye","Runic Pyramid","Busted Crown"]},{"not_picked":["Black Star","Orrery"],"picked":"Sozu"}],"items_purged_floors":[6,21,37],"is_endless":false,"potions_floor_spawned":[8,16,27,28,31,33,39,46,48],"ascension_level":12}