{"gold_per_floor":[110,110,123,137,150,150,176,30,57,70,70,94,94,128,128,248,248,266,286,112,112,126,126,126,126,153,153,164,177,177,177,177,177],"floor_reached":33,"playtime":1458,"items_purged":["Strike_G","Strike_G"],"score":413,"play_id":"a7bd391c-0586-4080-b409-399ef16819cd","local_time":"20190119213148","is_ascension_mode":true,"campfire_choices":[{"data":"Crippling Poison","floor":6,"key":"SMITH"},{"data":"Predator","floor":13,"key":"SMITH"},{"floor":15,"key":"REST"},{"floor":23,"key":"REST"},{"data":"Caltrops","floor":25,"key":"SMITH"},{"data":"Caltrops","floor":27,"key":"SMITH"},{"floor":32,"key":"REST"}],"neow_cost":"NONE","seed_source_timestamp":986523094315444,"circlet_count":0,"master_deck":["Defend_G","Defend_G","Defend_G","Defend_G","Defend_G","Strike_G","Strike_G","Survivor","Neutralize","Leg Sweep","Crippling Poison+1","Backstab","Footwork","Predator+1","Footwork","Burst","Adrenaline","Caltrops+1","Caltrops+1","Quick Slash","Acrobatics","Blade Dance+1","Backflip","Footwork","Footwork","Backstab"],"relics":["Ring of the Snake","NeowsBlessing","Centennial Puzzle","Orichalcum","Bloody Idol","Potion Belt","Orrery","Lantern","Happy Flower"],"potions_floor_usage":[7,14,14,14,30],"damage_taken":[{"damage":0,"enemies":"Jaw Worm","floor":1,"turns":1},{"damage":0,"enemies":"Cultist","floor":3,"turns":1},{"damage":0,"enemies":"2 Louse","floor":4,"turns":1},{"damage":16,"enemies":"Exordium Wildlife","floor":5,"turns":8},{"damage":21,"enemies":"3 Sentries","floor":7,"turns":14},{"damage":0,"enemies":"2 Fungi Beasts","floor":10,"turns":3},{"damage":1,"enemies":"Exordium Thugs","floor":12,"turns":5},{"damage":10,"enemies":"Lagavulin","floor":14,"turns":8},{"damage":4,"enemies":"The Guardian","floor":16,"turns":18},{"damage":12,"enemies":"Chosen","floor":18,"turns":5},{"damage":11,"enemies":"Shell Parasite","floor":19,"turns":5},{"damage":35,"enemies":"Centurion and Healer","floor":22,"turns":13},{"damage":18,"enemies":"Sentry and Sphere","floor":28,"turns":9},{"damage":13,"enemies":"Snake Plant","floor":29,"turns":4},{"damage":0,"enemies":"Slavers","floor":30,"turns":1},{"damage":32,"enemies":"Automaton","floor":33,"turns":4}],"seed_played":"7903106608178357238","potions_obtained":[{"floor":1,"key":"Regen Potion"},{"floor":4,"key":"Dexterity Potion"},{"floor":5,"key":"GamblersBrew"},{"floor":7,"key":"Block Potion"},{"floor":12,"key":"Fire Potion"},{"floor":28,"key":"SmokeBomb"}],"is_trial":false,"path_per_floor":["M","?","M","M","M","R","E","$","T","M","?","M","R","E","R","B",null,"M","M","$","?","M","R","?","R","T","R","M","M","E","?","R","B"],"character_chosen":"THE_SILENT","items_purchased":["Footwork","Footwork"],"campfire_rested":3,"item_purchase_floors":[8,20],"current_hp_per_floor":[63,63,63,63,47,47,41,41,41,41,24,23,23,13,34,30,60,48,37,37,37,2,23,23,23,28,28,15,7,7,7,28,0],"gold":177,"neow_bonus":"THREE_ENEMY_KILL","is_prod":false,"is_daily":false,"chose_seed":false,"campfire_upgraded":4,"win_rate":0,"timestamp":1547962308,"path_taken":["M","?","?","?","M","R","E","$","T","M","?","M","R","E","R","BOSS","M","M","$","?","M","R","?","R","T","R","M","?","E","?","R","BOSS"],"build_version":"2019-01-17v2","purchased_purges":2,"victory":false,"max_hp_per_floor":[70,70,70,70,70,70,70,70,70,70,70,70,70,70,70,70,70,70,70,70,70,70,70,70,70,70,70,70,70,70,70,70,70],"card_choices":[{"not_picked":["Tactician","Deadly Poison"],"picked":"Leg Sweep","floor":1},{"not_picked":["Bane","Dodge and Roll"],"picked":"Crippling Poison","floor":3},{"not_picked":["Well Laid Plans","Slice"],"picked":"Backstab","floor":4},{"not_picked":["Reflex","PiercingWail","Accuracy"],"picked":"SKIP","floor":5},{"not_picked":["All Out Attack","Poisoned Stab","Slice"],"picked":"SKIP","floor":7},{"not_picked":["Masterful Stab","Adrenaline"],"picked":"Predator","floor":10},{"not_picked":["Tactician","PiercingWail","Slice"],"picked":"SKIP","floor":12},{"not_picked":["Outmaneuver","Eviscerate"],"picked":"Footwork","floor":14},{"not_picked":["Storm of Steel","Bullet Time"],"picked":"Burst","floor":16},{"not_picked":["Flying Knee","Underhanded Strike"],"picked":"Adrenaline","floor":17},{"not_picked":["Dodge and Roll","Concentrate"],"picked":"Caltrops","floor":17},{"not_picked":["Endless Agony","Cloak And Dagger"],"picked":"Caltrops","floor":17},{"not_picked":["Sucker Punch","Deflect"],"picked":"Quick Slash","floor":17},{"not_picked":["Accuracy","Deflect"],"picked":"Acrobatics","floor":17},{"not_picked":["Poisoned Stab","Quick Slash"],"picked":"Blade Dance+1","floor":18},{"not_picked":["Deadly Poison","Sucker Punch"],"picked":"Backflip","floor":19},{"not_picked":["Sucker Punch","Flying Knee+1","Bane+1"],"picked":"SKIP","floor":22},{"not_picked":["Heel Hook","Masterful Stab+1"],"picked":"Backstab","floor":28},{"not_picked":["Quick Slash","Dodge and Roll","Concentrate"],"picked":"SKIP","floor":29}],"player_experience":372788,"relics_obtained":[{"floor":7,"key":"Centennial Puzzle"},{"floor":9,"key":"Orichalcum"},{"floor":14,"key":"Potion Belt"},{"floor":26,"key":"Lantern"}],"event_choices":[{"cards_removed":["Strike_G"],"damage_healed":0,"gold_gain":0,"player_choice":"Offered Basic","damage_taken":0,"max_hp_gain":0,"max_hp_loss":0,"event_name":"Bonfire Elementals","floor":2,"gold_loss":0},{"damage_healed":0,"gold_gain":0,"player_choice":"Take Damage","damage_taken":17,"relics_obtained":["Golden Idol"],"max_hp_gain":0,"max_hp_loss":0,"event_name":"Golden Idol","floor":11,"gold_loss":0},{"damage_healed":0,"gold_gain":0,"player_choice":"Read","damage_taken":0,"max_hp_gain":0,"max_hp_loss":0,"event_name":"The Library","floor":21,"gold_loss":0,"cards_obtained":["Footwork"]},{"damage_healed":0,"gold_gain":0,"player_choice":"Gave Idol","damage_taken":0,"relics_obtained":["Bloody Idol"],"max_hp_gain":0,"max_hp_loss":0,"event_name":"Forgotten Altar","floor":24,"relics_lost":["Golden Idol"],"gold_loss":0},{"damage_healed":0,"gold_gain":0,"player_choice":"Opened","damage_taken":0,"relics_obtained":["Happy Flower"],"max_hp_gain":0,"max_hp_loss":0,"event_name":"The Mausoleum","floor":31,"gold_loss":0}],"is_beta":false,"boss_relics":[{"not_picked":["Fusion Hammer","Astrolabe"],"picked":"Orrery"}],"items_purged_floors":[8,20],"is_endless":false,"potions_floor_spawned":[1,4,5,7,12,28,30],"killed_by":"Automaton","ascension_level":8}