{"gold_per_floor":[110,121,139,64,164,164,183,183,183,199,22,39,39,83,83,207,207,221,24,37,37,37,37,57,72,154,154,154,154,167,167],"floor_reached":31,"playtime":854,"items_purged":["Strike_G","Strike_G","Strike_G"],"score":344,"play_id":"43c6d9f7-0b1e-49ce-b1b2-f5bb980c5999","local_time":"20190124221151","is_ascension_mode":true,"campfire_choices":[{"data":"Noxious Fumes","floor":6,"key":"SMITH"},{"data":"Dash","floor":8,"key":"SMITH"},{"data":"Deadly Poison","floor":15,"key":"SMITH"},{"data":"Bouncing Flask","floor":23,"key":"SMITH"}],"neow_cost":"NONE","seed_source_timestamp":1421529277273852,"circlet_count":0,"master_deck":["Defend_G+1","Defend_G+1","Defend_G","Defend_G","Defend_G","Strike_G","Strike_G","Survivor","Neutralize","Noxious Fumes+1","Dash+1","Deadly Poison+1","Footwork+1","Leg Sweep","Backstab","Corpse Explosion","Dash","Backflip","Footwork+1","Bouncing Flask+1","Writhe"],"relics":["Ring of the Snake","NeowsBlessing","Frozen Egg 2","Golden Idol","Unceasing Top","Orrery","Ninja Scroll","Bottled Flame","War Paint"],"potions_floor_usage":[16,25,30,31,31],"damage_taken":[{"damage":0,"enemies":"Small Slimes","floor":1,"turns":1},{"damage":0,"enemies":"Cultist","floor":2,"turns":1},{"damage":0,"enemies":"2 Louse","floor":3,"turns":1},{"damage":0,"enemies":"2 Fungi Beasts","floor":7,"turns":4},{"damage":1,"enemies":"Blue Slaver","floor":10,"turns":4},{"damage":6,"enemies":"3 Louse","floor":12,"turns":4},{"damage":1,"enemies":"Lagavulin","floor":14,"turns":8},{"damage":7,"enemies":"The Guardian","floor":16,"turns":10},{"damage":31,"enemies":"Shell Parasite","floor":18,"turns":5},{"damage":11,"enemies":"2 Thieves","floor":20,"turns":4},{"damage":18,"enemies":"Snake Plant","floor":24,"turns":6},{"damage":22,"enemies":"Snecko","floor":25,"turns":5},{"damage":0,"enemies":"3 Cultists","floor":30,"turns":2},{"damage":6,"enemies":"Snake Plant","floor":31,"turns":2}],"seed_played":"8668816115774729112","potions_obtained":[{"floor":3,"key":"FearPotion"},{"floor":7,"key":"SpeedPotion"},{"floor":16,"key":"FearPotion"},{"floor":24,"key":"Fire Potion"},{"floor":30,"key":"SpeedPotion"}],"is_trial":false,"path_per_floor":["M","M","M","$","?","R","M","R","T","M","$","M","?","E","R","B",null,"M","$","M","$","?","R","M","M","T","?","T","?","M","M"],"character_chosen":"THE_SILENT","items_purchased":["Footwork+1","Footwork+1"],"campfire_rested":0,"item_purchase_floors":[11,19],"current_hp_per_floor":[63,63,63,63,63,63,63,63,63,62,62,56,39,38,38,31,60,29,29,18,18,41,41,23,1,1,1,1,1,1,0],"gold":167,"neow_bonus":"THREE_ENEMY_KILL","is_prod":false,"is_daily":false,"chose_seed":false,"campfire_upgraded":4,"win_rate":0,"timestamp":1548396711,"path_taken":["M","M","M","$","?","R","M","R","T","M","$","?","?","E","R","BOSS","M","$","M","$","?","R","M","M","T","?","?","?","M","?"],"build_version":"2019-01-23","purchased_purges":3,"victory":false,"max_hp_per_floor":[70,70,70,70,70,70,70,70,70,70,70,70,70,70,70,70,70,70,70,70,70,70,70,70,70,70,70,70,70,70,70],"card_choices":[{"not_picked":["Quick Slash","Endless Agony"],"picked":"Noxious Fumes","floor":1},{"not_picked":["Dodge and Roll","Underhanded Strike"],"picked":"Dash","floor":2},{"not_picked":["Quick Slash","Poisoned Stab","Blade Dance"],"picked":"SKIP","floor":3},{"not_picked":["Bane","Outmaneuver","Concentrate"],"picked":"SKIP","floor":7},{"not_picked":["Masterful Stab","Doppelganger"],"picked":"Deadly Poison","floor":10},{"not_picked":["Underhanded Strike","PiercingWail","Leg Sweep"],"picked":"SKIP","floor":12},{"not_picked":["Underhanded Strike","PiercingWail"],"picked":"Leg Sweep","floor":12},{"not_picked":["Acrobatics","Cloak And Dagger"],"picked":"Backstab","floor":14},{"not_picked":["Night Terror","A Thousand Cuts+1"],"picked":"Corpse Explosion","floor":16},{"not_picked":["Sucker Punch","Flechettes"],"picked":"Dash","floor":17},{"not_picked":["Flechettes+1","Dagger Throw+1"],"picked":"Backflip","floor":18},{"not_picked":["Caltrops+1","Bane"],"picked":"Bouncing Flask","floor":20},{"not_picked":["Finisher","Reflex","Doppelganger"],"picked":"SKIP","floor":24},{"not_picked":["Dagger Spray","Choke","Heel Hook"],"picked":"SKIP","floor":25},{"not_picked":["Infinite Blades+1","Blade Dance","Quick Slash"],"picked":"SKIP","floor":30}],"player_experience":388266,"relics_obtained":[{"floor":9,"key":"Frozen Egg 2"},{"floor":14,"key":"Unceasing Top"},{"floor":26,"key":"Ninja Scroll"},{"floor":28,"key":"Bottled Flame"}],"event_choices":[{"damage_healed":0,"gold_gain":100,"player_choice":"Pray","damage_taken":0,"max_hp_gain":0,"max_hp_loss":0,"event_name":"Golden Shrine","floor":5,"gold_loss":0},{"damage_healed":0,"gold_gain":0,"player_choice":"Take Damage","damage_taken":17,"relics_obtained":["Golden Idol"],"max_hp_gain":0,"max_hp_loss":0,"event_name":"Golden Idol","floor":13,"gold_loss":0},{"damage_healed":23,"gold_gain":0,"player_choice":"Heal","damage_taken":0,"max_hp_gain":0,"max_hp_loss":0,"event_name":"The Library","floor":22,"gold_loss":0},{"damage_healed":0,"gold_gain":0,"player_choice":"Ignored","damage_taken":0,"max_hp_gain":0,"max_hp_loss":0,"event_name":"Vampires","floor":27,"gold_loss":0},{"damage_healed":0,"gold_gain":0,"player_choice":"Opened","damage_taken":0,"relics_obtained":["War Paint"],"max_hp_gain":0,"max_hp_loss":0,"event_name":"The Mausoleum","floor":29,"gold_loss":0,"cards_obtained":["Writhe"]}],"is_beta":false,"boss_relics":[{"not_picked":["Runic Dome","Philosopher\u0027s Stone"],"picked":"Orrery"}],"items_purged_floors":[4,11,19],"is_endless":false,"potions_floor_spawned":[3,7,16,24,30],"killed_by":"Snake Plant","ascension_level":9}