{"gold_per_floor":[109,109,128,128,147,176,176,188,260,280,137,152,162,177,177,177],"floor_reached":16,"playtime":1341,"items_purged":["Strike_G"],"score":138,"play_id":"366f8659-0578-4350-9176-b882f3bdfac3","local_time":"20181231125433","is_ascension_mode":true,"campfire_choices":[{"data":"Deadly Poison","floor":7,"key":"SMITH"},{"floor":15,"key":"REST"}],"neow_cost":"NONE","seed_source_timestamp":883258953302270,"circlet_count":0,"master_deck":["Defend_G","Defend_G","Defend_G","Defend_G","Defend_G","Strike_G","Strike_G","Strike_G","Strike_G","Survivor","Neutralize","Deadly Poison+1","Dash+1","Acrobatics","Setup","PiercingWail","Crippling Poison","Footwork","Escape Plan","Skewer"],"relics":["Ring of the Snake","NeowsBlessing","Kunai","Question Card","Shuriken"],"potions_floor_usage":[6,14],"damage_taken":[{"damage":0,"enemies":"Cultist","floor":1,"turns":1},{"damage":0,"enemies":"Jaw Worm","floor":3,"turns":1},{"damage":0,"enemies":"Small Slimes","floor":5,"turns":1},{"damage":50,"enemies":"Lagavulin","floor":6,"turns":8},{"damage":1,"enemies":"Looter","floor":8,"turns":3},{"damage":14,"enemies":"Lots of Slimes","floor":10,"turns":4},{"damage":4,"enemies":"Exordium Wildlife","floor":12,"turns":5},{"damage":0,"enemies":"Exordium Thugs","floor":13,"turns":6},{"damage":1,"enemies":"Large Slime","floor":14,"turns":5},{"damage":34,"enemies":"Slime Boss","floor":16,"turns":6}],"seed_played":"7838680989545886132","potions_obtained":[{"floor":3,"key":"Regen Potion"},{"floor":8,"key":"GamblersBrew"},{"floor":13,"key":"SkillPotion"}],"is_trial":false,"path_per_floor":["M","T","M","?","M","E","R","M","T","M","$","M","M","M","R","B"],"character_chosen":"THE_SILENT","items_purchased":["Footwork"],"campfire_rested":1,"item_purchase_floors":[11],"current_hp_per_floor":[63,63,63,63,63,28,28,27,27,13,13,9,9,8,29,0],"gold":177,"neow_bonus":"THREE_ENEMY_KILL","is_prod":false,"is_daily":false,"chose_seed":false,"campfire_upgraded":1,"win_rate":0,"timestamp":1546289673,"path_taken":["M","?","?","?","?","E","R","?","T","?","$","M","M","M","R","BOSS"],"build_version":"2018-12-20","purchased_purges":1,"victory":false,"max_hp_per_floor":[70,70,70,70,70,70,70,70,70,70,70,70,70,70,70,70],"card_choices":[{"not_picked":["Slice","Dagger Throw"],"picked":"Deadly Poison","floor":1},{"not_picked":["Underhanded Strike","Riddle With Holes"],"picked":"Dash","floor":3},{"not_picked":["Dagger Throw","Quick Slash"],"picked":"Acrobatics","floor":5},{"not_picked":["Tactician","Dagger Throw"],"picked":"Setup","floor":6},{"not_picked":["Flying Knee","Quick Slash","Outmaneuver"],"picked":"PiercingWail","floor":8},{"not_picked":["Poisoned Stab","Leg Sweep","Blade Dance"],"picked":"Crippling Poison","floor":10},{"not_picked":["Prepared","Infinite Blades","Setup"],"picked":"Escape Plan","floor":12},{"not_picked":["PiercingWail","Flying Knee","Riddle With Holes"],"picked":"Skewer","floor":13},{"not_picked":["Outmaneuver","Concentrate","Storm of Steel","Heel Hook"],"picked":"SKIP","floor":14}],"player_experience":235283,"relics_obtained":[{"floor":2,"key":"Kunai"},{"floor":6,"key":"Question Card"},{"floor":9,"key":"Shuriken"}],"event_choices":[{"damage_healed":0,"gold_gain":0,"player_choice":"Upgraded","damage_taken":0,"max_hp_gain":0,"max_hp_loss":0,"event_name":"Upgrade Shrine","floor":4,"gold_loss":0,"cards_upgraded":["Dash"]}],"is_beta":false,"boss_relics":[],"items_purged_floors":[11],"is_endless":false,"potions_floor_spawned":[3,8,13],"killed_by":"Slime Boss","ascension_level":6}