{"gold_per_floor":[118,9,27,27,27,53,53,87,87,116,116,191,191,206,206,311,311,295,313,5,5,5,40,40,53,53,73,91,91,123,134,134,134],"floor_reached":33,"playtime":2178,"items_purged":["Strike_R"],"score":550,"play_id":"960483d7-00e5-4eab-b7a6-97c5b0f3d68e","local_time":"20190204113538","is_ascension_mode":true,"campfire_choices":[{"data":"Bash","floor":7.0,"key":"SMITH"},{"data":"Spot Weakness","floor":11.0,"key":"SMITH"},{"floor":13.0,"key":"REST"},{"data":"Heavy Blade","floor":15.0,"key":"SMITH"},{"floor":24.0,"key":"REST"},{"data":"Dark Embrace","floor":32.0,"key":"SMITH"}],"neow_cost":"NONE","seed_source_timestamp":0,"circlet_count":0,"master_deck":["AscendersBane","Strike_R","Strike_R","Strike_R","Strike_R","Defend_R","Defend_R","Defend_R","Defend_R","Bash+1","Spot Weakness+1","Metallicize","Power Through","Heavy Blade+1","Metallicize","Dark Embrace+1","Armaments+1","Feel No Pain+1","Infernal Blade","Havoc","Body Slam","Infernal Blade","Infernal Blade","Evolve","Feel No Pain+1","Body Slam+1","Infernal Blade"],"special_seed":0,"relics":["Burning Blood","NeowsBlessing","Bird Faced Urn","Boot","Bottled Flame","Orichalcum","Mark of Pain","Medical Kit","Vajra","Molten Egg 2","Bronze Scales"],"potions_floor_usage":[],"damage_taken":[{"damage":0.0,"enemies":"Small Slimes","floor":1.0,"turns":1.0},{"damage":0.0,"enemies":"2 Louse","floor":3.0,"turns":2.0},{"damage":0.0,"enemies":"3 Sentries","floor":6.0,"turns":1.0},{"damage":19.0,"enemies":"Gremlin Nob","floor":8.0,"turns":4.0},{"damage":19.0,"enemies":"Lagavulin","floor":10.0,"turns":5.0},{"damage":7.0,"enemies":"Jaw Worm","floor":14.0,"turns":3.0},{"damage":29.0,"enemies":"Hexaghost","floor":16.0,"turns":9.0},{"damage":20.0,"enemies":"2 Thieves","floor":18.0,"turns":4.0},{"damage":8.0,"enemies":"Shell Parasite","floor":19.0,"turns":3.0},{"damage":33.0,"enemies":"Book of Stabbing","floor":23.0,"turns":7.0},{"damage":7.0,"enemies":"Snake Plant","floor":25.0,"turns":4.0},{"damage":20.0,"enemies":"Sentry and Sphere","floor":27.0,"turns":5.0},{"damage":8.0,"enemies":"Centurion and Healer","floor":28.0,"turns":9.0},{"damage":48.0,"enemies":"Slavers","floor":30.0,"turns":6.0},{"damage":13.0,"enemies":"Snake Plant","floor":31.0,"turns":3.0},{"damage":76,"enemies":"Champ","floor":33,"turns":10}],"seed_played":"7932843142105562778","potions_obtained":[{"floor":1.0,"key":"PowerPotion"},{"floor":6.0,"key":"Ancient Potion"},{"floor":8.0,"key":"AttackPotion"},{"floor":14.0,"key":"Swift Potion"},{"floor":18.0,"key":"Weak Potion"},{"floor":23.0,"key":"Block Potion"},{"floor":30.0,"key":"LiquidBronze"}],"is_trial":false,"path_per_floor":["M","$","M","?","?","E","R","E","T","E","R","?","R","M","R","B",null,"M","M","$","?","$","E","R","M","T","M","M","?","E","M","R","B"],"character_chosen":"IRONCLAD","items_purchased":["Metallicize","Medical Kit","Infernal Blade","Havoc"],"campfire_rested":2,"item_purchase_floors":[2,20,20,20],"current_hp_per_floor":[78,78,80,80,80,80,80,67,67,56,56,45,69,68,68,49,72,64,66,66,66,66,47,71,78,78,70,76,76,46,51,51,0],"gold":134,"neow_bonus":"THREE_ENEMY_KILL","is_prod":false,"is_daily":false,"chose_seed":false,"campfire_upgraded":4,"win_rate":0,"timestamp":1549276538,"path_taken":["M","$","M","?","?","E","R","E","T","E","R","?","R","M","R","BOSS","M","M","$","?","$","E","R","?","T","M","M","?","E","?","R","BOSS"],"build_version":"2019-01-23","purchased_purges":1,"victory":false,"max_hp_per_floor":[80,80,80,80,80,80,80,80,80,80,80,80,80,80,80,80,80,80,80,80,80,80,80,80,80,80,80,80,80,80,80,80,80],"card_choices":[{"not_picked":["Clash","Cleave"],"picked":"Spot Weakness","floor":1.0},{"not_picked":["Sever Soul","Fire Breathing"],"picked":"Power Through","floor":3.0},{"not_picked":["Headbutt","Shockwave"],"picked":"Heavy Blade","floor":6.0},{"not_picked":["Fiend Fire","Searing Blow","Flex"],"picked":"SKIP","floor":8.0},{"not_picked":["Body Slam","Flex","Searing Blow"],"picked":"SKIP","floor":10.0},{"not_picked":["Havoc","Headbutt"],"picked":"Metallicize","floor":14.0},{"not_picked":["Exhume","Berserk"],"picked":"Dark Embrace","floor":16.0},{"not_picked":["Hemokinesis","True Grit"],"picked":"Armaments+1","floor":18.0},{"not_picked":["Carnage","Flex"],"picked":"Feel No Pain+1","floor":19.0},{"not_picked":["Spot Weakness","Rage"],"picked":"Body Slam","floor":23.0},{"not_picked":["Heavy Blade","Anger"],"picked":"Infernal Blade","floor":25.0},{"not_picked":["Pommel Strike+1","Shrug It Off"],"picked":"Infernal Blade","floor":27.0},{"not_picked":["Pummel+1","Rupture"],"picked":"Evolve","floor":28.0},{"not_picked":["Intimidate","Brutality"],"picked":"Body Slam+1","floor":30.0},{"not_picked":["Disarm","Dropkick+1"],"picked":"Infernal Blade","floor":31.0}],"player_experience":138924,"relics_obtained":[{"floor":6.0,"key":"Bird Faced Urn"},{"floor":8.0,"key":"Boot"},{"floor":9.0,"key":"Bottled Flame"},{"floor":10.0,"key":"Orichalcum"},{"floor":23.0,"key":"Vajra"},{"floor":26.0,"key":"Molten Egg 2"},{"floor":30.0,"key":"Bronze Scales"}],"event_choices":[{"damage_healed":0.0,"max_hp_gain":0.0,"max_hp_loss":0.0,"gold_gain":0.0,"event_name":"Liars Game","player_choice":"Ignored","floor":4.0,"gold_loss":0.0,"damage_taken":0.0},{"damage_healed":0.0,"max_hp_gain":0.0,"max_hp_loss":0.0,"gold_gain":0.0,"event_name":"The Cleric","player_choice":"Leave","floor":5.0,"gold_loss":0.0,"damage_taken":0.0},{"damage_healed":0.0,"max_hp_gain":0.0,"max_hp_loss":0.0,"gold_gain":75.0,"event_name":"World of Goop","player_choice":"Gather Gold","floor":12.0,"gold_loss":0.0,"damage_taken":11.0},{"damage_healed":0.0,"max_hp_gain":0.0,"max_hp_loss":0.0,"gold_gain":0.0,"event_name":"Match and Keep!","player_choice":"0 cards matched","floor":21.0,"gold_loss":0.0,"damage_taken":0.0,"cards_obtained":[]},{"damage_healed":0.0,"max_hp_gain":0.0,"max_hp_loss":0.0,"gold_gain":0.0,"event_name":"Duplicator","player_choice":"Copied","floor":29.0,"gold_loss":0.0,"damage_taken":0.0,"cards_obtained":["Feel No Pain"]}],"is_beta":false,"boss_relics":[{"not_picked":["Ectoplasm","Snecko Eye"],"picked":"Mark of Pain"}],"items_purged_floors":[2],"is_endless":false,"potions_floor_spawned":[1,6,8,14,18,23,30],"killed_by":"Champ","ascension_level":12}