{"gold_per_floor":[114,132,152,152,152,186,186,261,261,273,45,45,45,18,18,116,116,134,233,87,104,104,104,104],"floor_reached":24,"playtime":1335,"items_purged":["Strike_B"],"score":269,"play_id":"915c00d7-152d-4a55-9a3d-31885b381a54","local_time":"20190325220648","is_ascension_mode":true,"campfire_choices":[{"data":"Self Repair","floor":7.0,"key":"SMITH"},{"data":"Streamline","floor":12.0,"key":"SMITH"},{"data":"Leap","floor":15.0,"key":"SMITH"},{"data":"Coolheaded","floor":23,"key":"SMITH"}],"neow_cost":"NONE","seed_source_timestamp":0,"circlet_count":0,"master_deck":["Strike_B","Strike_B","Defend_B","Defend_B","Defend_B","Defend_B","Zap+1","Dualcast","Conserve Battery","Melter","Capacitor","Self Repair+1","Streamline+1","Leap+1","Seek","Rebound","Defragment","Coolheaded+1","Leap","Coolheaded","Self Repair+1"],"special_seed":0,"relics":["Cracked Core","Anchor","Question Card","Juzu Bracelet","Gambling Chip","Bag of Preparation","Cursed Key"],"potions_floor_usage":[24],"damage_taken":[{"damage":0.0,"enemies":"2 Louse","floor":1.0,"turns":2.0},{"damage":0.0,"enemies":"Small Slimes","floor":2.0,"turns":3.0},{"damage":0.0,"enemies":"Cultist","floor":3.0,"turns":2.0},{"damage":18.0,"enemies":"Gremlin Nob","floor":6.0,"turns":3.0},{"damage":0.0,"enemies":"3 Louse","floor":10.0,"turns":3.0},{"damage":27.0,"enemies":"Hexaghost","floor":16.0,"turns":9.0},{"damage":8.0,"enemies":"3 Byrds","floor":18.0,"turns":6.0},{"damage":0.0,"enemies":"Chosen","floor":21.0,"turns":4.0},{"damage":92,"enemies":"Gremlin Leader","floor":24,"turns":12}],"seed_played":"1003193584904878794","potions_obtained":[{"floor":2.0,"key":"Fire Potion"},{"floor":6.0,"key":"Swift Potion"},{"floor":18.0,"key":"Explosive Potion"}],"is_trial":false,"path_per_floor":["M","M","M","?","?","E","R","?","T","M","$","R","?","$","R","B",null,"M","?","$","M","?","R","E"],"character_chosen":"DEFECT","items_purchased":["Bag of Preparation","Leap","Defragment","Coolheaded","Leap"],"campfire_rested":0,"item_purchase_floors":[11,14,20,20,20],"current_hp_per_floor":[68,68,68,61,61,43,43,32,32,42,42,42,35,35,35,18,61,63,63,63,73,73,73,0],"gold":104,"neow_bonus":"RANDOM_COMMON_RELIC","is_prod":false,"is_daily":false,"chose_seed":false,"campfire_upgraded":4,"win_rate":0,"timestamp":1553544408,"path_taken":["M","M","M","?","?","E","R","?","T","M","$","R","?","$","R","BOSS","M","?","$","M","?","R","E"],"build_version":"2019-01-23","purchased_purges":1,"victory":false,"max_hp_per_floor":[75,75,75,75,75,75,75,75,75,75,75,75,75,75,75,75,75,75,75,75,75,75,75,75],"card_choices":[{"not_picked":["Steam","Compile Driver"],"picked":"Conserve Battery","floor":1.0},{"not_picked":["Beam Cell","Turbo"],"picked":"Melter","floor":2.0},{"not_picked":["Steam Power","Redo"],"picked":"Capacitor","floor":3.0},{"not_picked":["Reinforced Body","Aggregate","Turbo"],"picked":"Self Repair","floor":6.0},{"not_picked":["Sweeping Beam","Gash","Cold Snap"],"picked":"Streamline","floor":10.0},{"not_picked":["Core Surge","Fission","Thunder Strike"],"picked":"Seek","floor":16.0},{"not_picked":["Gash","Compile Driver","BootSequence"],"picked":"Rebound","floor":18.0},{"not_picked":["Go for the Eyes+1","Hologram","Cold Snap"],"picked":"Coolheaded","floor":21}],"player_experience":379888,"relics_obtained":[{"floor":6.0,"key":"Juzu Bracelet"},{"floor":9.0,"key":"Gambling Chip"}],"event_choices":[{"damage_healed":0.0,"max_hp_gain":0.0,"max_hp_loss":0.0,"gold_gain":0.0,"event_name":"Scrap Ooze","player_choice":"Success","floor":4.0,"gold_loss":0.0,"damage_taken":7.0,"relics_obtained":["Question Card"]},{"damage_healed":0.0,"max_hp_gain":0.0,"max_hp_loss":0.0,"gold_gain":0.0,"event_name":"Accursed Blacksmith","player_choice":"Forge","floor":5.0,"gold_loss":0.0,"damage_taken":0.0,"cards_upgraded":["Zap"]},{"damage_healed":0.0,"max_hp_gain":0.0,"max_hp_loss":0.0,"gold_gain":75.0,"event_name":"World of Goop","player_choice":"Gather Gold","floor":8.0,"gold_loss":0.0,"damage_taken":11.0},{"cards_removed":["Strike_B"],"damage_healed":0.0,"max_hp_gain":0.0,"max_hp_loss":0.0,"gold_gain":0.0,"event_name":"Golden Wing","player_choice":"Card Removal","floor":13.0,"gold_loss":0.0,"damage_taken":7.0},{"damage_healed":0.0,"max_hp_gain":0.0,"max_hp_loss":0.0,"gold_gain":99.0,"event_name":"Nest","player_choice":"Stole From Cult","floor":19.0,"gold_loss":0.0,"damage_taken":0.0},{"damage_healed":0,"gold_gain":0,"player_choice":"Copied","damage_taken":0,"max_hp_gain":0,"max_hp_loss":0,"event_name":"Duplicator","floor":22,"gold_loss":0,"cards_obtained":["Self Repair"]}],"is_beta":false,"boss_relics":[{"not_picked":["Nuclear Battery","Inserter"],"picked":"Cursed Key"}],"items_purged_floors":[11],"is_endless":false,"potions_floor_spawned":[2,6,18],"killed_by":"Gremlin Leader","ascension_level":8}