{"gold_per_floor":[115,115,115,115,129,164,175,175,227,227,250,250,270,120,120,214,214,235,235,58,58,58,58,96,121,121,53,53,53,53,76,76,175,175,196,196,71,94,119,139,139,163,163,187,187,187,210,223,223,223],"floor_reached":50,"playtime":1876,"items_purged":["Strike_G","Strike_G","Strike_G"],"score":845,"play_id":"c4526783-7da4-449f-8f0d-ad18b56d4b3f","local_time":"20190413031157","is_ascension_mode":true,"campfire_choices":[{"floor":8,"key":"REST"},{"data":"Catalyst","floor":12,"key":"SMITH"},{"data":"Deadly Poison","floor":15,"key":"SMITH"},{"data":"Catalyst","floor":23,"key":"SMITH"},{"floor":29,"key":"REST"},{"floor":32,"key":"REST"},{"data":"Catalyst","floor":41,"key":"SMITH"},{"floor":49,"key":"REST"}],"neow_cost":"NONE","seed_source_timestamp":255166433658540,"circlet_count":0,"master_deck":["AscendersBane","Defend_G","Defend_G+1","Defend_G","Defend_G","Defend_G","Strike_G+1","Survivor","Neutralize","Leg Sweep","Deadly Poison","Deadly Poison+1","Catalyst+1","Footwork","Well Laid Plans","Burst","Backflip","Noxious Fumes","Catalyst+1","Noxious Fumes","After Image","Blur","Catalyst+1","Blur","Bouncing Flask","Corpse Explosion","Doubt"],"relics":["Ring of the Snake","NeowsBlessing","Regal Pillow","PreservedInsect","Juzu Bracelet","Golden Idol","Sozu","Question Card","Bird Faced Urn","WristBlade","Centennial Puzzle"],"potions_floor_usage":[16],"damage_taken":[{"damage":0,"enemies":"Small Slimes","floor":1,"turns":1},{"damage":0,"enemies":"Jaw Worm","floor":5,"turns":1},{"damage":0,"enemies":"3 Sentries","floor":6,"turns":1},{"damage":0,"enemies":"2 Louse","floor":7,"turns":3},{"damage":4,"enemies":"Blue Slaver","floor":11,"turns":4},{"damage":8,"enemies":"Large Slime","floor":13,"turns":8},{"damage":7,"enemies":"The Guardian","floor":16,"turns":8},{"damage":3,"enemies":"Shell Parasite","floor":18,"turns":6},{"damage":34,"enemies":"Gremlin Leader","floor":24,"turns":4},{"damage":17,"enemies":"Spheric Guardian","floor":25,"turns":4},{"damage":26,"enemies":"Snake Plant","floor":31,"turns":4},{"damage":31,"enemies":"Automaton","floor":33,"turns":8},{"damage":28,"enemies":"3 Shapes","floor":35,"turns":5},{"damage":1,"enemies":"Orb Walker","floor":38,"turns":4},{"damage":0,"enemies":"Maw","floor":39,"turns":4},{"damage":16,"enemies":"Spire Growth","floor":40,"turns":4},{"damage":46,"enemies":"4 Shapes","floor":42,"turns":7},{"damage":12,"enemies":"Sphere and 2 Shapes","floor":44,"turns":6},{"damage":27,"enemies":"Spire Growth","floor":47,"turns":6},{"damage":37,"enemies":"3 Darklings","floor":48,"turns":4},{"damage":65,"enemies":"Time Eater","floor":50,"turns":4}],"seed_played":"-3088676190353334209","potions_obtained":[{"floor":1,"key":"Energy Potion"},{"floor":6,"key":"SteroidPotion"},{"floor":16,"key":"Strength Potion"}],"is_trial":false,"path_per_floor":["M","?","?","?","M","E","M","R","T","?","M","R","M","$","R","B",null,"M","?","$","?","?","R","E","M","T","$","?","R","$","M","R","B",null,"M","?","$","M","M","M","R","M","T","M","?","?","M","M","R","B"],"character_chosen":"THE_SILENT","items_purchased":["Well Laid Plans","Noxious Fumes","Noxious Fumes"],"campfire_rested":4,"item_purchase_floors":[14,20,27],"current_hp_per_floor":[63,63,49,31,31,31,31,67,67,50,46,46,38,38,38,31,60,57,57,57,57,57,57,23,6,6,6,6,42,42,22,58,35,61,43,43,43,48,56,50,50,14,14,12,12,66,41,12,46,0],"gold":223,"neow_bonus":"THREE_ENEMY_KILL","is_prod":false,"is_daily":false,"chose_seed":false,"campfire_upgraded":4,"win_rate":0,"timestamp":1555150317,"path_taken":["M","?","?","?","M","E","M","R","T","?","M","R","M","?","R","BOSS","M","?","$","?","?","R","E","M","T","?","?","R","$","M","R","BOSS","M","?","$","M","M","M","R","M","T","M","?","?","M","M","R","BOSS"],"build_version":"2019-01-23","purchased_purges":3,"victory":false,"max_hp_per_floor":[70,70,70,70,70,70,70,70,70,70,70,70,70,70,70,70,70,70,70,70,70,70,70,70,70,70,70,70,70,70,70,70,70,70,70,66,66,66,66,66,66,66,66,66,66,66,66,66,66,66],"card_choices":[{"not_picked":["Expertise","PiercingWail"],"picked":"Leg Sweep","floor":1},{"not_picked":["Masterful Stab","Flying Knee"],"picked":"Deadly Poison","floor":5},{"not_picked":["Reflex","Storm of Steel"],"picked":"Deadly Poison","floor":6},{"not_picked":["Dagger Throw","Blur"],"picked":"Catalyst","floor":7},{"not_picked":["PiercingWail","Underhanded Strike"],"picked":"Footwork","floor":11},{"not_picked":["Infinite Blades","Bane","Underhanded Strike"],"picked":"SKIP","floor":13},{"not_picked":["Adrenaline","Die Die Die"],"picked":"Burst","floor":16},{"not_picked":["Cloak And Dagger","Bane+1"],"picked":"Backflip","floor":18},{"not_picked":["Sucker Punch","Predator","Finisher"],"picked":"SKIP","floor":24},{"not_picked":["Slice","Eviscerate","Endless Agony+1","Quick Slash"],"picked":"SKIP","floor":25},{"not_picked":["Prepared","Bane","Deflect","Concentrate"],"picked":"SKIP","floor":31},{"not_picked":["Grand Finale","Venomology","Bullet Time"],"picked":"After Image","floor":33},{"not_picked":["Acrobatics","Poisoned Stab","Concentrate","Dagger Spray"],"picked":"SKIP","floor":35},{"not_picked":["Acrobatics+1","Heel Hook","Dagger Throw"],"picked":"Blur","floor":38},{"not_picked":["Terror","Crippling Poison","Dagger Spray","Deflect"],"picked":"SKIP","floor":39},{"not_picked":["Infinite Blades","Prepared","Choke"],"picked":"Catalyst","floor":40},{"not_picked":["Flechettes","Tactician","Deadly Poison+1"],"picked":"Blur","floor":42},{"not_picked":["Expertise","Sucker Punch","Tactician"],"picked":"Bouncing Flask","floor":44},{"not_picked":["Venomology","Prepared","Dagger Spray+1","Deflect+1"],"picked":"SKIP","floor":47},{"not_picked":["Accuracy","Quick Slash+1","Riddle With Holes","Cloak And Dagger"],"picked":"SKIP","floor":48}],"player_experience":564467,"relics_obtained":[{"floor":6,"key":"PreservedInsect"},{"floor":9,"key":"Juzu Bracelet"},{"floor":24,"key":"Question Card"},{"floor":26,"key":"Bird Faced Urn"},{"floor":43,"key":"Centennial Puzzle"}],"event_choices":[{"damage_healed":0,"gold_gain":0,"player_choice":"Ignored","damage_taken":0,"max_hp_gain":0,"max_hp_loss":0,"event_name":"Liars Game","floor":2,"gold_loss":0},{"damage_healed":0,"gold_gain":0,"player_choice":"Entered Light","damage_taken":14,"max_hp_gain":0,"max_hp_loss":0,"event_name":"Shining Light","floor":3,"gold_loss":0,"cards_upgraded":["Defend_G","Strike_G"]},{"damage_healed":0,"gold_gain":0,"player_choice":"Success","damage_taken":18,"relics_obtained":["Regal Pillow"],"max_hp_gain":0,"max_hp_loss":0,"event_name":"Scrap Ooze","floor":4,"gold_loss":0},{"damage_healed":0,"gold_gain":0,"player_choice":"Take Damage","damage_taken":17,"relics_obtained":["Golden Idol"],"max_hp_gain":0,"max_hp_loss":0,"event_name":"Golden Idol","floor":10,"gold_loss":0},{"damage_healed":0,"gold_gain":0,"player_choice":"Ignored","damage_taken":0,"max_hp_gain":0,"max_hp_loss":0,"event_name":"Vampires","floor":19,"gold_loss":0},{"damage_healed":0,"gold_gain":0,"player_choice":"Read","damage_taken":0,"max_hp_gain":0,"max_hp_loss":0,"event_name":"The Library","floor":21,"gold_loss":0,"cards_obtained":["Catalyst"]},{"damage_healed":0,"gold_gain":0,"player_choice":"Ignored","damage_taken":0,"max_hp_gain":0,"max_hp_loss":0,"event_name":"Ghosts","floor":22,"gold_loss":0},{"damage_healed":0,"gold_gain":0,"player_choice":"Ignored","damage_taken":0,"max_hp_gain":0,"max_hp_loss":0,"event_name":"Beggar","floor":28,"gold_loss":0},{"damage_healed":0,"gold_gain":0,"player_choice":"Max HP","damage_taken":0,"max_hp_gain":0,"max_hp_loss":4,"event_name":"Winding Halls","floor":36,"gold_loss":0},{"damage_healed":0,"gold_gain":0,"cards_transformed":["Strike_G"],"player_choice":"Transformed","damage_taken":0,"max_hp_gain":0,"max_hp_loss":0,"event_name":"Transmorgrifier","floor":45,"gold_loss":0,"cards_obtained":["Corpse Explosion"]},{"damage_healed":54,"gold_gain":0,"player_choice":"Heal","damage_taken":0,"max_hp_gain":0,"max_hp_loss":0,"event_name":"MindBloom","floor":46,"gold_loss":0,"cards_obtained":["Doubt"]}],"is_beta":false,"boss_relics":[{"not_picked":["Runic Pyramid","Black Star"],"picked":"Sozu"},{"not_picked":["Cursed Key","Calling Bell"],"picked":"WristBlade"}],"items_purged_floors":[14,20,37],"is_endless":false,"potions_floor_spawned":[1,6,7,11,16,24,38,47,48],"killed_by":"Time Eater","ascension_level":13}