{"gold_per_floor":[111,131,150,98,248,248,265,265,265,281,308,320,152,152],"floor_reached":14,"playtime":651,"items_purged":["Doubt"],"score":175,"play_id":"0c4b771b-fcc7-4f2e-b308-ff0b791acd99","local_time":"20190309231146","is_ascension_mode":true,"campfire_choices":[{"data":"Armaments","floor":6,"key":"SMITH"}],"neow_cost":"NONE","seed_source_timestamp":1846194501236774,"circlet_count":0,"master_deck":["AscendersBane","Strike_R","Strike_R","Strike_R","Strike_R","Strike_R","Defend_R","Defend_R","Defend_R","Defend_R","Bash","Rampage","Anger","Iron Wave","Armaments+1","Uppercut","Ghostly Armor","Ghostly Armor","Metallicize","Shrug It Off","Inflame"],"relics":["Burning Blood","Sundial","Champion Belt","Ice Cream"],"potions_floor_usage":[7],"damage_taken":[{"damage":17,"enemies":"Small Slimes","floor":1,"turns":4},{"damage":19,"enemies":"Jaw Worm","floor":2,"turns":4},{"damage":6,"enemies":"Cultist","floor":3,"turns":3},{"damage":7,"enemies":"Exordium Wildlife","floor":7,"turns":6},{"damage":3,"enemies":"Looter","floor":10,"turns":3},{"damage":45,"enemies":"Gremlin Nob","floor":11,"turns":5},{"damage":9,"enemies":"3 Louse","floor":12,"turns":5},{"damage":13,"enemies":"The Mushroom Lair","floor":14,"turns":2}],"seed_played":"-8057903819029268810","potions_obtained":[{"floor":1,"key":"SteroidPotion"},{"floor":10,"key":"GamblersBrew"}],"is_trial":false,"path_per_floor":["M","M","M","$","?","R","M","T","T","M","E","M","$","?"],"character_chosen":"IRONCLAD","items_purchased":["Armaments","Shrug It Off","Inflame"],"campfire_rested":0,"item_purchase_floors":[4,13,13],"current_hp_per_floor":[64,51,51,51,51,51,50,50,50,53,14,11,11,0],"gold":152,"neow_bonus":"TEN_PERCENT_HP_BONUS","is_prod":false,"is_daily":false,"chose_seed":false,"campfire_upgraded":1,"win_rate":0,"timestamp":1552162306,"path_taken":["M","M","M","$","?","R","M","?","T","?","E","M","$","?"],"build_version":"2019-01-23","purchased_purges":1,"victory":false,"max_hp_per_floor":[82,82,82,82,82,82,82,82,82,82,82,82,82,82],"card_choices":[{"not_picked":["Sentinel","Reckless Charge"],"picked":"Rampage","floor":1},{"not_picked":["Rage","Carnage"],"picked":"Anger","floor":2},{"not_picked":["Flex","Warcry"],"picked":"Iron Wave","floor":3},{"not_picked":["Pommel Strike","Seeing Red"],"picked":"Uppercut","floor":7},{"not_picked":["Reckless Charge","Battle Trance"],"picked":"Ghostly Armor","floor":10},{"not_picked":["Warcry","Havoc"],"picked":"Ghostly Armor","floor":11},{"not_picked":["True Grit","Cleave"],"picked":"Metallicize","floor":12}],"player_experience":270178,"relics_obtained":[{"floor":8,"key":"Sundial"},{"floor":9,"key":"Champion Belt"},{"floor":11,"key":"Ice Cream"}],"event_choices":[{"damage_healed":0,"gold_gain":150,"player_choice":"AGREE","damage_taken":0,"max_hp_gain":0,"max_hp_loss":0,"event_name":"Liars Game","floor":5,"gold_loss":0,"cards_obtained":["Doubt"]},{"damage_healed":0,"gold_gain":0,"player_choice":"Fought Mushrooms","damage_taken":0,"max_hp_gain":0,"max_hp_loss":0,"event_name":"Mushrooms","floor":14,"gold_loss":0}],"is_beta":false,"boss_relics":[],"items_purged_floors":[13],"is_endless":false,"potions_floor_spawned":[1,10],"killed_by":"The Mushroom Lair","ascension_level":18}