{"gold_per_floor":[112,112,127,57,57,57,57,71,71,71,103,103,114,114,114,217,217,185,204,38,38,53,53,73,102,102,102,120,139,156,18,18,18],"floor_reached":33,"playtime":4021,"items_purged":["Defend_G","Defend_G"],"score":267,"play_id":"80d1408b-6ae6-4446-8d46-f74a9fdc0f43","local_time":"20181205223136","is_ascension_mode":false,"campfire_choices":[{"data":"Neutralize","floor":6,"key":"SMITH"},{"data":"Malaise","floor":10,"key":"SMITH"},{"data":"Riddle With Holes","floor":15,"key":"SMITH"},{"data":"Outmaneuver","floor":23,"key":"SMITH"},{"floor":27,"key":"REST"},{"data":"Footwork","floor":32,"key":"SMITH"}],"neow_cost":"TEN_PERCENT_HP_LOSS","seed_source_timestamp":1858597861686741,"circlet_count":0,"master_deck":["Defend_G","Defend_G","Defend_G","Strike_G","Strike_G","Strike_G","Survivor","Neutralize+1","Backflip","Riddle With Holes+1","Malaise+1","Footwork+1","Footwork+1","Well Laid Plans","Prepared","Outmaneuver+1","Leg Sweep","Escape Plan","Calculated Gamble+1","Leg Sweep","Skewer+1","Heel Hook","Blur"],"relics":["Ring of the Snake","Ice Cream","Juzu Bracelet","Sozu","Letter Opener"],"potions_floor_usage":[11],"damage_taken":[{"damage":4,"enemies":"Jaw Worm","floor":1,"turns":6},{"damage":0,"enemies":"Cultist","floor":3,"turns":3},{"damage":0,"enemies":"2 Louse","floor":8,"turns":3},{"damage":4,"enemies":"Lagavulin","floor":11,"turns":10},{"damage":0,"enemies":"Large Slime","floor":13,"turns":11},{"damage":1,"enemies":"The Guardian","floor":16,"turns":19},{"damage":8,"enemies":"2 Thieves","floor":18,"turns":5},{"damage":0,"enemies":"Shell Parasite","floor":19,"turns":7},{"damage":0,"enemies":"Snecko","floor":22,"turns":10},{"damage":12,"enemies":"Shelled Parasite and Fungi","floor":24,"turns":12},{"damage":43,"enemies":"Slavers","floor":25,"turns":13},{"damage":0,"enemies":"Centurion and Healer","floor":28,"turns":11},{"damage":0,"enemies":"Snake Plant","floor":29,"turns":8},{"damage":1,"enemies":"Chosen and Byrds","floor":30,"turns":6},{"damage":35,"enemies":"Automaton","floor":33,"turns":6}],"seed_played":"3983664032014330018","potions_obtained":[{"floor":8,"key":"Poison Potion"},{"floor":11,"key":"SmokeBomb"}],"is_trial":false,"path_per_floor":["M","?","M","$","?","R","$","M","T","R","E","?","M","?","R","B",null,"M","M","$","?","M","R","M","E","T","R","M","M","M","$","R","B"],"character_chosen":"THE_SILENT","items_purchased":["Footwork","Outmaneuver","Leg Sweep","Blur"],"campfire_rested":1,"item_purchase_floors":[4,20,20,31],"current_hp_per_floor":[59,59,59,59,59,59,59,59,59,59,55,55,55,60,60,59,68,60,60,60,60,60,60,48,5,5,25,25,25,24,24,24,0],"gold":18,"neow_bonus":"REMOVE_TWO","is_prod":false,"is_daily":false,"chose_seed":false,"campfire_upgraded":5,"win_rate":0,"timestamp":1544077896,"path_taken":["M","?","?","$","?","R","?","M","T","R","E","?","M","?","R","BOSS","M","M","$","?","M","R","M","E","T","R","M","M","M","$","R","BOSS"],"build_version":"2018-11-15","purchased_purges":2,"victory":false,"max_hp_per_floor":[63,63,63,63,63,63,63,63,63,63,63,63,63,68,68,68,68,68,68,68,68,68,68,68,68,68,68,68,68,68,68,68,68],"card_choices":[{"not_picked":["Deadly Poison","Dodge and Roll"],"picked":"Backflip","floor":1},{"not_picked":["Acrobatics","Backflip"],"picked":"Malaise","floor":3},{"not_picked":["Concentrate","Slice","Blade Dance"],"picked":"SKIP","floor":8},{"not_picked":["Flying Knee","Acrobatics"],"picked":"Footwork","floor":11},{"not_picked":["Masterful Stab","Concentrate","Dagger Spray"],"picked":"SKIP","floor":13},{"not_picked":["Slice","All Out Attack"],"picked":"Well Laid Plans","floor":18},{"not_picked":["Catalyst","Heel Hook+1"],"picked":"Prepared","floor":19},{"not_picked":["Bane","Sucker Punch+1","Deflect+1"],"picked":"SKIP","floor":22},{"not_picked":["Terror","Distraction"],"picked":"Escape Plan","floor":24},{"not_picked":["Deflect","Quick Slash"],"picked":"Calculated Gamble+1","floor":25},{"not_picked":["Blade Dance","Cloak And Dagger+1"],"picked":"Leg Sweep","floor":28},{"not_picked":["Dodge and Roll","Concentrate+1"],"picked":"Skewer+1","floor":29},{"not_picked":["Distraction","Reflex"],"picked":"Heel Hook","floor":30}],"player_experience":97582,"relics_obtained":[{"floor":9,"key":"Ice Cream"},{"floor":11,"key":"Juzu Bracelet"},{"floor":25,"key":"Letter Opener"}],"event_choices":[{"damage_healed":0,"gold_gain":0,"player_choice":"1 cards matched","damage_taken":0,"max_hp_gain":0,"max_hp_loss":0,"event_name":"Match and Keep!","floor":2,"gold_loss":0,"cards_obtained":["Riddle With Holes"]},{"damage_healed":0,"gold_gain":0,"player_choice":"Grow","damage_taken":0,"max_hp_gain":0,"max_hp_loss":0,"event_name":"Living Wall","floor":5,"gold_loss":0,"cards_upgraded":["Footwork"]},{"damage_healed":0,"gold_gain":0,"player_choice":"Ignored","damage_taken":0,"max_hp_gain":0,"max_hp_loss":0,"event_name":"Liars Game","floor":12,"gold_loss":0},{"damage_healed":0,"gold_gain":0,"player_choice":"Donut","damage_taken":0,"max_hp_gain":5,"max_hp_loss":0,"event_name":"Big Fish","floor":14,"gold_loss":0},{"damage_healed":0,"gold_gain":0,"player_choice":"Ignored","damage_taken":0,"max_hp_gain":0,"max_hp_loss":0,"event_name":"Beggar","floor":21,"gold_loss":0}],"is_beta":false,"boss_relics":[{"not_picked":["Snecko Eye","Eternal Feather"],"picked":"Sozu"}],"items_purged_floors":[20,31],"is_endless":false,"potions_floor_spawned":[8,11,19,25,30],"killed_by":"Automaton","ascension_level":0}