{"gold_per_floor":[114,114,124,142,142,142,168,168,168,168,187,215,230,249,249,346,346,365,365,379,393,409,409,26,61,143,168,168,202,202,234,234,332,332,342,42,58,68,68,99,118,146,169,169,197,215,215,250,250,250,250,250,52,80,80],"floor_reached":55,"playtime":6428,"items_purged":["Strike_B","Clumsy","Regret"],"score":1481,"play_id":"ebcdf9e0-733b-4f7c-a02a-1697663b5532","local_time":"20190317144434","is_ascension_mode":true,"campfire_choices":[{"data":"Zap","floor":6.0,"key":"SMITH"},{"data":"Coolheaded","floor":8.0,"key":"SMITH"},{"data":"Hologram","floor":10.0,"key":"SMITH"},{"data":"Capacitor","floor":15.0,"key":"SMITH"},{"floor":23.0,"key":"REST"},{"data":"Creative AI","floor":30,"key":"SMITH"},{"data":"Loop","floor":32,"key":"SMITH"},{"floor":44,"key":"RECALL"},{"floor":47,"key":"REST"},{"floor":49,"key":"REST"},{"floor":52,"key":"REST"}],"neow_cost":"NONE","seed_source_timestamp":164577466496460,"circlet_count":0,"master_deck":["Strike_B","Strike_B","Strike_B","Defend_B","Defend_B","Defend_B","Defend_B","Zap+1","Dualcast","Reinforced Body+1","Doom and Gloom","Hologram+1","Coolheaded+1","BootSequence","Go for the Eyes","Capacitor+1","Conserve Battery","Seek","Go for the Eyes","RitualDagger","Beam Cell","Go for the Eyes+1","Sweeping Beam+1","Creative AI+1","Loop+1","Leap","Ghostly","Ghostly","Ghostly","Ghostly","Ghostly","Go for the Eyes","Fusion+1","Electrodynamics","Leap","BootSequence","Conserve Battery","Defragment","Aggregate+1","Defragment+1","Compile Driver","Beam Cell","Amplify","Consume","Leap+1"],"special_seed":0,"relics":["Cracked Core","GremlinMask","Unceasing Top","Kunai","Boot","Cursed Key","Happy Flower","Pantograph","Bottled Tornado","Calipers","Bag of Marbles","Lantern","Fusion Hammer","Runic Capacitor","Mummified Hand","PreservedInsect","Ornamental Fan","Gambling Chip","Ice Cream"],"potions_floor_usage":[55,55],"damage_taken":[{"damage":0.0,"enemies":"2 Louse","floor":1.0,"turns":3.0},{"damage":1.0,"enemies":"Cultist","floor":3.0,"turns":5.0},{"damage":5.0,"enemies":"Jaw Worm","floor":4.0,"turns":3.0},{"damage":6.0,"enemies":"Lagavulin","floor":7.0,"turns":6.0},{"damage":2.0,"enemies":"Large Slime","floor":11.0,"turns":5.0},{"damage":5.0,"enemies":"3 Sentries","floor":12.0,"turns":7.0},{"damage":10.0,"enemies":"Gremlin Gang","floor":13.0,"turns":3.0},{"damage":0.0,"enemies":"2 Fungi Beasts","floor":14.0,"turns":4.0},{"damage":24.0,"enemies":"The Guardian","floor":16.0,"turns":10.0},{"damage":17.0,"enemies":"2 Thieves","floor":18.0,"turns":5.0},{"damage":0.0,"enemies":"Shell Parasite","floor":20.0,"turns":7.0},{"damage":1.0,"enemies":"Chosen and Byrds","floor":21.0,"turns":5.0},{"damage":11.0,"enemies":"Snecko","floor":22.0,"turns":6.0},{"damage":0,"enemies":"Gremlin Leader","floor":25,"turns":7},{"damage":21,"enemies":"Slavers","floor":27,"turns":5},{"damage":0,"enemies":"Gremlin Leader","floor":29,"turns":7},{"damage":0,"enemies":"Book of Stabbing","floor":31,"turns":6},{"damage":0,"enemies":"Collector","floor":33,"turns":10},{"damage":0,"enemies":"3 Shapes","floor":35,"turns":4},{"damage":0,"enemies":"3 Darklings","floor":37,"turns":4},{"damage":0,"enemies":"Transient","floor":38,"turns":5},{"damage":0,"enemies":"Giant Head","floor":40,"turns":11},{"damage":0,"enemies":"4 Shapes","floor":41,"turns":6},{"damage":0,"enemies":"Reptomancer","floor":42,"turns":6},{"damage":1,"enemies":"Nemesis","floor":45,"turns":5},{"damage":1,"enemies":"Maw","floor":46,"turns":7},{"damage":1,"enemies":"Giant Head","floor":48,"turns":6},{"damage":1,"enemies":"Time Eater","floor":50,"turns":8},{"damage":0,"enemies":"Shield and Spear","floor":54,"turns":6},{"damage":38,"enemies":"The Heart","floor":55,"turns":6}],"seed_played":"-907503003828155166","potions_obtained":[{"floor":3.0,"key":"PowerPotion"},{"floor":4.0,"key":"EssenceOfSteel"},{"floor":14.0,"key":"SkillPotion"},{"floor":16.0,"key":"Ancient Potion"},{"floor":20.0,"key":"Strength Potion"},{"floor":21.0,"key":"FearPotion"},{"floor":27,"key":"SpeedPotion"},{"floor":31,"key":"SkillPotion"},{"floor":35,"key":"Swift Potion"},{"floor":38,"key":"Weak Potion"},{"floor":39,"key":"Energy Potion"},{"floor":39,"key":"Fire Potion"},{"floor":46,"key":"SpeedPotion"},{"floor":48,"key":"FocusPotion"},{"floor":54,"key":"PowerPotion"}],"is_trial":false,"path_per_floor":["M","?","M","M","?","R","E","R","T","R","M","E","M","M","R","B",null,"M","?","M","M","M","R","$","E","T","E","?","E","R","E","R","B",null,"M","$","M","M","?","E","M","E","T","R","E","M","R","E","R","B",null,"R","$","E","B"],"character_chosen":"DEFECT","items_purchased":["Happy Flower","Creative AI","Runic Capacitor","Consume"],"campfire_rested":4,"item_purchase_floors":[24,24,36,53],"current_hp_per_floor":[75,75,74,69,69,69,63,63,63,63,61,56,46,46,46,22,62,45,39,39,38,27,49,49,49,49,28,28,28,28,28,28,37,37,37,37,37,37,37,37,37,37,37,37,36,35,37,36,37,36,37,37,37,37,0],"gold":80,"neow_bonus":"THREE_CARDS","is_prod":false,"is_daily":false,"chose_seed":false,"campfire_upgraded":6,"win_rate":0,"timestamp":1552823074,"path_taken":["M","?","?","M","?","R","E","R","T","R","M","E","M","?","R","BOSS","M","?","M","M","M","R","$","E","T","E","?","E","R","E","R","BOSS","M","$","M","M","?","E","?","E","T","R","E","M","R","E","R","BOSS","R","$","E","BOSS"],"build_version":"2019-01-23","purchased_purges":3,"victory":false,"max_hp_per_floor":[75,75,75,75,75,75,75,75,75,75,75,75,75,75,75,75,75,75,75,75,75,75,75,75,75,75,75,37,37,37,37,37,37,37,37,37,37,37,37,37,37,37,37,37,37,37,37,37,37,37,37,37,37,37,37],"card_choices":[{"not_picked":["Beam Cell","Aggregate"],"picked":"Reinforced Body","floor":0.0},{"not_picked":["Hologram","Force Field"],"picked":"Doom and Gloom","floor":1.0},{"not_picked":["Reinforced Body","Turbo"],"picked":"Hologram","floor":3.0},{"not_picked":["Barrage","Redo"],"picked":"Coolheaded","floor":4.0},{"not_picked":["Chill","Turbo"],"picked":"BootSequence","floor":7.0},{"not_picked":["Skim","Hello World"],"picked":"Go for the Eyes","floor":11.0},{"not_picked":["Sweeping Beam","Scrape"],"picked":"Capacitor","floor":12.0},{"not_picked":["Ball Lightning","Hologram"],"picked":"Conserve Battery","floor":13.0},{"not_picked":["Core Surge","Rebound","Sweeping Beam"],"picked":"SKIP","floor":14.0},{"not_picked":["Rainbow","Reboot"],"picked":"Seek","floor":16.0},{"not_picked":["Tempest+1","Genetic Algorithm"],"picked":"Go for the Eyes","floor":18.0},{"not_picked":["Cold Snap+1","Coolheaded"],"picked":"Beam Cell","floor":20.0},{"not_picked":["Steam","Coolheaded"],"picked":"Go for the Eyes+1","floor":21.0},{"not_picked":["Rebound","Blizzard"],"picked":"Sweeping Beam+1","floor":22.0},{"not_picked":["White Noise","Heatsinks+1"],"picked":"Loop","floor":25},{"not_picked":["Rebound","Redo+1"],"picked":"Leap","floor":27},{"not_picked":["Compile Driver","Rebound"],"picked":"Go for the Eyes","floor":29},{"not_picked":["Storm","Reprogram+1"],"picked":"Fusion+1","floor":31},{"not_picked":["Hyperbeam","Buffer"],"picked":"Electrodynamics","floor":33},{"not_picked":["Turbo","Barrage"],"picked":"Leap","floor":35},{"not_picked":["Sweeping Beam+1","Scrape+1"],"picked":"BootSequence","floor":37},{"not_picked":["Cold Snap","Turbo+1"],"picked":"Conserve Battery","floor":38},{"not_picked":["Glacier","Compile Driver"],"picked":"Defragment","floor":40},{"not_picked":["Coolheaded","Hologram+1"],"picked":"Aggregate+1","floor":41},{"not_picked":["Doom and Gloom+1","Buffer"],"picked":"Defragment+1","floor":42},{"not_picked":["Turbo+1","Genetic Algorithm+1"],"picked":"Compile Driver","floor":45},{"not_picked":["Chill+1","Ball Lightning"],"picked":"Beam Cell","floor":46},{"not_picked":["Ball Lightning","Redo+1"],"picked":"Amplify","floor":48},{"not_picked":["Fission","Blizzard+1"],"picked":"Leap+1","floor":54}],"player_experience":338290,"relics_obtained":[{"floor":7.0,"key":"Unceasing Top"},{"floor":9.0,"key":"Kunai"},{"floor":12.0,"key":"Boot"},{"floor":25,"key":"Pantograph"},{"floor":26,"key":"Bottled Tornado"},{"floor":27,"key":"Calipers"},{"floor":29,"key":"Bag of Marbles"},{"floor":31,"key":"Lantern"},{"floor":40,"key":"Mummified Hand"},{"floor":42,"key":"PreservedInsect"},{"floor":45,"key":"Ornamental Fan"},{"floor":48,"key":"Gambling Chip"},{"floor":54,"key":"Ice Cream"}],"event_choices":[{"damage_healed":0.0,"max_hp_gain":0.0,"max_hp_loss":0.0,"gold_gain":0.0,"event_name":"FaceTrader","player_choice":"Trade","floor":2.0,"gold_loss":0.0,"damage_taken":0.0,"relics_obtained":["GremlinMask"]},{"damage_healed":0.0,"max_hp_gain":0.0,"max_hp_loss":0.0,"gold_gain":0.0,"event_name":"Accursed Blacksmith","player_choice":"Forge","floor":5.0,"gold_loss":0.0,"damage_taken":0.0,"cards_upgraded":["Reinforced Body"]},{"damage_healed":0.0,"max_hp_gain":0.0,"max_hp_loss":0.0,"gold_gain":0.0,"event_name":"Nest","player_choice":"Joined the Cult","floor":19.0,"gold_loss":0.0,"damage_taken":6.0,"cards_obtained":["RitualDagger"]},{"damage_healed":0,"gold_gain":0,"player_choice":"Became a Ghost","damage_taken":0,"max_hp_gain":0,"max_hp_loss":38,"event_name":"Ghosts","floor":28,"gold_loss":0,"cards_obtained":["Ghostly","Ghostly","Ghostly","Ghostly","Ghostly"]},{"damage_healed":0,"gold_gain":0,"player_choice":"Got Potions","damage_taken":0,"max_hp_gain":0,"max_hp_loss":0,"event_name":"Lab","floor":39,"gold_loss":0}],"is_beta":false,"boss_relics":[{"not_picked":["Velvet Choker","FrozenCore"],"picked":"Cursed Key"},{"not_picked":["Eternal Feather","Black Star"],"picked":"Fusion Hammer"}],"items_purged_floors":[24,36,53],"is_endless":false,"potions_floor_spawned":[3,4,14,16,20,21,27,31,35,38,46,48,54],"killed_by":"The Heart","ascension_level":5}