{"gold_per_floor":[364,364,364,8,28,63,28,28,28,49,69,101,101,112,112,190,190,202,220,134,134,184,184,212,222,222,222],"floor_reached":27,"playtime":13413,"items_purged":["Regret"],"score":454,"play_id":"25acad3f-2bfe-47cc-b283-26c464ea5749","local_time":"20190531002427","is_ascension_mode":true,"campfire_choices":[{"data":"Bash","floor":8,"key":"SMITH"},{"floor":15,"key":"REST"},{"floor":23,"key":"REST"}],"neow_cost":"PERCENT_DAMAGE","seed_source_timestamp":1301809972682722,"circlet_count":0,"master_deck":["AscendersBane","Strike_R","Strike_R","Strike_R","Strike_R","Strike_R","Defend_R","Defend_R","Defend_R","Defend_R","Bash+1","Anger","Clash","Heavy Blade","Iron Wave","Sword Boomerang","Barricade","Clash","Armaments","Fire Breathing","Pommel Strike","Battle Trance"],"relics":["Burning Blood","Shuriken","Ornamental Fan","StoneCalendar","Gremlin Horn","Odd Mushroom","Pantograph","Fusion Hammer","Art of War","Regal Pillow"],"potions_floor_usage":[16,19,24,27],"damage_taken":[{"damage":4,"enemies":"Small Slimes","floor":1,"turns":3},{"damage":8,"enemies":"Jaw Worm","floor":5,"turns":2},{"damage":16,"enemies":"Lagavulin","floor":6,"turns":6},{"damage":3,"enemies":"The Mushroom Lair","floor":10,"turns":4},{"damage":3,"enemies":"Cultist","floor":11,"turns":4},{"damage":32,"enemies":"3 Sentries","floor":12,"turns":7},{"damage":10,"enemies":"Large Slime","floor":14,"turns":6},{"damage":41,"enemies":"Slime Boss","floor":16,"turns":7},{"damage":15,"enemies":"Spheric Guardian","floor":18,"turns":4},{"damage":14,"enemies":"3 Byrds","floor":19,"turns":5},{"damage":65,"enemies":"Slavers","floor":24,"turns":7},{"damage":6,"enemies":"3 Cultists","floor":25,"turns":5},{"damage":25,"enemies":"Snake Plant","floor":27,"turns":4}],"seed_played":"-8597977417316893554","potions_obtained":[{"floor":5,"key":"SpeedPotion"},{"floor":12,"key":"FearPotion"},{"floor":13,"key":"Fire Potion"},{"floor":16,"key":"FairyPotion"},{"floor":19,"key":"SkillPotion"},{"floor":24,"key":"Weak Potion"}],"is_trial":false,"path_per_floor":["M","$","?","$","M","E","?","R","T","?","M","E","?","M","R","B",null,"M","M","$","?","?","R","E","M","T","M"],"character_chosen":"IRONCLAD","items_purchased":["Ornamental Fan","Fire Breathing"],"campfire_rested":2,"item_purchase_floors":[4,20],"current_hp_per_floor":[52,52,52,52,50,40,58,58,58,61,64,38,38,34,56,40,66,57,49,49,49,49,71,12,12,12,0],"gold":222,"neow_bonus":"TWO_FIFTY_GOLD","is_prod":false,"is_daily":false,"chose_seed":false,"campfire_upgraded":1,"win_rate":0,"timestamp":1559255067,"path_taken":["M","$","?","$","M","E","?","R","T","?","M","E","?","?","R","BOSS","M","M","$","?","?","R","E","?","T","M"],"build_version":"2019-01-23","purchased_purges":1,"victory":false,"max_hp_per_floor":[75,75,75,75,75,75,75,75,75,75,75,75,75,75,75,75,75,75,75,75,75,75,75,75,75,75,75],"card_choices":[{"not_picked":["Pommel Strike","Cleave"],"picked":"Anger","floor":1},{"not_picked":["Pommel Strike","Warcry"],"picked":"Clash","floor":5},{"not_picked":["Immolate","Infernal Blade"],"picked":"Heavy Blade","floor":6},{"not_picked":["Twin Strike","Sword Boomerang"],"picked":"Iron Wave","floor":10},{"not_picked":["Power Through","Warcry","Cleave"],"picked":"SKIP","floor":11},{"not_picked":["Twin Strike","Blood for Blood","Rage"],"picked":"SKIP","floor":12},{"not_picked":["Barricade","Wild Strike"],"picked":"Sword Boomerang","floor":14},{"not_picked":["Demon Form","Bludgeon"],"picked":"Barricade","floor":16},{"not_picked":["Sword Boomerang","Anger"],"picked":"Clash","floor":18},{"not_picked":["Seeing Red","Infernal Blade"],"picked":"Armaments","floor":19},{"not_picked":["Flex","Cleave"],"picked":"Pommel Strike","floor":24},{"not_picked":["Bloodletting","Whirlwind"],"picked":"Battle Trance","floor":25}],"player_experience":726643,"relics_obtained":[{"floor":6,"key":"StoneCalendar"},{"floor":9,"key":"Gremlin Horn"},{"floor":10,"key":"Odd Mushroom"},{"floor":12,"key":"Pantograph"},{"floor":24,"key":"Art of War"},{"floor":26,"key":"Regal Pillow"}],"event_choices":[{"damage_healed":0,"gold_gain":0,"player_choice":"Box","damage_taken":0,"relics_obtained":["Shuriken"],"max_hp_gain":0,"max_hp_loss":0,"event_name":"Big Fish","floor":3,"gold_loss":0,"cards_obtained":["Regret"]},{"damage_healed":18,"gold_gain":0,"player_choice":"Healed","damage_taken":0,"max_hp_gain":0,"max_hp_loss":0,"event_name":"The Cleric","floor":7,"gold_loss":35},{"damage_healed":0,"gold_gain":0,"player_choice":"Fought Mushrooms","damage_taken":0,"max_hp_gain":0,"max_hp_loss":0,"event_name":"Mushrooms","floor":10,"gold_loss":0},{"damage_healed":0,"gold_gain":0,"player_choice":"Got Potions","damage_taken":0,"max_hp_gain":0,"max_hp_loss":0,"event_name":"Lab","floor":13,"gold_loss":0},{"damage_healed":0,"gold_gain":0,"player_choice":"Ignored","damage_taken":0,"max_hp_gain":0,"max_hp_loss":0,"event_name":"Vampires","floor":21,"gold_loss":0},{"damage_healed":0,"gold_gain":50,"player_choice":"Pray","damage_taken":0,"max_hp_gain":0,"max_hp_loss":0,"event_name":"Golden Shrine","floor":22,"gold_loss":0}],"is_beta":false,"boss_relics":[{"not_picked":["Coffee Dripper","Lizard Tail"],"picked":"Fusion Hammer"}],"items_purged_floors":[4],"is_endless":false,"potions_floor_spawned":[5,12,14,16,19,24,25],"killed_by":"Snake Plant","ascension_level":18}