{"gold_per_floor":[113,288,288,298,298,298,309,322,322,334,349,349,6,18,18,121,121,141,141,156,168,180,180,213,228,228,228,228,228,248,248,248,248],"floor_reached":33,"playtime":1830,"items_purged":[],"score":286,"play_id":"5184cfc3-dc0b-4b7a-a9b2-5a7e928d2f17","local_time":"20190616220740","is_ascension_mode":false,"campfire_choices":[{"data":"Leap","floor":6,"key":"SMITH"},{"floor":15,"key":"REST"},{"floor":23,"key":"REST"},{"floor":27,"key":"REST"},{"floor":29,"key":"REST"},{"floor":32,"key":"REST"}],"neow_cost":"NONE","seed_source_timestamp":34438609596900,"circlet_count":0,"master_deck":["Defend_B","Defend_B","Defend_B","Defend_B","Zap+1","Dualcast","Defragment","Doubt","Leap+1","White Noise","Cold Snap","Melter","Force Field","Doom and Gloom","Capacitor","FTL","Lockon","Electrodynamics","Redo","Streamline+1","Cold Snap+1","Hologram+1","Defragment","Cold Snap","Go for the Eyes","Decay","Leap","Self Repair","Bite","Bite","Bite","Bite","Bite","Beam Cell+1"],"relics":["Cracked Core","NeowsBlessing","Mercury Hourglass","Gambling Chip","Happy Flower","Snecko Eye","MutagenicStrength","Dream Catcher","Ornamental Fan"],"potions_floor_usage":[18,24,25,33,33],"damage_taken":[{"damage":0,"enemies":"2 Louse","floor":1,"turns":1},{"damage":0,"enemies":"Jaw Worm","floor":4,"turns":1},{"damage":0,"enemies":"Small Slimes","floor":7,"turns":1},{"damage":21,"enemies":"Exordium Wildlife","floor":8,"turns":5},{"damage":8,"enemies":"Large Slime","floor":10,"turns":6},{"damage":2,"enemies":"Blue Slaver","floor":11,"turns":4},{"damage":0,"enemies":"3 Louse","floor":14,"turns":2},{"damage":39,"enemies":"Hexaghost","floor":16,"turns":9},{"damage":20,"enemies":"2 Thieves","floor":18,"turns":3},{"damage":0,"enemies":"Spheric Guardian","floor":20,"turns":2},{"damage":10,"enemies":"Centurion and Healer","floor":21,"turns":6},{"damage":0,"enemies":"Sentry and Sphere","floor":22,"turns":2},{"damage":43,"enemies":"Slavers","floor":24,"turns":7},{"damage":25,"enemies":"Snake Plant","floor":25,"turns":3},{"damage":9,"enemies":"Centurion and Healer","floor":30,"turns":4},{"damage":66,"enemies":"Collector","floor":33,"turns":7}],"seed_played":"-1312886725994475905","potions_obtained":[{"floor":1,"key":"Strength Potion"},{"floor":7,"key":"Fruit Juice"},{"floor":24,"key":"Dexterity Potion"},{"floor":25,"key":"Dexterity Potion"},{"floor":30,"key":"Poison Potion"}],"is_trial":false,"path_per_floor":["M","?","?","M","?","R","M","M","T","M","M","?","$","M","R","B",null,"M","?","M","M","M","R","E","M","T","R","?","R","M","?","R","B"],"character_chosen":"DEFECT","items_purchased":["Doom and Gloom","Happy Flower","Capacitor","FTL"],"campfire_rested":5,"item_purchase_floors":[13,13,13,13],"current_hp_per_floor":[75,75,75,75,75,75,75,54,54,46,44,41,41,41,63,24,75,60,60,60,50,50,74,31,6,6,30,30,54,45,45,56,0],"gold":248,"neow_bonus":"THREE_ENEMY_KILL","is_prod":false,"is_daily":false,"chose_seed":false,"campfire_upgraded":1,"win_rate":0.0,"timestamp":1560719260,"path_taken":["M","?","?","M","?","R","?","M","T","M","M","?","$","M","R","BOSS","M","?","M","M","M","R","E","M","T","R","?","R","M","?","R","BOSS"],"build_version":"2019-01-23","purchased_purges":0,"victory":false,"max_hp_per_floor":[75,75,75,75,75,75,75,75,75,75,75,75,75,75,75,75,75,80,80,80,80,80,80,80,80,80,80,80,80,80,56,56,56],"card_choices":[{"not_picked":["Chaos","Hologram"],"picked":"Defragment","floor":1},{"not_picked":["Streamline","Stack"],"picked":"Leap","floor":4},{"not_picked":["Beam Cell","Steam"],"picked":"White Noise","floor":7},{"not_picked":["Barrage","Steam"],"picked":"Cold Snap","floor":8},{"not_picked":["Fission","Redo"],"picked":"Melter","floor":10},{"not_picked":["Gash","Ball Lightning"],"picked":"Force Field","floor":11},{"not_picked":["Go for the Eyes","Streamline"],"picked":"Lockon","floor":14},{"not_picked":["Biased Cognition","Thunder Strike"],"picked":"Electrodynamics","floor":16},{"not_picked":["Hologram","Barrage"],"picked":"Redo","floor":18},{"not_picked":["Undo","Cold Snap"],"picked":"Streamline+1","floor":20},{"not_picked":["Leap","Force Field"],"picked":"Cold Snap+1","floor":21},{"not_picked":["Multi-Cast","Double Energy"],"picked":"Hologram+1","floor":22},{"not_picked":["Multi-Cast","Darkness"],"picked":"Defragment","floor":24},{"not_picked":["Beam Cell","Force Field"],"picked":"Cold Snap","floor":25},{"not_picked":["Conserve Battery","Tempest+1"],"picked":"Go for the Eyes","floor":27},{"not_picked":["Double Energy","Gash"],"picked":"Leap","floor":29},{"not_picked":["Stack+1","Blizzard+1"],"picked":"Self Repair","floor":30},{"not_picked":["Turbo+1","Coolheaded+1"],"picked":"Beam Cell+1","floor":32}],"player_experience":86279,"relics_obtained":[{"floor":9,"key":"Mercury Hourglass"},{"floor":24,"key":"Dream Catcher"},{"floor":26,"key":"Ornamental Fan"}],"event_choices":[{"damage_healed":0,"gold_gain":175,"player_choice":"AGREE","damage_taken":0,"max_hp_gain":0,"max_hp_loss":0,"event_name":"Liars Game","floor":2,"gold_loss":0,"cards_obtained":["Doubt"]},{"damage_healed":0,"gold_gain":0,"player_choice":"Grow","damage_taken":0,"max_hp_gain":0,"max_hp_loss":0,"event_name":"Living Wall","floor":3,"gold_loss":0,"cards_upgraded":["Zap"]},{"damage_healed":0,"gold_gain":0,"player_choice":"Leave","damage_taken":0,"max_hp_gain":0,"max_hp_loss":0,"event_name":"The Cleric","floor":5,"gold_loss":0},{"damage_healed":0,"gold_gain":0,"player_choice":"Success","damage_taken":3,"relics_obtained":["Gambling Chip"],"max_hp_gain":0,"max_hp_loss":0,"event_name":"Scrap Ooze","floor":12,"gold_loss":0},{"damage_healed":0,"gold_gain":0,"player_choice":"Inject Mutagens","damage_taken":0,"relics_obtained":["MutagenicStrength"],"max_hp_gain":0,"max_hp_loss":0,"event_name":"Drug Dealer","floor":19,"gold_loss":0},{"damage_healed":0,"gold_gain":0,"player_choice":"Smashed Altar","damage_taken":0,"max_hp_gain":0,"max_hp_loss":0,"event_name":"Forgotten Altar","floor":28,"gold_loss":0,"cards_obtained":["Decay"]},{"damage_healed":0,"gold_gain":0,"player_choice":"Became a vampire","damage_taken":0,"max_hp_gain":0,"max_hp_loss":24,"event_name":"Vampires","floor":31,"gold_loss":0,"cards_obtained":["Bite","Bite","Bite","Bite","Bite"]}],"is_beta":false,"boss_relics":[{"not_picked":["Ectoplasm","Runic Dome"],"picked":"Snecko Eye"}],"items_purged_floors":[],"is_endless":false,"potions_floor_spawned":[1,7,24,25,30],"killed_by":"Collector","ascension_level":0}