{"gold_per_floor":[113,63,63,63,87,87,126,146,222,109,123,147,147,165,165,165],"floor_reached":16,"playtime":721,"items_purged":["Strike_G"],"score":158,"play_id":"8aeba0e4-fb7d-4b34-bb10-2bfbb7b8bd66","local_time":"20190129173253","is_ascension_mode":true,"campfire_choices":[{"data":"Poisoned Stab","floor":6,"key":"SMITH"},{"floor":15,"key":"REST"}],"neow_cost":"NONE","seed_source_timestamp":1836926886174554,"circlet_count":0,"master_deck":["AscendersBane","Defend_G","Defend_G","Defend_G","Defend_G","Defend_G","Strike_G","Strike_G","Survivor","Neutralize","Poisoned Stab+1","Backflip","Cloak And Dagger","Backflip","Backstab","Accuracy","Backflip","Backstab"],"relics":["Ring of the Snake","Golden Idol","Regal Pillow","Bottled Lightning","Pocketwatch"],"potions_floor_usage":[12,16],"damage_taken":[{"damage":0,"enemies":"2 Louse","floor":1,"turns":3},{"damage":0,"enemies":"Jaw Worm","floor":5,"turns":5},{"damage":23,"enemies":"3 Sentries","floor":7,"turns":13},{"damage":0,"enemies":"Small Slimes","floor":8,"turns":4},{"damage":0,"enemies":"Looter","floor":11,"turns":3},{"damage":5,"enemies":"2 Fungi Beasts","floor":12,"turns":3},{"damage":5,"enemies":"3 Louse","floor":14,"turns":3},{"damage":52,"enemies":"Hexaghost","floor":16,"turns":14}],"seed_played":"5183984197127161143","potions_obtained":[{"floor":7,"key":"Fire Potion"},{"floor":8,"key":"Fire Potion"}],"is_trial":false,"path_per_floor":["M","?","?","?","M","R","E","M","T","$","M","M","T","M","R","B"],"character_chosen":"THE_SILENT","items_purchased":["Accuracy"],"campfire_rested":1,"item_purchase_floors":[10],"current_hp_per_floor":[63,63,46,46,46,46,23,23,23,23,23,18,18,13,49,0],"gold":165,"neow_bonus":"THREE_CARDS","is_prod":false,"is_daily":false,"chose_seed":false,"campfire_upgraded":1,"win_rate":0,"timestamp":1548811973,"path_taken":["M","?","?","?","M","R","E","M","T","$","M","M","?","M","R","BOSS"],"build_version":"2019-01-23","purchased_purges":1,"victory":false,"max_hp_per_floor":[70,70,70,70,70,70,70,70,70,70,70,70,70,70,70,70],"card_choices":[{"not_picked":["Dagger Spray","Sucker Punch"],"picked":"Poisoned Stab","floor":0},{"not_picked":["Accuracy","Acrobatics"],"picked":"Backflip","floor":1},{"not_picked":["Sucker Punch","Expertise"],"picked":"Cloak And Dagger","floor":5},{"not_picked":["Dodge and Roll","Calculated Gamble"],"picked":"Backflip","floor":7},{"not_picked":["Outmaneuver","Cloak And Dagger"],"picked":"Backstab","floor":8},{"not_picked":["Concentrate","Acrobatics","Calculated Gamble"],"picked":"SKIP","floor":11},{"not_picked":["Calculated Gamble","Outmaneuver"],"picked":"Backflip","floor":12},{"not_picked":["Distraction","Backflip"],"picked":"Backstab","floor":14}],"player_experience":440069,"relics_obtained":[{"floor":7,"key":"Regal Pillow"},{"floor":9,"key":"Bottled Lightning"},{"floor":13,"key":"Pocketwatch"}],"event_choices":[{"cards_removed":["Strike_G"],"damage_healed":0,"gold_gain":0,"player_choice":"Card Removal","damage_taken":0,"max_hp_gain":0,"max_hp_loss":0,"event_name":"The Cleric","floor":2,"gold_loss":50},{"damage_healed":0,"gold_gain":0,"player_choice":"Take Damage","damage_taken":17,"relics_obtained":["Golden Idol"],"max_hp_gain":0,"max_hp_loss":0,"event_name":"Golden Idol","floor":3,"gold_loss":0},{"cards_removed":["Strike_G"],"damage_healed":0,"gold_gain":0,"player_choice":"Forget","damage_taken":0,"max_hp_gain":0,"max_hp_loss":0,"event_name":"Living Wall","floor":4,"gold_loss":0}],"is_beta":false,"boss_relics":[],"items_purged_floors":[10],"is_endless":false,"potions_floor_spawned":[7,8,11],"killed_by":"Hexaghost","ascension_level":11}