{"gold_per_floor":[11,11,11,21,40,40,53,53,53,63,81,12,12,23,23,23],"floor_reached":16,"playtime":2027,"items_purged":[],"score":94,"play_id":"45a649f3-5c1c-482f-abc7-60a5a5914860","local_time":"20181203182053","is_ascension_mode":false,"campfire_choices":[{"data":"Backflip","floor":6,"key":"SMITH"},{"floor":15,"key":"REST"}],"neow_cost":"NO_GOLD","seed_source_timestamp":1672754672177265,"circlet_count":0,"master_deck":["Defend_G","Defend_G","Defend_G","Defend_G","Strike_G","Strike_G","Strike_G","Strike_G","Strike_G","Survivor","Neutralize","Outmaneuver+1","Blur","Backflip+1","Flying Knee","Reflex","Cloak And Dagger","Finisher","Decay","Blur"],"relics":["Ring of the Snake","WingedGreaves","Unceasing Top"],"potions_floor_usage":[5,5,11,16],"damage_taken":[{"damage":0,"enemies":"Cultist","floor":1,"turns":4},{"damage":0,"enemies":"2 Louse","floor":4,"turns":3},{"damage":0,"enemies":"Jaw Worm","floor":5,"turns":5},{"damage":0,"enemies":"Looter","floor":7,"turns":5},{"damage":33,"enemies":"Gremlin Gang","floor":10,"turns":9},{"damage":8,"enemies":"Lots of Slimes","floor":11,"turns":8},{"damage":9,"enemies":"Large Slime","floor":14,"turns":12},{"damage":35,"enemies":"The Guardian","floor":16,"turns":19}],"seed_played":"5063404832062330021","potions_obtained":[{"floor":1,"key":"SkillPotion"},{"floor":4,"key":"Energy Potion"},{"floor":10,"key":"Poison Potion"},{"floor":14,"key":"LiquidBronze"}],"is_trial":false,"path_per_floor":["M","?","?","M","M","R","M","$","T","M","M","$","?","M","R","B"],"character_chosen":"THE_SILENT","items_purchased":["Finisher"],"campfire_rested":1,"item_purchase_floors":[12],"current_hp_per_floor":[70,63,63,63,63,63,63,63,63,30,22,22,22,13,34,0],"gold":23,"neow_bonus":"ONE_RARE_RELIC","is_prod":false,"is_daily":false,"chose_seed":false,"campfire_upgraded":1,"win_rate":0.0,"timestamp":1543890053,"path_taken":["M","?","?","M","M","R","M","?","T","M","M","$","?","?","R","BOSS"],"build_version":"2018-11-15","purchased_purges":0,"victory":false,"max_hp_per_floor":[70,70,70,70,70,70,70,70,70,70,70,70,70,70,70,70],"card_choices":[{"not_picked":["Crippling Poison","Acrobatics"],"picked":"Outmaneuver","floor":1},{"not_picked":["Tactician","Slice"],"picked":"Blur","floor":4},{"not_picked":["Prepared","Masterful Stab"],"picked":"Backflip","floor":5},{"not_picked":["Quick Slash","Poisoned Stab"],"picked":"Flying Knee","floor":7},{"not_picked":["Sucker Punch","Heel Hook"],"picked":"Reflex","floor":10},{"not_picked":["Prepared","Underhanded Strike"],"picked":"Cloak And Dagger","floor":11},{"not_picked":["Underhanded Strike","Deadly Poison"],"picked":"Blur","floor":14}],"player_experience":74988,"relics_obtained":[{"floor":9,"key":"Unceasing Top"}],"event_choices":[{"cards_removed":["Defend_G"],"damage_healed":0,"gold_gain":0,"player_choice":"Card Removal","damage_taken":7,"max_hp_gain":0,"max_hp_loss":0,"event_name":"Golden Wing","floor":2,"gold_loss":0},{"damage_healed":0,"gold_gain":0,"player_choice":"Grow","damage_taken":0,"max_hp_gain":0,"max_hp_loss":0,"event_name":"Living Wall","floor":3,"gold_loss":0,"cards_upgraded":["Outmaneuver"]},{"damage_healed":0,"gold_gain":0,"player_choice":"Cursed","damage_taken":0,"max_hp_gain":0,"max_hp_loss":0,"event_name":"Wheel of Change","floor":13,"gold_loss":0,"cards_obtained":["Decay"]}],"is_beta":false,"boss_relics":[],"items_purged_floors":[],"is_endless":false,"potions_floor_spawned":[1,4,10,14],"killed_by":"The Guardian","ascension_level":0}