{"gold_per_floor":[114,129,144,144,159,159,174,1,1,31,31,91,106,56,56,156,156,171,186,186,201,224,224,254,254],"floor_reached":25,"playtime":1132,"items_purged":["Redo"],"score":258,"play_id":"94c640d5-8387-4670-a1d8-e1bc5251b9cc","local_time":"20190601012834","daily_mods":["Specialized","Blue Cards","Binary"],"is_ascension_mode":false,"campfire_choices":[{"data":"Noxious Fumes","floor":6,"key":"SMITH"},{"floor":11,"key":"REST"},{"floor":15,"key":"REST"},{"floor":23,"key":"REST"}],"neow_cost":"","seed_source_timestamp":0,"circlet_count":0,"master_deck":["Defend_G","Defend_G","Defend_G","Defend_G","Defend_G","Strike_G","Strike_G","Survivor","Neutralize","Redo","Redo","Redo","Noxious Fumes+1","Ball Lightning","Cloak And Dagger","Deadly Poison","Electrodynamics","FTL","Terror"],"special_seed":18048,"relics":["Ring of the Snake","Mercury Hourglass","Anchor","Tiny Chest","Empty Cage","Red Mask","Ginger"],"potions_floor_usage":[10,10,16,18,22],"damage_taken":[{"damage":11,"enemies":"Small Slimes","floor":1,"turns":6},{"damage":11,"enemies":"Cultist","floor":2,"turns":5},{"damage":2,"enemies":"Jaw Worm","floor":3,"turns":4},{"damage":8,"enemies":"Exordium Wildlife","floor":5,"turns":4},{"damage":20,"enemies":"Exordium Thugs","floor":7,"turns":6},{"damage":0,"enemies":"3 Sentries","floor":10,"turns":5},{"damage":38,"enemies":"Gremlin Nob","floor":12,"turns":5},{"damage":0,"enemies":"2 Fungi Beasts","floor":13,"turns":3},{"damage":14,"enemies":"Hexaghost","floor":16,"turns":9},{"damage":0,"enemies":"Chosen","floor":18,"turns":5},{"damage":9,"enemies":"2 Thieves","floor":19,"turns":4},{"damage":11,"enemies":"Cultist and Chosen","floor":21,"turns":5},{"damage":20,"enemies":"Masked Bandits","floor":22,"turns":3},{"damage":40,"enemies":"Gremlin Leader","floor":24,"turns":7},{"damage":16,"enemies":"Sentry and Sphere","floor":25,"turns":3}],"seed_played":"2544151343285503633","potions_obtained":[{"floor":3,"key":"Ancient Potion"},{"floor":7,"key":"EssenceOfSteel"},{"floor":12,"key":"AttackPotion"},{"floor":16,"key":"Ancient Potion"},{"floor":18,"key":"SteroidPotion"},{"floor":21,"key":"SpeedPotion"}],"is_trial":false,"path_per_floor":["M","M","M","?","M","R","M","$","T","E","R","E","M","?","R","B",null,"M","M","$","M","?","R","E","M"],"character_chosen":"THE_SILENT","items_purchased":["Cloak And Dagger","Block Potion"],"campfire_rested":3,"item_purchase_floors":[8,8],"current_hp_per_floor":[59,48,46,51,43,43,23,23,23,23,44,6,6,6,27,13,70,70,61,61,50,30,51,11,0],"gold":254,"neow_bonus":"","is_prod":false,"is_daily":true,"chose_seed":false,"campfire_upgraded":1,"win_rate":0,"timestamp":1559377714,"path_taken":["M","M","M","?","M","R","M","$","T","E","R","E","?","?","R","BOSS","M","M","$","M","?","R","E","M"],"build_version":"2019-01-23","purchased_purges":1,"victory":false,"max_hp_per_floor":[70,70,70,70,70,70,70,70,70,70,70,70,70,70,70,70,70,70,70,70,70,70,70,70,70],"card_choices":[{"not_picked":["Ball Lightning"],"picked":"Noxious Fumes","floor":1},{"not_picked":["Loop","Dagger Spray"],"picked":"SKIP","floor":2},{"not_picked":["Heel Hook"],"picked":"Ball Lightning","floor":3},{"not_picked":["Tactician","Rebound"],"picked":"SKIP","floor":5},{"not_picked":["Beam Cell","Deflect"],"picked":"SKIP","floor":7},{"not_picked":["Undo","Prepared"],"picked":"SKIP","floor":10},{"not_picked":["Outmaneuver"],"picked":"Deadly Poison","floor":12},{"not_picked":["Recycle","Gash"],"picked":"SKIP","floor":13},{"not_picked":["Doppelganger"],"picked":"Electrodynamics","floor":16},{"not_picked":["Rebound+1","Skewer+1"],"picked":"SKIP","floor":18},{"not_picked":["Dagger Spray"],"picked":"FTL","floor":19},{"not_picked":["Sucker Punch","Dagger Spray+1"],"picked":"SKIP","floor":21},{"not_picked":["Chill"],"picked":"Terror","floor":24}],"player_experience":615402,"relics_obtained":[{"floor":9,"key":"Mercury Hourglass"},{"floor":10,"key":"Anchor"},{"floor":12,"key":"Tiny Chest"},{"floor":22,"key":"Red Mask"},{"floor":24,"key":"Ginger"}],"event_choices":[{"cards_removed":["Redo"],"damage_healed":5,"gold_gain":0,"player_choice":"Offered Common","damage_taken":0,"max_hp_gain":0,"max_hp_loss":0,"event_name":"Bonfire Elementals","floor":4,"gold_loss":0},{"cards_removed":["Redo"],"damage_healed":5,"gold_gain":0,"player_choice":"Offered Special","damage_taken":0,"max_hp_gain":0,"max_hp_loss":0,"event_name":"Bonfire Elementals","floor":4,"gold_loss":0},{"cards_removed":["Strike_G"],"damage_healed":0,"gold_gain":0,"player_choice":"Card Removal","damage_taken":0,"max_hp_gain":0,"max_hp_loss":0,"event_name":"The Cleric","floor":14,"gold_loss":50},{"damage_healed":0,"gold_gain":0,"player_choice":"Fought Bandits","damage_taken":0,"max_hp_gain":0,"max_hp_loss":0,"event_name":"Masked Bandits","floor":22,"gold_loss":0}],"is_beta":false,"boss_relics":[{"not_picked":["Eternal Feather","Orrery"],"picked":"Empty Cage"}],"items_purged_floors":[8],"is_endless":false,"potions_floor_spawned":[3,7,12,16,18,21],"killed_by":"Sentry and Sphere","ascension_level":0}