{"gold_per_floor":[109,28,28,28,48,48,62,85,136,151,151,151,172,185,185,313,313,333,333,353,20,20],"floor_reached":22,"playtime":735,"items_purged":[],"score":240,"play_id":"44515c41-5afe-4e67-b22f-13b0b0dec6da","local_time":"20190115002711","is_ascension_mode":true,"campfire_choices":[{"data":"Phantasmal Killer","floor":6,"key":"SMITH"},{"floor":12,"key":"REST"},{"data":"Endless Agony","floor":15,"key":"SMITH"}],"neow_cost":"NONE","seed_source_timestamp":565770463378976,"circlet_count":0,"master_deck":["Defend_G","Defend_G","Defend_G","Defend_G","Defend_G","Strike_G","Strike_G","Survivor","Neutralize","Phantasmal Killer+1","Infinite Blades","Infinite Blades","Flying Knee","Glass Knife","Acrobatics","Endless Agony+1","Expertise","Footwork","Malaise","Bandage Up"],"relics":["Ring of the Snake","Golden Idol","Centennial Puzzle","Bag of Marbles","WristBlade","Paper Crane"],"potions_floor_usage":[13,16],"damage_taken":[{"damage":8,"enemies":"2 Louse","floor":1,"turns":2},{"damage":1,"enemies":"Small Slimes","floor":5,"turns":4},{"damage":3,"enemies":"Cultist","floor":7,"turns":4},{"damage":2,"enemies":"2 Fungi Beasts","floor":8,"turns":2},{"damage":6,"enemies":"Looter","floor":10,"turns":3},{"damage":13,"enemies":"Exordium Thugs","floor":13,"turns":4},{"damage":4,"enemies":"2 Fungi Beasts","floor":14,"turns":3},{"damage":4,"enemies":"Hexaghost","floor":16,"turns":7},{"damage":23,"enemies":"Shell Parasite","floor":18,"turns":6},{"damage":26,"enemies":"2 Thieves","floor":20,"turns":4},{"damage":8,"enemies":"Colosseum Slavers","floor":22,"turns":1}],"seed_played":"3970661836874311810","potions_obtained":[{"floor":5,"key":"SteroidPotion"},{"floor":7,"key":"Ancient Potion"},{"floor":13,"key":"Strength Potion"},{"floor":18,"key":"GamblersBrew"}],"is_trial":false,"path_per_floor":["M","$","?","?","M","R","M","M","T","M","?","R","M","M","R","B",null,"M","?","M","$","?"],"character_chosen":"THE_SILENT","items_purchased":["Infinite Blades","Paper Crane","Bandage Up"],"campfire_rested":1,"item_purchase_floors":[2,21,21],"current_hp_per_floor":[55,55,48,31,30,30,27,25,25,19,19,40,27,23,23,19,57,34,34,8,8,0],"gold":20,"neow_bonus":"TRANSFORM_CARD","is_prod":false,"is_daily":false,"chose_seed":false,"campfire_upgraded":2,"win_rate":0,"timestamp":1547540831,"path_taken":["M","$","?","?","M","R","M","M","T","M","?","R","M","M","R","BOSS","M","?","M","$","?"],"build_version":"2019-01-10","purchased_purges":0,"victory":false,"max_hp_per_floor":[70,70,70,70,70,70,70,70,70,70,70,70,70,70,70,70,70,70,70,70,70,70],"card_choices":[{"not_picked":["Flying Knee","Prepared"],"picked":"Infinite Blades","floor":1},{"not_picked":["Dagger Spray","Quick Slash"],"picked":"Flying Knee","floor":5},{"not_picked":["Dagger Throw","Riddle With Holes"],"picked":"Glass Knife","floor":7},{"not_picked":["Masterful Stab","Deflect"],"picked":"Acrobatics","floor":8},{"not_picked":["PiercingWail","Deadly Poison"],"picked":"Endless Agony","floor":10},{"not_picked":["Bouncing Flask","Dagger Throw"],"picked":"Expertise","floor":13},{"not_picked":["Flying Knee","Prepared"],"picked":"Footwork","floor":14},{"not_picked":["Night Terror","Venomology"],"picked":"Malaise","floor":16},{"not_picked":["Bane","Outmaneuver","Eviscerate"],"picked":"SKIP","floor":18},{"not_picked":["Slice+1","Poisoned Stab","Dagger Spray"],"picked":"SKIP","floor":20}],"player_experience":332599,"relics_obtained":[{"floor":9,"key":"Centennial Puzzle"}],"event_choices":[{"cards_removed":["Strike_G"],"damage_healed":0,"gold_gain":0,"player_choice":"Card Removal","damage_taken":7,"max_hp_gain":0,"max_hp_loss":0,"event_name":"Golden Wing","floor":3,"gold_loss":0},{"damage_healed":0,"gold_gain":0,"player_choice":"Take Damage","damage_taken":17,"relics_obtained":["Golden Idol"],"max_hp_gain":0,"max_hp_loss":0,"event_name":"Golden Idol","floor":4,"gold_loss":0},{"damage_healed":0,"gold_gain":0,"player_choice":"Gave Potion","damage_taken":0,"relics_obtained":["Bag of Marbles"],"max_hp_gain":0,"max_hp_loss":0,"event_name":"WeMeetAgain","floor":11,"gold_loss":0},{"cards_removed":["Strike_G"],"damage_healed":0,"gold_gain":0,"player_choice":"Elegance","damage_taken":0,"max_hp_gain":0,"max_hp_loss":0,"event_name":"Back to Basics","floor":19,"gold_loss":0},{"damage_healed":0,"gold_gain":0,"player_choice":"Fight","damage_taken":0,"max_hp_gain":0,"max_hp_loss":0,"event_name":"Colosseum","floor":22,"gold_loss":0}],"is_beta":false,"boss_relics":[{"not_picked":["White Beast Statue","Eternal Feather"],"picked":"WristBlade"}],"items_purged_floors":[],"is_endless":false,"potions_floor_spawned":[5,7,13,18],"killed_by":"Colosseum Slavers","ascension_level":7}