{"gold_per_floor":[110,129,129,147,147,147,177,177,177,177,67,84,34,50,50,145,145,164,184,92,105,36,36],"floor_reached":23,"playtime":943,"items_purged":["Strike_G"],"score":277,"play_id":"fa4216f0-a0bf-4e84-90fa-6b1323b6c253","local_time":"20190125184944","is_ascension_mode":true,"campfire_choices":[{"data":"Strike_G","floor":6,"key":"SMITH"},{"floor":8,"key":"REST"},{"data":"Predator","floor":15,"key":"SMITH"}],"neow_cost":"NONE","seed_source_timestamp":1495715951992658,"circlet_count":0,"master_deck":["Defend_G","Defend_G","Strike_G+1","Survivor","Neutralize","Escape Plan","Dodge and Roll","Blur","Predator+1","Footwork","Catalyst","Backflip","Backstab","Adrenaline","Flying Knee+1","Blade Dance+1","Poisoned Stab+1","Terror+1","Deadly Poison","Caltrops","Footwork"],"relics":["Ring of the Snake","NeowsBlessing","Girya","Blue Candle","Astrolabe"],"potions_floor_usage":[7,16,16,16],"damage_taken":[{"damage":0,"enemies":"Small Slimes","floor":1,"turns":1},{"damage":0,"enemies":"Cultist","floor":2,"turns":1},{"damage":0,"enemies":"2 Louse","floor":4,"turns":1},{"damage":38,"enemies":"3 Sentries","floor":7,"turns":14},{"damage":1,"enemies":"Exordium Wildlife","floor":12,"turns":6},{"damage":0,"enemies":"2 Fungi Beasts","floor":14,"turns":5},{"damage":22,"enemies":"The Guardian","floor":16,"turns":17},{"damage":22,"enemies":"2 Thieves","floor":18,"turns":5},{"damage":3,"enemies":"Chosen","floor":19,"turns":3},{"damage":30,"enemies":"Sentry and Sphere","floor":21,"turns":9},{"damage":13,"enemies":"Slavers","floor":23,"turns":1}],"seed_played":"481236296001188587","potions_obtained":[{"floor":1,"key":"GhostInAJar"},{"floor":4,"key":"LiquidBronze"},{"floor":12,"key":"Weak Potion"},{"floor":14,"key":"Swift Potion"}],"is_trial":false,"path_per_floor":["M","M","?","M","?","R","E","R","T","?","$","M","$","M","R","B",null,"M","M","$","M","$","E"],"character_chosen":"THE_SILENT","items_purchased":["Footwork","Backflip","Deadly Poison","Caltrops","Footwork"],"campfire_rested":1,"item_purchase_floors":[11,13,20,20,22],"current_hp_per_floor":[63,63,63,63,56,56,18,39,39,39,39,38,38,38,38,16,57,35,32,32,2,2,0],"gold":36,"neow_bonus":"THREE_ENEMY_KILL","is_prod":false,"is_daily":false,"chose_seed":false,"campfire_upgraded":2,"win_rate":0,"timestamp":1548470984,"path_taken":["M","M","?","?","?","R","E","R","T","?","$","M","$","?","R","BOSS","M","M","$","M","$","E"],"build_version":"2019-01-23","purchased_purges":1,"victory":false,"max_hp_per_floor":[70,70,70,70,70,70,70,70,70,70,70,70,70,70,70,70,70,70,70,70,70,70,70],"card_choices":[{"not_picked":["Reflex","Choke"],"picked":"Escape Plan","floor":1},{"not_picked":["Finisher","Dodge and Roll","Heel Hook"],"picked":"SKIP","floor":2},{"not_picked":["Cloak And Dagger","Slice"],"picked":"Blur","floor":4},{"not_picked":["Slice","Bane"],"picked":"Predator","floor":7},{"not_picked":["Predator","Acrobatics"],"picked":"Catalyst","floor":12},{"not_picked":["PiercingWail","Tactician"],"picked":"Backstab","floor":14},{"not_picked":["Storm of Steel","Envenom"],"picked":"Adrenaline","floor":16},{"not_picked":["Dagger Throw+1","Bane"],"picked":"Terror+1","floor":18},{"not_picked":["Tactician","Skewer","Flying Knee"],"picked":"SKIP","floor":19},{"not_picked":["Heel Hook","Bane","Cloak And Dagger"],"picked":"SKIP","floor":21}],"player_experience":398095,"relics_obtained":[{"floor":7,"key":"Girya"},{"floor":9,"key":"Blue Candle"}],"event_choices":[{"damage_healed":0,"gold_gain":0,"cards_transformed":["Strike_G"],"player_choice":"Transformed","damage_taken":0,"max_hp_gain":0,"max_hp_loss":0,"event_name":"Transmorgrifier","floor":3,"gold_loss":0,"cards_obtained":["Dodge and Roll"]},{"cards_removed":["Strike_G"],"damage_healed":0,"gold_gain":0,"player_choice":"Card Removal","damage_taken":7,"max_hp_gain":0,"max_hp_loss":0,"event_name":"Golden Wing","floor":5,"gold_loss":0},{"cards_removed":["Strike_G"],"damage_healed":0,"gold_gain":0,"player_choice":"Purged","damage_taken":0,"max_hp_gain":0,"max_hp_loss":0,"event_name":"Purifier","floor":10,"gold_loss":0}],"is_beta":false,"boss_relics":[{"not_picked":["Empty Cage","Fusion Hammer"],"picked":"Astrolabe"}],"items_purged_floors":[11],"is_endless":false,"potions_floor_spawned":[1,4,12,14],"killed_by":"Slavers","ascension_level":9}