{"gold_per_floor":[113,32,47,66,66,66,77,77,77,92,24,43,43,43,43,140,140,140,140,14,14,14,14,14,14,14,14,14,14,14,14,14,14,14,14,14,14,14,14,14,14,14,14,14,14,14,14,14,14,14],"floor_reached":51,"playtime":2776,"items_purged":[],"score":942,"play_id":"7ca26260-df8c-45d7-8c30-e95d4f55ccdb","local_time":"20190127155641","is_ascension_mode":true,"campfire_choices":[{"data":"Footwork","floor":6,"key":"SMITH"},{"data":"Glass Knife","floor":8,"key":"SMITH"},{"data":"Dash","floor":13,"key":"SMITH"},{"floor":15,"key":"REST"},{"data":"RitualDagger","floor":23,"key":"SMITH"},{"data":"Burst","floor":25,"key":"SMITH"},{"floor":30,"key":"REST"},{"data":"Adrenaline","floor":32,"key":"SMITH"},{"data":"Deadly Poison","floor":40,"key":"SMITH"},{"data":"Blur","floor":42,"key":"SMITH"},{"data":"Backflip","floor":47,"key":"SMITH"},{"data":"Escape Plan","floor":49,"key":"SMITH"}],"neow_cost":"NONE","seed_source_timestamp":1656285231644660,"circlet_count":0,"master_deck":["AscendersBane","Defend_G+1","Defend_G+1","Defend_G+1","Defend_G+1","Strike_G+1","Strike_G+1","Survivor","Neutralize","Glass Knife+1","Blur+1","Footwork+1","Blur+1","Terror","Blur+1","Dash+1","Escape Plan+1","Burst+1","Noxious Fumes+1","Adrenaline+1","Backflip+1","RitualDagger+1","Deadly Poison+1","Underhanded Strike+1","Wraith Form v2+1","Riddle With Holes+1","Deadly Poison+1","Backstab+1","Venomology"],"relics":["Ring of the Snake","Centennial Puzzle","Ectoplasm","Darkstone Periapt","Letter Opener","Astrolabe","Orichalcum"],"potions_floor_usage":[10,24,24,29,33,37,50,50,50,50],"damage_taken":[{"damage":5,"enemies":"Jaw Worm","floor":1,"turns":5},{"damage":0,"enemies":"2 Louse","floor":3,"turns":3},{"damage":1,"enemies":"Small Slimes","floor":4,"turns":5},{"damage":0,"enemies":"2 Fungi Beasts","floor":7,"turns":5},{"damage":15,"enemies":"Gremlin Gang","floor":10,"turns":5},{"damage":10,"enemies":"Exordium Wildlife","floor":12,"turns":4},{"damage":1,"enemies":"Slime Boss","floor":16,"turns":22},{"damage":2,"enemies":"3 Byrds","floor":18,"turns":7},{"damage":0,"enemies":"Chosen","floor":19,"turns":5},{"damage":16,"enemies":"Slavers","floor":24,"turns":7},{"damage":0,"enemies":"Snecko","floor":28,"turns":4},{"damage":12,"enemies":"Shelled Parasite and Fungi","floor":29,"turns":5},{"damage":1,"enemies":"Snake Plant","floor":31,"turns":3},{"damage":17,"enemies":"Automaton","floor":33,"turns":14},{"damage":8,"enemies":"3 Darklings","floor":35,"turns":5},{"damage":0,"enemies":"Orb Walker","floor":36,"turns":4},{"damage":0,"enemies":"Writhing Mass","floor":37,"turns":7},{"damage":9,"enemies":"3 Darklings","floor":38,"turns":4},{"damage":0,"enemies":"Sphere and 2 Shapes","floor":41,"turns":7},{"damage":0,"enemies":"Maw","floor":45,"turns":6},{"damage":3,"enemies":"Transient","floor":48,"turns":5},{"damage":57,"enemies":"Awakened One","floor":50,"turns":18}],"seed_played":"-9166253753204799960","potions_obtained":[{"floor":1,"key":"PowerPotion"},{"floor":7,"key":"SpeedPotion"},{"floor":16,"key":"SpeedPotion"},{"floor":24,"key":"Weak Potion"},{"floor":29,"key":"Fire Potion"},{"floor":33,"key":"AttackPotion"},{"floor":35,"key":"SteroidPotion"},{"floor":41,"key":"Strength Potion"},{"floor":48,"key":"Regen Potion"}],"is_trial":false,"path_per_floor":["M","$","M","M","?","R","M","R","T","M","$","M","R","?","R","B",null,"M","M","$","?","?","R","E","R","T","?","M","M","R","M","R","B",null,"M","M","M","M","?","R","M","R","T","?","M","$","R","M","R","B",null],"character_chosen":"THE_SILENT","items_purchased":["Footwork","Dash","Adrenaline","Backflip"],"campfire_rested":2,"item_purchase_floors":[2,11,20,20],"current_hp_per_floor":[58,58,58,57,50,50,50,50,50,35,35,25,25,11,32,31,60,58,58,58,52,52,52,36,36,36,23,23,11,33,32,32,15,60,52,52,58,49,49,49,49,49,49,49,49,49,49,46,46,4],"gold":14,"neow_bonus":"ONE_RANDOM_RARE_CARD","is_prod":false,"is_daily":false,"chose_seed":false,"campfire_upgraded":10,"win_rate":0,"timestamp":1548633401,"path_taken":["M","$","M","M","?","R","M","R","T","M","$","M","R","?","R","BOSS","M","M","$","?","?","R","E","R","T","?","M","M","R","M","R","BOSS","M","M","M","M","?","R","?","R","T","?","M","?","R","M","R","BOSS"],"build_version":"2019-01-23","purchased_purges":0,"victory":true,"max_hp_per_floor":[70,70,70,70,70,70,70,70,70,70,70,70,70,70,70,70,70,70,70,70,70,70,70,70,70,70,75,75,75,75,75,75,75,75,75,75,81,81,78,78,78,78,78,78,78,78,78,78,78,78],"card_choices":[{"not_picked":["Terror","Blade Dance"],"picked":"Blur","floor":1},{"not_picked":["Poisoned Stab","Escape Plan"],"picked":"Blur","floor":3},{"not_picked":["Flying Knee","Bane","Concentrate"],"picked":"SKIP","floor":4},{"not_picked":["Tactician","Cloak And Dagger"],"picked":"Terror","floor":7},{"not_picked":["Blade Dance","Outmaneuver"],"picked":"Blur","floor":10},{"not_picked":["Underhanded Strike","Bane"],"picked":"Escape Plan","floor":12},{"not_picked":["Wraith Form v2","Envenom"],"picked":"Burst","floor":16},{"not_picked":["PiercingWail","Dagger Throw","Cloak And Dagger"],"picked":"SKIP","floor":18},{"not_picked":["Dodge and Roll","Prepared"],"picked":"Noxious Fumes+1","floor":19},{"not_picked":["Prepared","Cloak And Dagger","Dagger Throw+1"],"picked":"SKIP","floor":24},{"not_picked":["Quick Slash","Backflip+1"],"picked":"Deadly Poison+1","floor":28},{"not_picked":["Reflex+1","Choke","Quick Slash"],"picked":"SKIP","floor":29},{"not_picked":["Expertise","Bane","Prepared"],"picked":"SKIP","floor":31},{"not_picked":["Quick Slash","Cloak And Dagger"],"picked":"Deadly Poison","floor":35},{"not_picked":["Blade Dance+1","Underhanded Strike","Reflex"],"picked":"SKIP","floor":36},{"not_picked":["Flying Knee+1","Die Die Die","Deflect"],"picked":"SKIP","floor":37},{"not_picked":["Dagger Throw","Deadly Poison"],"picked":"Backstab+1","floor":38},{"not_picked":["Flechettes","Quick Slash+1","All Out Attack"],"picked":"SKIP","floor":41},{"not_picked":["PiercingWail+1","Skewer+1"],"picked":"Venomology","floor":45},{"not_picked":["Finisher","Blade Dance","Deflect+1"],"picked":"SKIP","floor":48}],"player_experience":419299,"relics_obtained":[{"floor":9,"key":"Centennial Puzzle"},{"floor":24,"key":"Darkstone Periapt"},{"floor":26,"key":"Letter Opener"},{"floor":43,"key":"Orichalcum"}],"event_choices":[{"cards_removed":["Strike_G"],"damage_healed":0,"gold_gain":0,"player_choice":"Card Removal","damage_taken":7,"max_hp_gain":0,"max_hp_loss":0,"event_name":"Golden Wing","floor":5,"gold_loss":0},{"damage_healed":0,"gold_gain":0,"player_choice":"Entered Light","damage_taken":14,"max_hp_gain":0,"max_hp_loss":0,"event_name":"Shining Light","floor":14,"gold_loss":0,"cards_upgraded":["Blur","Blur"]},{"damage_healed":0,"gold_gain":0,"player_choice":"Joined the Cult","damage_taken":6,"max_hp_gain":0,"max_hp_loss":0,"event_name":"Nest","floor":21,"gold_loss":0,"cards_obtained":["RitualDagger"]},{"damage_healed":0,"gold_gain":0,"player_choice":"Simplicity","damage_taken":0,"max_hp_gain":0,"max_hp_loss":0,"event_name":"Back to Basics","floor":22,"gold_loss":0,"cards_upgraded":["Defend_G","Defend_G","Defend_G","Defend_G","Defend_G","Strike_G","Strike_G","Strike_G","Strike_G"]},{"damage_healed":0,"gold_gain":0,"player_choice":"Shed Blood","damage_taken":18,"max_hp_gain":5,"max_hp_loss":0,"event_name":"Forgotten Altar","floor":27,"gold_loss":0},{"cards_removed":["Parasite"],"damage_healed":0,"gold_gain":0,"player_choice":"Removed Curses","damage_taken":0,"max_hp_gain":0,"max_hp_loss":0,"event_name":"Fountain of Cleansing","floor":39,"gold_loss":0},{"damage_healed":0,"gold_gain":0,"player_choice":"Ignored","damage_taken":0,"max_hp_gain":0,"max_hp_loss":0,"event_name":"Mysterious Sphere","floor":44,"gold_loss":0}],"is_beta":false,"boss_relics":[{"not_picked":["Snecko Eye","White Beast Statue"],"picked":"Ectoplasm"},{"not_picked":["Runic Pyramid","Fusion Hammer"],"picked":"Astrolabe"}],"items_purged_floors":[],"is_endless":false,"potions_floor_spawned":[1,7,16,24,29,33,35,41,48],"ascension_level":10}