{"gold_per_floor":[110,124,136,146,163,163,193,193,216,216,227,246,246,266,266,361,361,347,347,366,366],"floor_reached":21,"playtime":1420,"items_purged":[],"score":241,"play_id":"d8a6e9e8-c0ac-434c-bfab-3ab786ae5301","local_time":"20181231131849","is_ascension_mode":true,"campfire_choices":[{"data":"Underhanded Strike","floor":6,"key":"SMITH"},{"floor":8,"key":"REST"},{"data":"Underhanded Strike","floor":10,"key":"SMITH"},{"floor":13,"key":"REST"},{"floor":15,"key":"REST"}],"neow_cost":"NONE","seed_source_timestamp":884640216395659,"circlet_count":0,"master_deck":["Defend_G","Defend_G","Defend_G","Defend_G","Defend_G","Strike_G","Strike_G","Strike_G","Strike_G","Strike_G","Survivor","Neutralize","Cloak And Dagger","Underhanded Strike+1","Backflip","Underhanded Strike+1","Deadly Poison","Dodge and Roll","Infinite Blades","Predator","Writhe","Noxious Fumes"],"relics":["HoveringKite","Shuriken","White Beast Statue","Potion Belt"],"potions_floor_usage":[4,7,16,16,18,21,21],"damage_taken":[{"damage":3,"enemies":"2 Louse","floor":1,"turns":5},{"damage":15,"enemies":"Cultist","floor":2,"turns":5},{"damage":9,"enemies":"Jaw Worm","floor":3,"turns":3},{"damage":3,"enemies":"3 Louse","floor":4,"turns":4},{"damage":4,"enemies":"2 Fungi Beasts","floor":5,"turns":4},{"damage":11,"enemies":"Lagavulin","floor":7,"turns":6},{"damage":10,"enemies":"Red Slaver","floor":11,"turns":3},{"damage":24,"enemies":"Lots of Slimes","floor":12,"turns":6},{"damage":11,"enemies":"Exordium Wildlife","floor":14,"turns":4},{"damage":13,"enemies":"Hexaghost","floor":16,"turns":9},{"damage":19,"enemies":"2 Thieves","floor":18,"turns":4},{"damage":34,"enemies":"Chosen","floor":20,"turns":5},{"damage":10,"enemies":"Snake Plant","floor":21,"turns":1}],"seed_played":"1096007024157209609","potions_obtained":[{"floor":1,"key":"SkillPotion"},{"floor":5,"key":"Poison Potion"},{"floor":11,"key":"Weak Potion"},{"floor":12,"key":"Weak Potion"},{"floor":14,"key":"Poison Potion"},{"floor":18,"key":"LiquidBronze"},{"floor":20,"key":"LiquidBronze"}],"is_trial":false,"path_per_floor":["M","M","M","M","M","R","E","R","T","R","M","M","R","M","R","B",null,"M","?","M","M"],"character_chosen":"THE_SILENT","items_purchased":[],"campfire_rested":3,"item_purchase_floors":[],"current_hp_per_floor":[60,45,36,33,29,29,18,39,39,39,29,5,26,15,36,23,58,39,39,5,0],"gold":366,"neow_bonus":"BOSS_RELIC","is_prod":false,"is_daily":false,"chose_seed":false,"campfire_upgraded":2,"win_rate":0,"timestamp":1546291129,"path_taken":["M","M","M","M","M","R","E","R","T","R","M","M","R","M","R","BOSS","M","?","M","M"],"build_version":"2018-12-20","purchased_purges":0,"victory":false,"max_hp_per_floor":[70,70,70,70,70,70,70,70,70,70,70,70,70,70,70,70,70,70,70,70,70],"card_choices":[{"not_picked":["Well Laid Plans","Acrobatics"],"picked":"Cloak And Dagger","floor":1},{"not_picked":["Caltrops","Finisher"],"picked":"Underhanded Strike","floor":2},{"not_picked":["Caltrops","Dodge and Roll"],"picked":"Backflip","floor":3},{"not_picked":["Cloak And Dagger","Slice"],"picked":"Underhanded Strike","floor":4},{"not_picked":["Prepared","Quick Slash","Concentrate"],"picked":"SKIP","floor":5},{"not_picked":["Slice","Dodge and Roll"],"picked":"Deadly Poison","floor":7},{"not_picked":["Quick Slash","Slice"],"picked":"Dodge and Roll","floor":11},{"not_picked":["PiercingWail","Cloak And Dagger"],"picked":"Infinite Blades","floor":12},{"not_picked":["Backflip","Deflect"],"picked":"Predator","floor":14},{"not_picked":["Outmaneuver","Prepared","Dagger Spray"],"picked":"SKIP","floor":18},{"not_picked":["Slice+1","Deadly Poison+1"],"picked":"Noxious Fumes","floor":20}],"player_experience":236624,"relics_obtained":[{"floor":7,"key":"Shuriken"}],"event_choices":[{"damage_healed":0,"gold_gain":0,"player_choice":"Opened","damage_taken":0,"relics_obtained":["Potion Belt"],"max_hp_gain":0,"max_hp_loss":0,"event_name":"The Mausoleum","floor":19,"gold_loss":0,"cards_obtained":["Writhe"]}],"is_beta":false,"boss_relics":[{"not_picked":["Ectoplasm","Runic Pyramid"],"picked":"White Beast Statue"}],"items_purged_floors":[],"is_endless":false,"potions_floor_spawned":[1,5,11,12,14,18,20],"killed_by":"Snake Plant","ascension_level":6}