{"gold_per_floor":[11,11,11,22,38,38,38,8,31,31],"floor_reached":10,"playtime":481,"items_purged":[],"score":73,"play_id":"fef04c81-8db5-4547-b9bf-94fc945c7912","local_time":"20190101171554","is_ascension_mode":true,"campfire_choices":[{"data":"Cloak And Dagger","floor":6,"key":"SMITH"}],"neow_cost":"NO_GOLD","seed_source_timestamp":986201566123143,"circlet_count":0,"master_deck":["Defend_G","Defend_G","Defend_G","Defend_G","Defend_G","Strike_G","Strike_G","Strike_G","Strike_G","Strike_G","Survivor","Neutralize+1","Cloak And Dagger+1","Catalyst","Blur","Accuracy","Cloak And Dagger+1","Noxious Fumes","Deadly Poison"],"relics":["Ring of the Snake","Prayer Wheel"],"potions_floor_usage":[],"damage_taken":[{"damage":8,"enemies":"Jaw Worm","floor":1,"turns":7},{"damage":5,"enemies":"2 Louse","floor":4,"turns":3},{"damage":2,"enemies":"Cultist","floor":5,"turns":4},{"damage":6,"enemies":"Looter","floor":8,"turns":4},{"damage":48,"enemies":"Gremlin Gang","floor":10,"turns":3}],"seed_played":"5996657834170299396","potions_obtained":[],"is_trial":false,"path_per_floor":["M","?","?","M","M","R","?","M","T","M"],"character_chosen":"THE_SILENT","items_purchased":[],"campfire_rested":0,"item_purchase_floors":[],"current_hp_per_floor":[55,55,55,50,48,48,48,42,42,0],"gold":31,"neow_bonus":"ONE_RARE_RELIC","is_prod":false,"is_daily":false,"chose_seed":false,"campfire_upgraded":1,"win_rate":0,"timestamp":1546391754,"path_taken":["M","?","?","M","M","R","?","M","T","M"],"build_version":"2018-12-20","purchased_purges":0,"victory":false,"max_hp_per_floor":[70,70,70,70,70,70,70,70,70,70],"card_choices":[{"not_picked":["PiercingWail","Flechettes"],"picked":"Cloak And Dagger","floor":1},{"not_picked":["Deflect","Poisoned Stab"],"picked":"Catalyst","floor":1},{"not_picked":["Blade Dance","Bouncing Flask"],"picked":"Blur","floor":4},{"not_picked":["Accuracy","Bane","Finisher"],"picked":"SKIP","floor":4},{"not_picked":["Bane","Finisher"],"picked":"Accuracy","floor":4},{"not_picked":["Sucker Punch","Caltrops"],"picked":"Cloak And Dagger","floor":5},{"not_picked":["Tactician","Deflect","Outmaneuver"],"picked":"SKIP","floor":5},{"not_picked":["Deflect","Quick Slash"],"picked":"Noxious Fumes","floor":8},{"not_picked":["Quick Slash","Outmaneuver"],"picked":"Deadly Poison","floor":8}],"player_experience":252900,"relics_obtained":[],"event_choices":[{"damage_healed":0,"gold_gain":0,"player_choice":"Leave","damage_taken":0,"max_hp_gain":0,"max_hp_loss":0,"event_name":"The Cleric","floor":2,"gold_loss":0},{"damage_healed":0,"gold_gain":0,"player_choice":"Grow","damage_taken":0,"max_hp_gain":0,"max_hp_loss":0,"event_name":"Living Wall","floor":3,"gold_loss":0,"cards_upgraded":["Cloak And Dagger"]},{"damage_healed":0,"gold_gain":0,"player_choice":"Forge","damage_taken":0,"max_hp_gain":0,"max_hp_loss":0,"event_name":"Accursed Blacksmith","floor":7,"gold_loss":0,"cards_upgraded":["Neutralize"]}],"is_beta":false,"boss_relics":[],"items_purged_floors":[],"is_endless":false,"potions_floor_spawned":[],"killed_by":"Gremlin Gang","ascension_level":6}