{"gold_per_floor":[113,113,113,75,25,25,37,37,62,62,137,172,65,93,93,93],"floor_reached":16,"playtime":688,"items_purged":[],"score":135,"play_id":"defc486e-700e-42d7-935f-9749bd205fdd","local_time":"20190103162201","is_ascension_mode":true,"campfire_choices":[{"data":"Envenom","floor":6,"key":"SMITH"},{"data":"Dodge and Roll","floor":10,"key":"SMITH"},{"floor":15,"key":"REST"}],"neow_cost":"TEN_PERCENT_HP_LOSS","seed_source_timestamp":1155564751082896,"circlet_count":0,"master_deck":["Defend_G","Defend_G","Defend_G","Defend_G","Strike_G","Strike_G","Strike_G","Strike_G","Survivor","Neutralize","After Image","Blur","Envenom+1","Blur","Dodge and Roll+1","Corpse Explosion","Escape Plan","Predator","After Image"],"relics":["Ring of the Snake","Bronze Scales","Bag of Marbles","Bag of Preparation"],"potions_floor_usage":[14,16],"damage_taken":[{"damage":0,"enemies":"2 Louse","floor":1,"turns":3},{"damage":0,"enemies":"Small Slimes","floor":7,"turns":6},{"damage":17,"enemies":"3 Sentries","floor":12,"turns":13},{"damage":24,"enemies":"Gremlin Nob","floor":14,"turns":5},{"damage":37,"enemies":"Slime Boss","floor":16,"turns":15}],"seed_played":"-1028253634580089675","potions_obtained":[{"floor":12,"key":"Strength Potion"},{"floor":14,"key":"Block Potion"}],"is_trial":false,"path_per_floor":["M","?","?","$","?","R","M","T","T","R","?","E","$","E","R","B"],"character_chosen":"THE_SILENT","items_purchased":["Blur","Escape Plan","Predator"],"campfire_rested":1,"item_purchase_floors":[4,13,13],"current_hp_per_floor":[63,63,68,68,68,68,68,68,68,68,57,40,40,16,36,0],"gold":93,"neow_bonus":"THREE_RARE_CARDS","is_prod":false,"is_daily":false,"chose_seed":false,"campfire_upgraded":2,"win_rate":0,"timestamp":1546561321,"path_taken":["M","?","?","$","?","R","M","?","T","R","?","E","$","E","R","BOSS"],"build_version":"2018-12-20","purchased_purges":0,"victory":false,"max_hp_per_floor":[63,63,68,68,68,68,68,68,68,68,68,68,68,68,68,68],"card_choices":[{"not_picked":["Storm of Steel","Envenom"],"picked":"After Image","floor":0},{"not_picked":["Bane","Choke"],"picked":"Blur","floor":1},{"not_picked":["Flechettes","Reflex"],"picked":"Dodge and Roll","floor":7},{"not_picked":["Blade Dance","Adrenaline"],"picked":"Corpse Explosion","floor":12},{"not_picked":["Outmaneuver","PiercingWail"],"picked":"After Image","floor":14}],"player_experience":263862,"relics_obtained":[{"floor":9,"key":"Bronze Scales"},{"floor":12,"key":"Bag of Marbles"},{"floor":14,"key":"Bag of Preparation"}],"event_choices":[{"damage_healed":0,"gold_gain":0,"cards_transformed":["Strike_G"],"player_choice":"Change","damage_taken":0,"max_hp_gain":0,"max_hp_loss":0,"event_name":"Living Wall","floor":2,"gold_loss":0,"cards_obtained":["Envenom"]},{"damage_healed":0,"gold_gain":0,"player_choice":"Donut","damage_taken":0,"max_hp_gain":5,"max_hp_loss":0,"event_name":"Big Fish","floor":3,"gold_loss":0},{"cards_removed":["Defend_G"],"damage_healed":0,"gold_gain":0,"player_choice":"Card Removal","damage_taken":0,"max_hp_gain":0,"max_hp_loss":0,"event_name":"The Cleric","floor":5,"gold_loss":50},{"damage_healed":0,"gold_gain":75,"player_choice":"Gather Gold","damage_taken":11,"max_hp_gain":0,"max_hp_loss":0,"event_name":"World of Goop","floor":11,"gold_loss":0}],"is_beta":false,"boss_relics":[],"items_purged_floors":[],"is_endless":false,"potions_floor_spawned":[12,14],"killed_by":"Slime Boss","ascension_level":6}