{"gold_per_floor":[114,127,127,46,46,81,81,144,144,144,104,128,128,143,143,143],"floor_reached":16,"playtime":15393,"items_purged":[],"score":194,"play_id":"c56bc6c0-19a8-4ee7-af76-01a28ec86d5a","local_time":"20190512155429","is_ascension_mode":true,"campfire_choices":[{"data":"Neutralize","floor":7.0,"key":"SMITH"},{"floor":10.0,"key":"REST"},{"data":"Footwork","floor":13.0,"key":"SMITH"},{"floor":15.0,"key":"REST"}],"neow_cost":"NONE","seed_source_timestamp":430824454011314,"circlet_count":0,"master_deck":["AscendersBane","Defend_G","Defend_G","Defend_G","Defend_G","Defend_G","Strike_G","Strike_G","Strike_G","Strike_G","Strike_G","Survivor","Neutralize+1","Footwork+1","Backstab","PiercingWail","Backstab"],"special_seed":0,"relics":["Ring of the Snake","Anchor","Golden Idol","Incense Burner","Tiny Chest","Paper Crane"],"potions_floor_usage":[16,16],"damage_taken":[{"damage":5.0,"enemies":"Jaw Worm","floor":1.0,"turns":6.0},{"damage":0.0,"enemies":"2 Louse","floor":2.0,"turns":3.0},{"damage":32.0,"enemies":"3 Sentries","floor":6.0,"turns":15.0},{"damage":30.0,"enemies":"Lagavulin","floor":8.0,"turns":9.0},{"damage":0.0,"enemies":"Small Slimes","floor":12.0,"turns":4.0},{"damage":2.0,"enemies":"Gremlin Gang","floor":14.0,"turns":10.0},{"damage":26,"enemies":"Hexaghost","floor":16,"turns":16}],"seed_played":"-7713951661599496395","potions_obtained":[{"floor":1.0,"key":"Regen Potion"},{"floor":6.0,"key":"Fire Potion"},{"floor":11.0,"key":"Poison Potion"},{"floor":11.0,"key":"SteroidPotion"}],"is_trial":false,"path_per_floor":["M","M","?","$","?","E","R","E","T","R","?","M","R","M","R","B"],"character_chosen":"THE_SILENT","items_purchased":["Backstab"],"campfire_rested":2,"item_purchase_floors":[4],"current_hp_per_floor":[54,54,59,59,59,39,39,9,9,28,28,28,28,26,45,19],"gold":143,"neow_bonus":"RANDOM_COMMON_RELIC","is_prod":false,"is_daily":false,"chose_seed":false,"campfire_upgraded":2,"win_rate":0,"timestamp":1557669269,"path_taken":["M","M","?","$","?","E","R","E","T","R","?","M","R","M","R","BOSS"],"build_version":"2019-01-23","purchased_purges":0,"victory":false,"max_hp_per_floor":[66,66,71,71,64,64,64,64,64,64,64,64,64,64,64,64],"card_choices":[{"not_picked":["Concentrate","Flying Knee","Accuracy"],"picked":"SKIP","floor":1.0},{"not_picked":["Blade Dance","Flying Knee"],"picked":"Footwork","floor":2.0},{"not_picked":["Deflect","Dagger Throw"],"picked":"PiercingWail","floor":6.0},{"not_picked":["Sucker Punch","Expertise","Outmaneuver"],"picked":"SKIP","floor":8.0},{"not_picked":["Underhanded Strike","Cloak And Dagger","Flying Knee"],"picked":"SKIP","floor":12.0},{"not_picked":["Flying Knee","Backflip"],"picked":"Backstab","floor":14.0}],"player_experience":619191,"relics_obtained":[{"floor":6.0,"key":"Incense Burner"},{"floor":8.0,"key":"Tiny Chest"},{"floor":9.0,"key":"Paper Crane"}],"event_choices":[{"damage_healed":0.0,"max_hp_gain":5.0,"max_hp_loss":0.0,"gold_gain":0.0,"event_name":"Big Fish","player_choice":"Donut","floor":3.0,"gold_loss":0.0,"damage_taken":0.0},{"damage_healed":0.0,"max_hp_gain":0.0,"max_hp_loss":7.0,"gold_gain":0.0,"event_name":"Golden Idol","player_choice":"Lose Max HP","floor":5.0,"gold_loss":0.0,"damage_taken":0.0,"relics_obtained":["Golden Idol"]},{"damage_healed":0.0,"max_hp_gain":0.0,"max_hp_loss":0.0,"gold_gain":0.0,"event_name":"The Woman in Blue","player_choice":"Bought 3 Potions","floor":11.0,"gold_loss":0.0,"damage_taken":0.0}],"is_beta":false,"boss_relics":[],"items_purged_floors":[],"is_endless":false,"potions_floor_spawned":[1,6,12,14],"killed_by":"Hexaghost","ascension_level":16}