{"gold_per_floor":[110,128,27,42,42,42,76,226,249,249,281,298,322,350,350,426,426,346,346,185,202,221,221,232,251,277,296,84,84,112,130,130,207,207,225,225,245,32,49,49,76,90,90,116,116,126,126,141,141,141],"floor_reached":50,"playtime":6975,"items_purged":["Pain"],"score":1179,"play_id":"08df1bd1-4c26-47fe-904f-a9b37a7d5362","local_time":"20190606121327","is_ascension_mode":true,"campfire_choices":[{"data":"Defragment","floor":6.0,"key":"SMITH"},{"data":"Loop","floor":15.0,"key":"SMITH"},{"floor":23.0,"key":"REST"},{"data":"Defragment","floor":29.0,"key":"SMITH"},{"floor":32.0,"key":"REST"},{"floor":40.0,"key":"REST"},{"floor":45,"key":"REST"},{"data":"Aggregate","floor":49,"key":"SMITH"}],"neow_cost":"TEN_PERCENT_HP_LOSS","seed_source_timestamp":1864939390468097,"circlet_count":0,"master_deck":["AscendersBane","Strike_B","Strike_B","Strike_B","Defend_B","Defend_B","Defend_B+1","Defend_B","Zap","Dualcast+1","Conserve Battery","Loop+1","Defragment+1","Coolheaded","Cold Snap","Coolheaded","Doubt","BootSequence","Steam","Biased Cognition","Sweeping Beam","Amplify","White Noise","Defragment+1","Loop","Undo","Force Field","Double Energy","Stack+1","Core Surge","Glacier+1","Compile Driver","Ball Lightning","Core Surge","Capacitor","Turbo","Multi-Cast","Aggregate+1","Self Repair","White Noise","Reinforced Body"],"special_seed":0,"relics":["Cracked Core","Ice Cream","Strawberry","War Paint","Happy Flower","Dead Branch","Odd Mushroom","Turnip","Black Star","WarpedTongs","PreservedInsect","ClockworkSouvenir","Anchor","Dream Catcher","Orrery","Orichalcum","Art of War","Regal Pillow","Bag of Preparation","Letter Opener","Centennial Puzzle","Bronze Scales"],"potions_floor_usage":[41,41,48,50],"damage_taken":[{"damage":1.0,"enemies":"Cultist","floor":1.0,"turns":3.0},{"damage":8.0,"enemies":"2 Louse","floor":2.0,"turns":3.0},{"damage":6.0,"enemies":"Small Slimes","floor":4.0,"turns":3.0},{"damage":2.0,"enemies":"Lagavulin","floor":7.0,"turns":9.0},{"damage":11.0,"enemies":"Gremlin Nob","floor":11.0,"turns":4.0},{"damage":0.0,"enemies":"3 Louse","floor":12.0,"turns":2.0},{"damage":17.0,"enemies":"The Mushroom Lair","floor":13.0,"turns":6.0},{"damage":0.0,"enemies":"Lagavulin","floor":14.0,"turns":6.0},{"damage":14.0,"enemies":"Slime Boss","floor":16.0,"turns":7.0},{"damage":8.0,"enemies":"2 Thieves","floor":18.0,"turns":4.0},{"damage":17.0,"enemies":"3 Byrds","floor":21.0,"turns":4.0},{"damage":5.0,"enemies":"Cultist and Chosen","floor":22.0,"turns":6.0},{"damage":8.0,"enemies":"Shelled Parasite and Fungi","floor":24.0,"turns":9.0},{"damage":9.0,"enemies":"Centurion and Healer","floor":25.0,"turns":6.0},{"damage":1.0,"enemies":"Sentry and Sphere","floor":27.0,"turns":6.0},{"damage":1.0,"enemies":"Book of Stabbing","floor":30.0,"turns":7.0},{"damage":0.0,"enemies":"Snecko","floor":31.0,"turns":5.0},{"damage":7.0,"enemies":"Collector","floor":33.0,"turns":17.0},{"damage":46.0,"enemies":"3 Darklings","floor":35.0,"turns":6.0},{"damage":0.0,"enemies":"3 Shapes","floor":37.0,"turns":5.0},{"damage":0.0,"enemies":"Spire Growth","floor":39.0,"turns":7.0},{"damage":28,"enemies":"Reptomancer","floor":41,"turns":5},{"damage":0,"enemies":"Sphere and 2 Shapes","floor":42,"turns":6},{"damage":3,"enemies":"Giant Head","floor":44,"turns":7},{"damage":5,"enemies":"4 Shapes","floor":46,"turns":5},{"damage":0,"enemies":"Transient","floor":48,"turns":6},{"damage":90,"enemies":"Awakened One","floor":50,"turns":7}],"seed_played":"-4128369966175956684","potions_obtained":[{"floor":2.0,"key":"Ancient Potion"},{"floor":7.0,"key":"Ancient Potion"},{"floor":13.0,"key":"Block Potion"},{"floor":14.0,"key":"SkillPotion"},{"floor":16.0,"key":"Regen Potion"},{"floor":22.0,"key":"EssenceOfSteel"},{"floor":30.0,"key":"LiquidBronze"},{"floor":31.0,"key":"Swift Potion"},{"floor":35.0,"key":"PowerPotion"},{"floor":42,"key":"Fire Potion"},{"floor":44,"key":"Dexterity Potion"}],"is_trial":false,"path_per_floor":["M","M","$","M","?","R","E","?","T","?","E","M","?","E","R","B",null,"M","?","$","M","M","R","M","M","T","M","$","R","E","M","R","B",null,"M","T","M","$","M","R","E","M","T","E","R","M","?","M","R","B"],"character_chosen":"DEFECT","items_purchased":["Defragment","Coolheaded","FocusPotion","ClockworkSouvenir","Capacitor","Art of War"],"campfire_rested":4,"item_purchase_floors":[3,3,20,28,38,38],"current_hp_per_floor":[63,55,55,49,45,45,43,43,43,66,55,55,38,38,38,24,59,51,51,51,34,29,50,57,48,48,47,47,47,46,46,67,60,68,22,22,22,22,22,43,15,15,15,12,48,63,63,70,70,0],"gold":141,"neow_bonus":"ONE_RARE_RELIC","is_prod":false,"is_daily":false,"chose_seed":false,"campfire_upgraded":4,"win_rate":0,"timestamp":1559816007,"path_taken":["M","?","$","M","?","R","E","?","T","?","E","M","?","E","R","BOSS","M","?","$","M","M","R","M","M","T","M","$","R","E","M","R","BOSS","M","?","?","$","M","R","E","M","T","E","R","M","?","M","R","BOSS"],"build_version":"2019-01-23","purchased_purges":1,"victory":false,"max_hp_per_floor":[64,64,64,64,71,71,71,71,71,71,71,71,71,71,71,71,71,71,71,71,71,71,71,71,71,71,71,71,71,71,71,71,71,71,71,71,71,71,71,71,71,71,71,71,71,71,71,71,71,71],"card_choices":[{"not_picked":["Rebound","Storm"],"picked":"Conserve Battery","floor":1.0},{"not_picked":["Consume","Hello World"],"picked":"Loop","floor":2.0},{"not_picked":["Compile Driver","Coolheaded"],"picked":"Cold Snap","floor":4.0},{"not_picked":["Beam Cell","Turbo"],"picked":"Coolheaded","floor":7.0},{"not_picked":["Redo","Melter"],"picked":"BootSequence","floor":11.0},{"not_picked":["Recycle","Coolheaded"],"picked":"Steam","floor":12.0},{"not_picked":["Streamline","Barrage"],"picked":"Biased Cognition","floor":13.0},{"not_picked":["Rip and Tear","Compile Driver"],"picked":"Sweeping Beam","floor":14.0},{"not_picked":["Reboot","Biased Cognition"],"picked":"Amplify","floor":16.0},{"not_picked":["Streamline+1","Gash+1"],"picked":"White Noise","floor":18.0},{"not_picked":["Stack","Turbo"],"picked":"Defragment","floor":21.0},{"not_picked":["Steam","Barrage","Beam Cell+1"],"picked":"SKIP","floor":22.0},{"not_picked":["Stack+1","White Noise"],"picked":"Loop","floor":24.0},{"not_picked":["Conserve Battery","Cold Snap"],"picked":"Undo","floor":25.0},{"not_picked":["Consume+1","Leap"],"picked":"Force Field","floor":27.0},{"not_picked":["Hologram","FTL"],"picked":"Double Energy","floor":30.0},{"not_picked":["Sweeping Beam","Conserve Battery","Barrage"],"picked":"SKIP","floor":31.0},{"not_picked":["Lockon","Steam"],"picked":"Stack+1","floor":32.0},{"not_picked":["Biased Cognition","Seek"],"picked":"Core Surge","floor":33.0},{"not_picked":["Defragment","Genetic Algorithm"],"picked":"Glacier+1","floor":34.0},{"not_picked":["Doom and Gloom","Rebound"],"picked":"Compile Driver","floor":34.0},{"not_picked":["Glacier","Go for the Eyes"],"picked":"Ball Lightning","floor":34.0},{"not_picked":["Rip and Tear","Compile Driver+1"],"picked":"Core Surge","floor":35.0},{"not_picked":["Barrage+1","Rebound","Redo"],"picked":"SKIP","floor":37.0},{"not_picked":["Streamline","Coolheaded","Compile Driver+1"],"picked":"SKIP","floor":39.0},{"not_picked":["Steam","Conserve Battery"],"picked":"Turbo","floor":40.0},{"not_picked":["Gash","Beam Cell+1"],"picked":"Multi-Cast","floor":41},{"not_picked":["Steam","Sweeping Beam"],"picked":"Aggregate","floor":42},{"not_picked":["Gash+1","Ball Lightning","Streamline"],"picked":"SKIP","floor":44},{"not_picked":["Beam Cell+1","Heatsinks"],"picked":"Self Repair","floor":45},{"not_picked":["Steam Power","Rebound"],"picked":"White Noise","floor":46},{"not_picked":["Cold Snap+1","Ball Lightning+1"],"picked":"Reinforced Body","floor":48}],"player_experience":812307,"relics_obtained":[{"floor":7.0,"key":"War Paint"},{"floor":9.0,"key":"Happy Flower"},{"floor":11.0,"key":"Dead Branch"},{"floor":13.0,"key":"Odd Mushroom"},{"floor":14.0,"key":"Turnip"},{"floor":26.0,"key":"PreservedInsect"},{"floor":30.0,"key":"Anchor"},{"floor":30.0,"key":"Dream Catcher"},{"floor":36.0,"key":"Orichalcum"},{"floor":41,"key":"Regal Pillow"},{"floor":41,"key":"Bag of Preparation"},{"floor":43,"key":"Letter Opener"},{"floor":44,"key":"Centennial Puzzle"},{"floor":44,"key":"Bronze Scales"}],"event_choices":[{"damage_healed":0.0,"max_hp_gain":0.0,"max_hp_loss":0.0,"gold_gain":0.0,"event_name":"Scrap Ooze","player_choice":"Success","floor":5.0,"gold_loss":0.0,"damage_taken":11.0,"relics_obtained":["Strawberry"]},{"damage_healed":0.0,"max_hp_gain":0.0,"max_hp_loss":0.0,"gold_gain":150.0,"event_name":"Liars Game","player_choice":"AGREE","floor":8.0,"gold_loss":0.0,"damage_taken":0.0,"cards_obtained":["Doubt"]},{"damage_healed":23.0,"max_hp_gain":0.0,"max_hp_loss":0.0,"gold_gain":0.0,"event_name":"Big Fish","player_choice":"Banana","floor":10.0,"gold_loss":0.0,"damage_taken":0.0},{"damage_healed":0.0,"max_hp_gain":0.0,"max_hp_loss":0.0,"gold_gain":0.0,"event_name":"Mushrooms","player_choice":"Fought Mushrooms","floor":13.0,"gold_loss":0.0,"damage_taken":0.0},{"damage_healed":0.0,"max_hp_gain":0.0,"max_hp_loss":0.0,"gold_gain":0.0,"event_name":"Accursed Blacksmith","player_choice":"Rummage","floor":19.0,"gold_loss":0.0,"damage_taken":0.0,"relics_obtained":["WarpedTongs"],"cards_obtained":["Pain"]},{"cards_removed":["Strike_B"],"damage_healed":0,"gold_gain":0,"player_choice":"Removed Attack","damage_taken":0,"max_hp_gain":0,"max_hp_loss":0,"event_name":"Falling","floor":47,"gold_loss":0}],"is_beta":false,"boss_relics":[{"not_picked":["Busted Crown","Calling Bell"],"picked":"Black Star"},{"not_picked":["Eternal Feather","Lizard Tail"],"picked":"Orrery"}],"items_purged_floors":[20],"is_endless":false,"potions_floor_spawned":[2,7,13,14,16,22,30,31,33,35,37,42,44],"killed_by":"Awakened One","ascension_level":19}