{"gold_per_floor":[111,186,186,75,94,94,128,142,142,61,74,74,95,7,7,103,103,121,121,121,140,9,9,23,23,23,44,44,79,104,120,120,216,216,229,50,50,50,383,409,409,442,442,442,472,472,0,0,0,0,0],"floor_reached":52,"playtime":4953,"items_purged":["Injury","Clumsy"],"score":1908,"play_id":"b4ff9d51-9c51-4343-9825-47b7fe5921a9","local_time":"20190610165701","is_ascension_mode":true,"campfire_choices":[{"data":"Headbutt","floor":6.0,"key":"SMITH"},{"data":"Havoc","floor":15.0,"key":"SMITH"},{"floor":23.0,"key":"REST"},{"floor":25.0,"key":"REST"},{"data":"True Grit","floor":32.0,"key":"SMITH"},{"floor":41.0,"key":"REST"},{"floor":46,"key":"REST"},{"floor":49,"key":"REST"}],"neow_cost":"NONE","seed_source_timestamp":0,"circlet_count":0,"master_deck":["AscendersBane","Strike_R+1","Strike_R+1","Strike_R+1","Strike_R+1","Defend_R+1","Defend_R+1","Defend_R+1","Defend_R+1","Bash+1","Headbutt+1","Feel No Pain","Shrug It Off","Metallicize","True Grit+1","Inflame","Shockwave","Sever Soul","Havoc+1","Feel No Pain","Juggernaut","Feel No Pain","RitualDagger","Warcry","Shockwave","Shockwave","Barricade","Intimidate","Corruption","Burning Pact"],"special_seed":0,"relics":["Burning Blood","Dead Branch","Self Forming Clay","Cursed Key","Pantograph","Ginger","Philosopher\u0027s Stone","Vajra","Ornamental Fan","Pen Nib","Red Mask"],"potions_floor_usage":[51],"damage_taken":[{"damage":7.0,"enemies":"Jaw Worm","floor":1.0,"turns":3.0},{"damage":5.0,"enemies":"Small Slimes","floor":5.0,"turns":4.0},{"damage":44.0,"enemies":"Gremlin Nob","floor":7.0,"turns":5.0},{"damage":3.0,"enemies":"Cultist","floor":8.0,"turns":4.0},{"damage":1.0,"enemies":"Exordium Wildlife","floor":11.0,"turns":6.0},{"damage":5.0,"enemies":"Large Slime","floor":13.0,"turns":6.0},{"damage":11.0,"enemies":"Hexaghost","floor":16.0,"turns":8.0},{"damage":20.0,"enemies":"2 Thieves","floor":18.0,"turns":4.0},{"damage":40.0,"enemies":"Colosseum Slavers","floor":20.0,"turns":5.0},{"damage":2.0,"enemies":"3 Byrds","floor":21.0,"turns":5.0},{"damage":19.0,"enemies":"Centurion and Healer","floor":24.0,"turns":5.0},{"damage":3.0,"enemies":"Chosen and Byrds","floor":27.0,"turns":4.0},{"damage":9.0,"enemies":"Book of Stabbing","floor":29.0,"turns":7.0},{"damage":0.0,"enemies":"Snecko","floor":30.0,"turns":4.0},{"damage":12.0,"enemies":"Sentry and Sphere","floor":31.0,"turns":6.0},{"damage":63.0,"enemies":"Champ","floor":33.0,"turns":11.0},{"damage":18.0,"enemies":"3 Shapes","floor":35.0,"turns":6.0},{"damage":0.0,"enemies":"Giant Head","floor":40.0,"turns":7.0},{"damage":52.0,"enemies":"Reptomancer","floor":42.0,"turns":9.0},{"damage":10,"enemies":"Nemesis","floor":45,"turns":5},{"damage":29,"enemies":"Donu and Deca","floor":50,"turns":7},{"damage":45,"enemies":"Awakened One","floor":51,"turns":10}],"seed_played":"-5321332073608271863","potions_obtained":[{"floor":7.0,"key":"Regen Potion"},{"floor":13.0,"key":"Explosive Potion"},{"floor":21.0,"key":"AttackPotion"},{"floor":27.0,"key":"Explosive Potion"},{"floor":29.0,"key":"AttackPotion"},{"floor":30.0,"key":"Dexterity Potion"},{"floor":33.0,"key":"FearPotion"},{"floor":45,"key":"Energy Potion"}],"is_trial":false,"path_per_floor":["M","?","?","$","M","R","E","M","T","$","M","?","M","$","R","B",null,"M","?","?","M","$","R","M","R","T","M","?","E","M","M","R","B",null,"M","$","?","?","?","E","R","E","T","T","E","R","?","$","R","B","B",null],"character_chosen":"IRONCLAD","items_purchased":["Feel No Pain","Shrug It Off","Shockwave","Feel No Pain","PowerPotion","Corruption"],"campfire_rested":5,"item_purchase_floors":[4,4,10,14,22,36],"current_hp_per_floor":[67,56,56,56,57,57,19,34,34,34,39,39,40,40,40,35,65,51,45,11,15,15,37,24,46,46,49,49,46,52,46,46,14,60,48,48,48,48,48,54,71,25,25,25,21,42,42,42,63,48,32],"gold":0,"neow_bonus":"UPGRADE_CARD","is_prod":false,"is_daily":false,"chose_seed":false,"campfire_upgraded":3,"win_rate":0,"timestamp":1560178621,"path_taken":["M","?","?","$","M","R","E","M","T","$","?","?","M","$","R","BOSS","M","?","?","?","?","R","M","R","T","M","?","E","M","M","R","BOSS","M","$","?","?","?","E","R","E","T","?","E","R","?","?","R","BOSS","BOSS"],"build_version":"2019-01-23","purchased_purges":2,"victory":true,"max_hp_per_floor":[75,75,75,75,75,75,75,75,75,75,75,75,75,75,75,75,75,75,75,75,75,75,75,75,75,75,75,75,75,75,75,75,75,75,75,75,71,71,71,71,71,71,71,71,71,71,71,71,71,71,71],"card_choices":[{"not_picked":["Heavy Blade","Flex"],"picked":"Headbutt","floor":1.0},{"not_picked":["Combust","Heavy Blade"],"picked":"Metallicize","floor":5.0},{"not_picked":["Immolate","Heavy Blade"],"picked":"True Grit","floor":7.0},{"not_picked":["Seeing Red","True Grit"],"picked":"Inflame","floor":8.0},{"not_picked":["Anger","Armaments"],"picked":"Sever Soul","floor":11.0},{"not_picked":["Combust","Flex"],"picked":"Havoc","floor":13.0},{"not_picked":["Immolate","Bludgeon"],"picked":"Juggernaut","floor":16.0},{"not_picked":["Inflame","Whirlwind"],"picked":"Feel No Pain","floor":18.0},{"not_picked":["Sword Boomerang","True Grit"],"picked":"Warcry","floor":21.0},{"not_picked":["Armaments","Anger+1","Thunderclap"],"picked":"SKIP","floor":24.0},{"not_picked":["Perfected Strike","Headbutt","Flex"],"picked":"SKIP","floor":27.0},{"not_picked":["Pummel+1","Bloodletting"],"picked":"Shockwave","floor":29.0},{"not_picked":["Reckless Charge","Thunderclap","Bloodletting"],"picked":"SKIP","floor":30.0},{"not_picked":["Ghostly Armor","Iron Wave"],"picked":"Shockwave","floor":31.0},{"not_picked":["Reaper","Immolate"],"picked":"Barricade","floor":33.0},{"not_picked":["Bloodletting","Iron Wave"],"picked":"Intimidate","floor":35.0},{"not_picked":["Clash+1","Feel No Pain"],"picked":"Burning Pact","floor":40.0},{"not_picked":["Wild Strike","Headbutt+1","Bludgeon"],"picked":"SKIP","floor":42.0},{"not_picked":["Pummel","Uppercut","Iron Wave+1"],"picked":"SKIP","floor":45}],"player_experience":862400,"relics_obtained":[{"floor":7.0,"key":"Dead Branch"},{"floor":9.0,"key":"Self Forming Clay"},{"floor":26.0,"key":"Pantograph"},{"floor":29.0,"key":"Ginger"},{"floor":40.0,"key":"Vajra"},{"floor":42.0,"key":"Ornamental Fan"},{"floor":45,"key":"Pen Nib"}],"event_choices":[{"damage_healed":0.0,"max_hp_gain":0.0,"max_hp_loss":0.0,"gold_gain":75.0,"event_name":"World of Goop","player_choice":"Gather Gold","floor":2.0,"gold_loss":0.0,"damage_taken":11.0},{"cards_removed":["Strike_R"],"damage_healed":0.0,"max_hp_gain":0.0,"max_hp_loss":0.0,"gold_gain":0.0,"event_name":"Wheel of Change","player_choice":"Card Removal","floor":3.0,"gold_loss":0.0,"damage_taken":0.0},{"damage_healed":0.0,"max_hp_gain":0.0,"max_hp_loss":0.0,"gold_gain":0.0,"event_name":"Golden Idol","player_choice":"Take Wound","floor":12.0,"gold_loss":0.0,"damage_taken":0.0,"relics_obtained":["Golden Idol"],"cards_obtained":["Injury"]},{"damage_healed":0.0,"max_hp_gain":0.0,"max_hp_loss":0.0,"gold_gain":0.0,"event_name":"Nest","player_choice":"Joined the Cult","floor":19.0,"gold_loss":0.0,"damage_taken":6.0,"cards_obtained":["RitualDagger"]},{"damage_healed":0.0,"max_hp_gain":0.0,"max_hp_loss":0.0,"gold_gain":0.0,"event_name":"Colosseum","player_choice":"Fight","floor":20.0,"gold_loss":0.0,"damage_taken":0.0},{"damage_healed":0.0,"max_hp_gain":0.0,"max_hp_loss":0.0,"gold_gain":0.0,"event_name":"Colosseum","player_choice":"Fled From Nobs","floor":20.0,"gold_loss":0.0,"damage_taken":0.0},{"damage_healed":0.0,"max_hp_gain":0.0,"max_hp_loss":0.0,"gold_gain":0.0,"event_name":"Back to Basics","player_choice":"Simplicity","floor":28.0,"gold_loss":0.0,"damage_taken":0.0,"cards_upgraded":["Strike_R","Strike_R","Strike_R","Strike_R","Defend_R","Defend_R","Defend_R","Defend_R"]},{"damage_healed":0.0,"max_hp_gain":0.0,"max_hp_loss":4.0,"gold_gain":0.0,"event_name":"Winding Halls","player_choice":"Max HP","floor":37.0,"gold_loss":0.0,"damage_taken":0.0},{"damage_healed":0.0,"max_hp_gain":0.0,"max_hp_loss":0.0,"gold_gain":0.0,"event_name":"Mysterious Sphere","player_choice":"Ignored","floor":38.0,"gold_loss":0.0,"damage_taken":0.0},{"damage_healed":0.0,"max_hp_gain":0.0,"max_hp_loss":0.0,"gold_gain":333.0,"event_name":"The Moai Head","player_choice":"Gave Idol","floor":39.0,"relics_lost":["Golden Idol"],"gold_loss":0.0,"damage_taken":0.0},{"damage_healed":0,"gold_gain":0,"player_choice":"Paid","damage_taken":0,"relics_obtained":["Red Mask"],"max_hp_gain":0,"max_hp_loss":0,"event_name":"Tomb of Lord Red Mask","floor":47,"gold_loss":472}],"is_beta":false,"boss_relics":[{"not_picked":["Runic Dome","Lizard Tail"],"picked":"Cursed Key"},{"not_picked":["Calling Bell","Mark of Pain"],"picked":"Philosopher\u0027s Stone"}],"items_purged_floors":[22,36],"is_endless":false,"potions_floor_spawned":[7,13,21,27,29,30,33,35,45],"ascension_level":20}