{"gold_per_floor":[116,128,128,128,78,78,113,124,124,124,143,163,115,85,85,182,182,199,216,118,118,118,118,146,146,170,170,189,189,189,201,201,306,306,324,324,424,154,0,0,26,41,123,137,137,154,154],"floor_reached":47,"playtime":3970,"items_purged":["Defend_G"],"score":521,"play_id":"299f6354-3cef-4ca9-946a-598c194f077f","local_time":"20181128013048","is_ascension_mode":false,"campfire_choices":[{"data":"Blur","floor":6,"key":"SMITH"},{"data":"Noxious Fumes","floor":10,"key":"SMITH"},{"data":"Noxious Fumes","floor":15,"key":"SMITH"},{"data":"Night Terror","floor":23,"key":"SMITH"},{"floor":25,"key":"REST"},{"floor":27,"key":"REST"},{"data":"Footwork","floor":32,"key":"SMITH"},{"data":"Dodge and Roll","floor":40,"key":"SMITH"},{"data":"Good Instincts","floor":45,"key":"SMITH"}],"neow_cost":"NONE","seed_source_timestamp":1178207375118447,"circlet_count":0,"master_deck":["Defend_G","Defend_G","Defend_G","Strike_G","Strike_G+1","Strike_G+1","Survivor","Neutralize","Blur+1","Noxious Fumes+1","Noxious Fumes+1","Reflex","Terror","Outmaneuver","Noxious Fumes","Night Terror+1","Dodge and Roll+1","Deflect","Footwork+1","Leg Sweep","Backflip","Noxious Fumes","Bane+1","Good Instincts+1","Dodge and Roll","Dodge and Roll","Doppelganger","Dash+1","Predator+1","Quick Slash+1","Dash+1","Deflect","Flying Knee+1"],"relics":["Ring of the Snake","NeowsBlessing","Question Card","Bronze Scales","Molten Egg 2","Orrery","MutagenicStrength","Vajra","Whetstone","Empty Cage","Du-Vu Doll","Lee\u0027s Waffle","Red Mask","Ancient Tea Set","Mercury Hourglass"],"potions_floor_usage":[16,24,33,33,47],"damage_taken":[{"damage":0,"enemies":"2 Louse","floor":1,"turns":1},{"damage":0,"enemies":"Jaw Worm","floor":2,"turns":1},{"damage":0,"enemies":"Lagavulin","floor":7,"turns":1},{"damage":2,"enemies":"Cultist","floor":8,"turns":3},{"damage":6,"enemies":"3 Louse","floor":11,"turns":4},{"damage":1,"enemies":"2 Fungi Beasts","floor":12,"turns":4},{"damage":2,"enemies":"Looter","floor":14,"turns":4},{"damage":16,"enemies":"Hexaghost","floor":16,"turns":8},{"damage":7,"enemies":"Shell Parasite","floor":18,"turns":7},{"damage":26,"enemies":"Chosen","floor":19,"turns":6},{"damage":23,"enemies":"Book of Stabbing","floor":24,"turns":6},{"damage":36,"enemies":"3 Cultists","floor":28,"turns":5},{"damage":21,"enemies":"Snake Plant","floor":31,"turns":5},{"damage":43,"enemies":"Automaton","floor":33,"turns":10},{"damage":42,"enemies":"3 Shapes","floor":35,"turns":7},{"damage":21,"enemies":"Mind Bloom Boss Battle","floor":37,"turns":9},{"damage":32,"enemies":"Nemesis","floor":41,"turns":9},{"damage":0,"enemies":"3 Darklings","floor":42,"turns":6},{"damage":19,"enemies":"Jaw Worm Horde","floor":44,"turns":7},{"damage":16,"enemies":"Maw","floor":46,"turns":8},{"damage":27,"enemies":"Giant Head","floor":47,"turns":5}],"seed_played":"6061498536851393144","potions_obtained":[{"floor":1,"key":"Strength Potion"},{"floor":2,"key":"Fire Potion"},{"floor":12,"key":"Poison Potion"},{"floor":18,"key":"GhostInAJar"},{"floor":24,"key":"Ancient Potion"},{"floor":35,"key":"Fire Potion"},{"floor":41,"key":"Swift Potion"}],"is_trial":false,"path_per_floor":["M","M","?","?","?","R","E","M","T","R","M","M","$","M","R","B",null,"M","M","$","?","?","R","E","R","T","R","M","?","?","M","R","B",null,"M","?","?","$","?","R","E","M","T","M","R","M","E"],"character_chosen":"THE_SILENT","items_purchased":["Outmaneuver","Good Instincts","Lee\u0027s Waffle"],"campfire_rested":2,"item_purchase_floors":[13,20,38],"current_hp_per_floor":[70,70,70,52,52,52,52,50,50,50,44,43,43,41,41,25,70,63,37,37,37,24,24,1,23,23,45,9,3,75,54,54,11,75,33,33,12,82,82,82,50,50,50,31,31,15,0],"gold":154,"neow_bonus":"THREE_ENEMY_KILL","is_prod":false,"is_daily":false,"chose_seed":false,"campfire_upgraded":7,"win_rate":0.0,"timestamp":1543397448,"path_taken":["M","M","?","?","?","R","E","?","T","R","M","M","?","M","R","BOSS","M","M","$","?","?","R","E","R","T","R","M","?","?","M","R","BOSS","M","?","?","?","?","R","E","M","T","?","R","M","E"],"build_version":"2018-11-15","purchased_purges":1,"victory":false,"max_hp_per_floor":[70,70,70,70,70,70,70,70,70,70,70,70,70,70,70,70,70,70,70,70,70,75,75,75,75,75,75,75,75,75,75,75,75,75,75,75,75,82,82,82,82,82,82,82,82,82,82],"card_choices":[{"not_picked":["Prepared","Tactician"],"picked":"Blur","floor":1},{"not_picked":["Dodge and Roll","Choke"],"picked":"Accuracy","floor":2},{"not_picked":["After Image","Backstab","PiercingWail"],"picked":"Noxious Fumes","floor":7},{"not_picked":["Calculated Gamble","Catalyst","Quick Slash"],"picked":"Noxious Fumes","floor":8},{"not_picked":["Accuracy","Dagger Throw+1","Deadly Poison"],"picked":"Reflex","floor":11},{"not_picked":["Reflex","Underhanded Strike+1","Dodge and Roll"],"picked":"Terror","floor":12},{"not_picked":["Reflex","Bane+1","Adrenaline"],"picked":"Noxious Fumes","floor":14},{"not_picked":["Malaise","Burst","Glass Knife+1"],"picked":"Night Terror","floor":16},{"not_picked":["Deflect","Blade Dance","Dagger Spray+1"],"picked":"Dodge and Roll","floor":17},{"not_picked":["Slice+1","Tactician","Deadly Poison"],"picked":"Deflect","floor":17},{"not_picked":["Backflip","Eviscerate+1","Underhanded Strike+1"],"picked":"Footwork","floor":17},{"not_picked":["All Out Attack+1","Acrobatics","Sucker Punch+1"],"picked":"Leg Sweep","floor":17},{"not_picked":["Escape Plan","Accuracy","All Out Attack+1"],"picked":"Backflip","floor":17},{"not_picked":["Backflip","Bane+1","Skewer+1"],"picked":"Noxious Fumes","floor":18},{"not_picked":["A Thousand Cuts","Cloak And Dagger","Skewer+1"],"picked":"Bane+1","floor":19},{"not_picked":["Cloak And Dagger","Malaise","Bullet Time"],"picked":"Dodge and Roll","floor":24},{"not_picked":["Backflip","Choke+1","Acrobatics"],"picked":"Dodge and Roll","floor":28},{"not_picked":["Dagger Throw+1","Flechettes+1","Cloak And Dagger","Choke+1"],"picked":"SKIP","floor":31},{"not_picked":["Venomology","Storm of Steel","Night Terror"],"picked":"Doppelganger","floor":33},{"not_picked":["Dagger Spray+1","Quick Slash+1","Slice+1"],"picked":"Dash+1","floor":35},{"not_picked":["Bane+1","Terror","Choke+1"],"picked":"Predator+1","floor":37},{"not_picked":["All Out Attack+1","Slice+1","Envenom"],"picked":"Quick Slash+1","floor":41},{"not_picked":["Choke+1","Acrobatics","Flying Knee+1"],"picked":"Dash+1","floor":42},{"not_picked":["Choke+1","Backflip+1","Acrobatics"],"picked":"Deflect","floor":44},{"not_picked":["Backflip+1","Riddle With Holes+1","Slice+1"],"picked":"Flying Knee+1","floor":46}],"player_experience":35040,"relics_obtained":[{"floor":7,"key":"Bronze Scales"},{"floor":9,"key":"Molten Egg 2"},{"floor":24,"key":"Vajra"},{"floor":26,"key":"Whetstone"},{"floor":37,"key":"Du-Vu Doll"},{"floor":41,"key":"Ancient Tea Set"},{"floor":43,"key":"Mercury Hourglass"}],"event_choices":[{"damage_healed":0,"gold_gain":0,"player_choice":"Grow","damage_taken":0,"max_hp_gain":0,"max_hp_loss":0,"event_name":"Living Wall","floor":3,"gold_loss":0,"cards_upgraded":["Accuracy"]},{"damage_healed":0,"gold_gain":0,"player_choice":"Success","damage_taken":18,"relics_obtained":["Question Card"],"max_hp_gain":0,"max_hp_loss":0,"event_name":"Scrap Ooze","floor":4,"gold_loss":0},{"cards_removed":["Defend_G"],"damage_healed":0,"gold_gain":0,"player_choice":"Card Removal","damage_taken":0,"max_hp_gain":0,"max_hp_loss":0,"event_name":"The Cleric","floor":5,"gold_loss":50},{"damage_healed":0,"gold_gain":0,"player_choice":"Inject Mutagens","damage_taken":0,"relics_obtained":["MutagenicStrength"],"max_hp_gain":0,"max_hp_loss":0,"event_name":"Drug Dealer","floor":21,"gold_loss":0},{"damage_healed":0,"gold_gain":0,"player_choice":"Shed Blood","damage_taken":18,"max_hp_gain":5,"max_hp_loss":0,"event_name":"Forgotten Altar","floor":22,"gold_loss":0},{"damage_healed":0,"gold_gain":0,"player_choice":"Joined the Cult","damage_taken":6,"max_hp_gain":0,"max_hp_loss":0,"event_name":"Nest","floor":29,"gold_loss":0,"cards_obtained":["RitualDagger"]},{"cards_removed":["Accuracy"],"damage_healed":72,"gold_gain":0,"player_choice":"Offered Uncommon","damage_taken":0,"max_hp_gain":0,"max_hp_loss":0,"event_name":"Bonfire Elementals","floor":30,"gold_loss":0},{"cards_removed":["RitualDagger"],"damage_healed":0,"gold_gain":0,"player_choice":"Removed Attack","damage_taken":0,"max_hp_gain":0,"max_hp_loss":0,"event_name":"Falling","floor":36,"gold_loss":0},{"damage_healed":0,"gold_gain":0,"player_choice":"Fight","damage_taken":0,"max_hp_gain":0,"max_hp_loss":0,"event_name":"MindBloom","floor":37,"gold_loss":0},{"damage_healed":0,"gold_gain":0,"player_choice":"Paid","damage_taken":0,"relics_obtained":["Red Mask"],"max_hp_gain":0,"max_hp_loss":0,"event_name":"Tomb of Lord Red Mask","floor":39,"gold_loss":154}],"is_beta":false,"boss_relics":[{"not_picked":["Busted Crown","HoveringKite"],"picked":"Orrery"},{"not_picked":["White Beast Statue","Cursed Key"],"picked":"Empty Cage"}],"items_purged_floors":[38],"is_endless":false,"potions_floor_spawned":[1,2,12,18,24,35,41,42],"killed_by":"Giant Head","ascension_level":0}