{"gold_per_floor":[114,114,133,133,53,53,72,72,97,135,135,6,6,25,25,150,150,169,19,38,38,57,95,95,114,114,133,58,77,96,195,195,320,320,339,357,357,376,76,76,95,95,145,478,478,493,117,132,132,132],"floor_reached":51,"playtime":2809,"items_purged":["Strike_B","Strike_B","Strike_B"],"score":717,"play_id":"6aa1ab0b-2723-4e31-b39c-0c7d7b66d42b","local_time":"20190517192242","daily_mods":["Specialized","Green Cards","Night Terrors"],"is_ascension_mode":false,"campfire_choices":[{"data":"Backflip","floor":6,"key":"SMITH"},{"data":"Defragment","floor":8,"key":"SMITH"},{"data":"Go for the Eyes","floor":11,"key":"SMITH"},{"data":"Defragment","floor":15,"key":"SMITH"},{"floor":32,"key":"REST"},{"floor":40,"key":"REST"},{"floor":49,"key":"REST"}],"neow_cost":"","seed_source_timestamp":0,"circlet_count":0,"master_deck":["Strike_B","Defend_B","Defend_B","Defend_B","Defend_B","Zap","Dualcast","Die Die Die","Die Die Die","Die Die Die","Die Die Die","Die Die Die","Backflip+1","Defragment+1","Go for the Eyes+1","Coolheaded","Defragment+1","Malaise","Conserve Battery+1","Glacier","Capacitor","Burst","Defragment+1","Parasite","Loop","Core Surge","Conserve Battery","Reinforced Body"],"special_seed":18034,"relics":["Bag of Marbles","Ancient Tea Set","Inserter","Anchor","Nilry\u0027s Codex","Pear","Nloth\u0027s Gift","Letter Opener","White Beast Statue","WingedGreaves","DollysMirror","Bag of Preparation","Blue Candle"],"potions_floor_usage":[22,22,27,29,35,50,50],"damage_taken":[{"damage":6,"enemies":"Jaw Worm","floor":1,"turns":2},{"damage":0,"enemies":"2 Louse","floor":3,"turns":1},{"damage":0,"enemies":"Small Slimes","floor":7,"turns":2},{"damage":10,"enemies":"Gremlin Nob","floor":10,"turns":3},{"damage":0,"enemies":"2 Fungi Beasts","floor":14,"turns":1},{"damage":13,"enemies":"The Guardian","floor":16,"turns":9},{"damage":11,"enemies":"Shell Parasite","floor":18,"turns":5},{"damage":8,"enemies":"2 Thieves","floor":20,"turns":2},{"damage":17,"enemies":"Snake Plant","floor":22,"turns":4},{"damage":3,"enemies":"Book of Stabbing","floor":23,"turns":8},{"damage":10,"enemies":"Sentry and Sphere","floor":25,"turns":7},{"damage":30,"enemies":"Shelled Parasite and Fungi","floor":27,"turns":9},{"damage":0,"enemies":"Centurion and Healer","floor":29,"turns":8},{"damage":4,"enemies":"3 Cultists","floor":30,"turns":4},{"damage":8,"enemies":"Automaton","floor":33,"turns":16},{"damage":5,"enemies":"3 Shapes","floor":35,"turns":4},{"damage":100,"enemies":"2 Orb Walkers","floor":36,"turns":7},{"damage":0,"enemies":"Orb Walker","floor":38,"turns":8},{"damage":14,"enemies":"Jaw Worm Horde","floor":41,"turns":2},{"damage":20,"enemies":"Writhing Mass","floor":46,"turns":12},{"damage":28,"enemies":"3 Darklings","floor":48,"turns":9},{"damage":3,"enemies":"Time Eater","floor":50,"turns":15}],"seed_played":"2607773541543886392","potions_obtained":[{"floor":1,"key":"SkillPotion"},{"floor":7,"key":"Ancient Potion"},{"floor":20,"key":"SkillPotion"},{"floor":25,"key":"Regen Potion"},{"floor":27,"key":"PowerPotion"},{"floor":29,"key":"FairyPotion"},{"floor":35,"key":"Fruit Juice"},{"floor":36,"key":"GamblersBrew"},{"floor":41,"key":"Swift Potion"},{"floor":46,"key":"FearPotion"},{"floor":48,"key":"LiquidBronze"}],"is_trial":false,"path_per_floor":["M","?","M","?","$","R","M","R","T","E","R","$","?","M","R","B",null,"M","$","M","?","M","E","?","M","T","M","$","M","M","?","R","B",null,"M","?","?","M","$","R","M","$","T","?","T","M","$","M","R","B",null],"character_chosen":"DEFECT","items_purchased":["Defragment","Coolheaded","Defragment","Anchor","DollysMirror","Loop","Core Surge","Conserve Battery"],"campfire_rested":3,"item_purchase_floors":[5,12,12,19,39,47,47,47],"current_hp_per_floor":[69,51,51,51,51,51,51,51,51,41,41,41,66,66,66,53,75,64,64,56,40,23,30,30,20,20,5,5,5,1,1,80,72,80,80,1,1,1,1,80,66,66,66,66,66,46,46,18,75,72],"gold":132,"neow_bonus":"","is_prod":false,"is_daily":true,"chose_seed":false,"campfire_upgraded":4,"win_rate":0,"timestamp":1558146162,"path_taken":["M","?","M","?","$","R","M","R","T","E","R","?","?","M","R","BOSS","M","$","M","?","M","E","?","M","T","?","?","?","M","?","R","BOSS","M","?","?","?","$","R","M","?","T","?","?","M","$","M","R","BOSS"],"build_version":"2019-01-23","purchased_purges":3,"victory":true,"max_hp_per_floor":[75,75,75,75,75,75,75,75,75,75,75,75,75,75,75,75,75,75,75,75,75,75,85,85,85,85,85,85,85,85,85,80,80,80,85,85,85,85,85,80,80,80,80,80,80,80,80,80,75,75],"card_choices":[{"not_picked":["All Out Attack","Outmaneuver","Poisoned Stab"],"picked":"SKIP","floor":1},{"not_picked":["Bane","Deflect"],"picked":"Backflip","floor":3},{"not_picked":["Expertise","Calculated Gamble"],"picked":"Go for the Eyes","floor":7},{"not_picked":["Slice","Flying Knee","Ball Lightning"],"picked":"SKIP","floor":10},{"not_picked":["Poisoned Stab","Skim","Infinite Blades"],"picked":"SKIP","floor":14},{"not_picked":["Biased Cognition","Rainbow"],"picked":"Malaise","floor":16},{"not_picked":["Flying Knee","All Out Attack","Slice"],"picked":"SKIP","floor":18},{"not_picked":["Rip and Tear","Dagger Spray"],"picked":"Conserve Battery+1","floor":20},{"not_picked":["Hologram","Calculated Gamble"],"picked":"Glacier","floor":22},{"not_picked":["Chaos","Beam Cell+1","Dagger Throw"],"picked":"SKIP","floor":23},{"not_picked":["Outmaneuver","Darkness","Chaos"],"picked":"SKIP","floor":25},{"not_picked":["PiercingWail","Chaos","Outmaneuver+1"],"picked":"SKIP","floor":27},{"not_picked":["Underhanded Strike","Double Energy+1"],"picked":"Capacitor","floor":29},{"not_picked":["Thunder Strike","Doom and Gloom+1"],"picked":"Burst","floor":30},{"not_picked":["Dagger Throw","Hologram","Stack"],"picked":"SKIP","floor":35},{"not_picked":["Go for the Eyes","Tempest+1","Redo"],"picked":"SKIP","floor":38},{"not_picked":["Turbo+1","Outmaneuver","Dagger Spray+1"],"picked":"SKIP","floor":41},{"not_picked":["Fusion","Accuracy","Cloak And Dagger+1"],"picked":"SKIP","floor":46},{"not_picked":["Tools of the Trade","Leap"],"picked":"Reinforced Body","floor":48}],"player_experience":582021,"relics_obtained":[{"floor":9,"key":"Bag of Marbles"},{"floor":10,"key":"Ancient Tea Set"},{"floor":21,"key":"Nilry\u0027s Codex"},{"floor":23,"key":"Pear"},{"floor":26,"key":"Letter Opener"},{"floor":36,"key":"WingedGreaves"},{"floor":43,"key":"Bag of Preparation"},{"floor":45,"key":"Blue Candle"}],"event_choices":[{"damage_healed":0,"gold_gain":0,"player_choice":"Take Damage","damage_taken":18,"relics_obtained":["Golden Idol"],"max_hp_gain":0,"max_hp_loss":0,"event_name":"Golden Idol","floor":2,"gold_loss":0},{"damage_healed":0,"gold_gain":0,"player_choice":"Ignored","damage_taken":0,"max_hp_gain":0,"max_hp_loss":0,"event_name":"Liars Game","floor":4,"gold_loss":0},{"damage_healed":25,"gold_gain":0,"player_choice":"Banana","damage_taken":0,"max_hp_gain":0,"max_hp_loss":0,"event_name":"Big Fish","floor":13,"gold_loss":0},{"damage_healed":0,"gold_gain":0,"player_choice":"Obtained Book","damage_taken":16,"max_hp_gain":0,"max_hp_loss":0,"event_name":"Cursed Tome","floor":21,"gold_loss":0},{"damage_healed":0,"gold_gain":0,"player_choice":"Traded Relic","damage_taken":0,"relics_obtained":["Nloth\u0027s Gift"],"max_hp_gain":0,"max_hp_loss":0,"event_name":"N\u0027loth","floor":24,"relics_lost":["Cracked Core"],"gold_loss":0},{"damage_healed":0,"gold_gain":99,"player_choice":"Stole From Cult","damage_taken":0,"max_hp_gain":0,"max_hp_loss":0,"event_name":"Nest","floor":31,"gold_loss":0},{"damage_healed":0,"gold_gain":0,"player_choice":"Fight","damage_taken":0,"max_hp_gain":0,"max_hp_loss":0,"event_name":"Mysterious Sphere","floor":36,"gold_loss":0},{"damage_healed":0,"gold_gain":0,"player_choice":"Ignored","damage_taken":0,"max_hp_gain":0,"max_hp_loss":0,"event_name":"Tomb of Lord Red Mask","floor":37,"gold_loss":0},{"damage_healed":0,"gold_gain":333,"player_choice":"Gave Idol","damage_taken":0,"max_hp_gain":0,"max_hp_loss":0,"event_name":"The Moai Head","floor":44,"relics_lost":["Golden Idol"],"gold_loss":0}],"is_beta":false,"boss_relics":[{"not_picked":["Snecko Eye","Calling Bell"],"picked":"Inserter"},{"not_picked":["Astrolabe","Eternal Feather"],"picked":"White Beast Statue"}],"items_purged_floors":[28,39,47],"is_endless":false,"potions_floor_spawned":[1,7,20,25,27,29,35,36,38,41,46,48],"ascension_level":0}