{"gold_per_floor":[110,110,110,128,53,53,71,82,107,107,121,34,8,28,28,130,130,140,151,151,171,187,187,203,203,229,247,247,262,262,262],"floor_reached":31,"playtime":2366,"items_purged":[],"score":231,"play_id":"328147d7-4c3c-4933-9f90-5949b319d358","local_time":"20190615170756","is_ascension_mode":false,"campfire_choices":[{"data":"Cleave","floor":6,"key":"SMITH"},{"data":"Anger","floor":10,"key":"SMITH"},{"data":"Armaments","floor":15,"key":"SMITH"},{"data":"Twin Strike","floor":23,"key":"SMITH"},{"floor":28,"key":"REST"}],"neow_cost":"NONE","seed_source_timestamp":10135948449800,"circlet_count":0,"master_deck":["Strike_R","Strike_R","Strike_R","Strike_R","Defend_R","Defend_R","Defend_R","Defend_R","Bash","Blind","Ghostly Armor","Pommel Strike","Shrug It Off","Cleave+1","Anger+1","Seeing Red","Flex","Bandage Up","Armaments+1","Rampage","Fiend Fire","Shockwave","Inflame+1","Twin Strike+1","Iron Wave+1","Clothesline","True Grit","Clash","Corruption+1"],"relics":["Black Blood","Omamori","Bag of Marbles"],"potions_floor_usage":[16,18,24,29,31],"damage_taken":[{"damage":3,"enemies":"2 Louse","floor":1,"turns":3},{"damage":0,"enemies":"Jaw Worm","floor":4,"turns":5},{"damage":0,"enemies":"Cultist","floor":7,"turns":4},{"damage":1,"enemies":"Blue Slaver","floor":8,"turns":5},{"damage":2,"enemies":"Looter","floor":11,"turns":3},{"damage":8,"enemies":"3 Louse","floor":14,"turns":3},{"damage":42,"enemies":"The Guardian","floor":16,"turns":15},{"damage":27,"enemies":"2 Thieves","floor":18,"turns":5},{"damage":31,"enemies":"Spheric Guardian","floor":19,"turns":8},{"damage":26,"enemies":"Centurion and Healer","floor":21,"turns":7},{"damage":25,"enemies":"Snake Plant","floor":22,"turns":5},{"damage":32,"enemies":"Chosen and Byrds","floor":24,"turns":8},{"damage":43,"enemies":"3 Cultists","floor":27,"turns":7},{"damage":23,"enemies":"Snake Plant","floor":29,"turns":5},{"damage":34,"enemies":"Book of Stabbing","floor":31,"turns":4}],"seed_played":"6996522989256478492","potions_obtained":[{"floor":7,"key":"SteroidPotion"},{"floor":8,"key":"SteroidPotion"},{"floor":11,"key":"Explosive Potion"},{"floor":19,"key":"GamblersBrew"},{"floor":22,"key":"Regen Potion"}],"is_trial":false,"path_per_floor":["M","?","?","M","$","R","M","M","T","R","M","$","$","M","R","B",null,"M","M","?","M","M","R","M","?","T","M","R","M","?","E"],"character_chosen":"IRONCLAD","items_purchased":["Shrug It Off","Cleave","Bandage Up","Armaments"],"campfire_rested":1,"item_purchase_floors":[5,5,12,13],"current_hp_per_floor":[80,73,78,84,84,84,85,85,85,85,85,85,85,83,83,51,85,72,55,83,71,62,62,61,61,61,32,57,48,32,0],"gold":262,"neow_bonus":"RANDOM_COLORLESS","is_prod":false,"is_daily":false,"chose_seed":false,"campfire_upgraded":4,"win_rate":0.0,"timestamp":1560614876,"path_taken":["M","?","?","M","$","R","M","M","T","R","M","?","$","M","R","BOSS","M","M","?","M","M","R","M","?","T","?","R","M","?","E"],"build_version":"2019-01-23","purchased_purges":0,"victory":false,"max_hp_per_floor":[80,80,85,85,85,85,85,85,85,85,85,85,85,85,85,85,85,85,85,85,85,85,85,85,85,85,85,85,85,90,90],"card_choices":[{"not_picked":["Flex","Fire Breathing"],"picked":"Ghostly Armor","floor":1},{"not_picked":["Flex","Rupture"],"picked":"Pommel Strike","floor":4},{"not_picked":["Perfected Strike","Searing Blow"],"picked":"Anger","floor":7},{"not_picked":["Thunderclap","Heavy Blade"],"picked":"Seeing Red","floor":8},{"not_picked":["Headbutt","Warcry"],"picked":"Flex","floor":11},{"not_picked":["Anger","Ghostly Armor"],"picked":"Rampage","floor":14},{"not_picked":["Demon Form","Impervious"],"picked":"Fiend Fire","floor":16},{"not_picked":["Flex","Sword Boomerang+1"],"picked":"Shockwave","floor":18},{"not_picked":["Intimidate","Iron Wave"],"picked":"Inflame+1","floor":19},{"not_picked":["Rampage","Blood for Blood"],"picked":"Twin Strike","floor":21},{"not_picked":["Rampage","Anger"],"picked":"Iron Wave+1","floor":22},{"not_picked":["Armaments","Iron Wave"],"picked":"Clothesline","floor":24},{"not_picked":["Inflame","Sword Boomerang"],"picked":"Clash","floor":27},{"not_picked":["Armaments","Headbutt"],"picked":"Corruption+1","floor":29}],"player_experience":27276,"relics_obtained":[{"floor":9,"key":"Omamori"},{"floor":26,"key":"Bag of Marbles"}],"event_choices":[{"cards_removed":["Strike_R"],"damage_healed":0,"gold_gain":0,"player_choice":"Card Removal","damage_taken":7,"max_hp_gain":0,"max_hp_loss":0,"event_name":"Golden Wing","floor":2,"gold_loss":0},{"damage_healed":0,"gold_gain":0,"player_choice":"Donut","damage_taken":0,"max_hp_gain":5,"max_hp_loss":0,"event_name":"Big Fish","floor":3,"gold_loss":0},{"damage_healed":28,"gold_gain":0,"player_choice":"Heal","damage_taken":0,"max_hp_gain":0,"max_hp_loss":0,"event_name":"The Library","floor":20,"gold_loss":0},{"damage_healed":0,"gold_gain":0,"player_choice":"1 cards matched","damage_taken":0,"max_hp_gain":0,"max_hp_loss":0,"event_name":"Match and Keep!","floor":25,"gold_loss":0,"cards_obtained":["True Grit"]},{"damage_healed":0,"gold_gain":0,"player_choice":"Shed Blood","damage_taken":21,"max_hp_gain":5,"max_hp_loss":0,"event_name":"Forgotten Altar","floor":30,"gold_loss":0}],"is_beta":false,"boss_relics":[{"not_picked":["Calling Bell","Sozu"],"picked":"Black Blood"}],"items_purged_floors":[],"is_endless":false,"potions_floor_spawned":[7,8,11,19,22],"killed_by":"Book of Stabbing","ascension_level":0}