{"gold_per_floor":[117,117,39,57,69,69,93,18,18,31,62,81,96,61,61,138,138,156,156,206,222,239,239,271,286,286,286],"floor_reached":27,"playtime":3330,"items_purged":[],"score":388,"play_id":"e93c38bc-8e21-46e4-9d27-a4a4a3014723","local_time":"20190401211947","is_ascension_mode":true,"campfire_choices":[{"data":"Envenom","floor":6,"key":"SMITH"},{"data":"Bouncing Flask","floor":15,"key":"SMITH"},{"floor":23,"key":"REST"}],"neow_cost":"NONE","seed_source_timestamp":1688807234561029,"circlet_count":0,"master_deck":["AscendersBane","Defend_G","Defend_G","Defend_G","Defend_G","Defend_G","Strike_G","Strike_G","Strike_G","Strike_G","Strike_G","Survivor","Neutralize","Cloak And Dagger","Caltrops","Deadly Poison","Envenom+1","Bouncing Flask+1","Crippling Poison","Crippling Poison","Cloak And Dagger","Crippling Poison","Cloak And Dagger","Escape Plan","Escape Plan","Adrenaline","Writhe","Blur","Catalyst"],"relics":["Ring of the Snake","NeowsBlessing","Odd Mushroom","Prayer Wheel","Lantern","Cursed Key","Oddly Smooth Stone","Molten Egg 2"],"potions_floor_usage":[7,16,16,24,24],"damage_taken":[{"damage":0,"enemies":"Jaw Worm","floor":1,"turns":1},{"damage":0,"enemies":"Small Slimes","floor":4,"turns":1},{"damage":0,"enemies":"Cultist","floor":5,"turns":1},{"damage":30,"enemies":"The Mushroom Lair","floor":7,"turns":6},{"damage":4,"enemies":"Large Slime","floor":10,"turns":6},{"damage":18,"enemies":"3 Sentries","floor":11,"turns":8},{"damage":7,"enemies":"Exordium Wildlife","floor":12,"turns":5},{"damage":6,"enemies":"Lots of Slimes","floor":13,"turns":2},{"damage":7,"enemies":"The Guardian","floor":16,"turns":8},{"damage":0,"enemies":"3 Byrds","floor":18,"turns":3},{"damage":16,"enemies":"Spheric Guardian","floor":21,"turns":4},{"damage":3,"enemies":"Centurion and Healer","floor":22,"turns":6},{"damage":30,"enemies":"Slavers","floor":24,"turns":5},{"damage":16,"enemies":"Cultist and Chosen","floor":25,"turns":6},{"damage":8,"enemies":"Snake Plant","floor":27,"turns":3}],"seed_played":"-1040157202697512183","potions_obtained":[{"floor":5,"key":"EssenceOfSteel"},{"floor":11,"key":"Dexterity Potion"},{"floor":13,"key":"Fire Potion"},{"floor":16,"key":"FearPotion"},{"floor":18,"key":"Energy Potion"}],"is_trial":false,"path_per_floor":["M","?","$","M","M","R","?","$","T","M","E","M","M","?","R","B",null,"M","?","T","M","M","R","E","M","T","M"],"character_chosen":"THE_SILENT","items_purchased":["Caltrops","Bouncing Flask"],"campfire_rested":1,"item_purchase_floors":[3,8],"current_hp_per_floor":[63,68,68,68,68,68,38,38,38,34,16,9,3,21,21,14,60,60,46,46,30,27,51,21,5,5,0],"gold":286,"neow_bonus":"THREE_ENEMY_KILL","is_prod":false,"is_daily":false,"chose_seed":false,"campfire_upgraded":2,"win_rate":0,"timestamp":1554178787,"path_taken":["M","?","$","M","M","R","?","?","T","M","E","M","?","?","R","BOSS","M","?","?","?","M","R","E","M","T","M"],"build_version":"2019-01-23","purchased_purges":0,"victory":false,"max_hp_per_floor":[70,75,75,75,75,75,75,75,75,75,75,75,75,75,75,75,75,75,80,80,80,80,80,80,80,80,80],"card_choices":[{"not_picked":["Blade Dance","Flying Knee"],"picked":"Cloak And Dagger","floor":1},{"not_picked":["Sucker Punch","Dodge and Roll"],"picked":"Deadly Poison","floor":4},{"not_picked":["Cloak And Dagger","Backflip"],"picked":"Envenom","floor":5},{"not_picked":["Cloak And Dagger","Dagger Throw"],"picked":"Crippling Poison","floor":10},{"not_picked":["Infinite Blades","Blade Dance"],"picked":"Crippling Poison","floor":10},{"not_picked":["Accuracy","Choke"],"picked":"Cloak And Dagger","floor":11},{"not_picked":["Blade Dance","Finisher"],"picked":"Crippling Poison","floor":12},{"not_picked":["Dash","Dagger Spray"],"picked":"Cloak And Dagger","floor":12},{"not_picked":["PiercingWail","Acrobatics"],"picked":"Escape Plan","floor":13},{"not_picked":["Flechettes","Riddle With Holes"],"picked":"Escape Plan","floor":13},{"not_picked":["Unload","Die Die Die"],"picked":"Adrenaline","floor":16},{"not_picked":["Choke","Finisher+1","Sucker Punch"],"picked":"SKIP","floor":18},{"not_picked":["Endless Agony","All Out Attack","Outmaneuver"],"picked":"SKIP","floor":18},{"not_picked":["Poisoned Stab","Outmaneuver+1"],"picked":"Blur","floor":21},{"not_picked":["Backflip","Infinite Blades"],"picked":"Catalyst","floor":21},{"not_picked":["Finisher","Poisoned Stab+1","Concentrate"],"picked":"SKIP","floor":22},{"not_picked":["Acrobatics","Accuracy","Phantasmal Killer"],"picked":"SKIP","floor":22},{"not_picked":["Concentrate","Acrobatics","Underhanded Strike"],"picked":"SKIP","floor":24},{"not_picked":["Slice+1","Prepared","Finisher+1"],"picked":"SKIP","floor":25},{"not_picked":["Flechettes+1","Poisoned Stab+1","Blade Dance+1"],"picked":"SKIP","floor":25}],"player_experience":553274,"relics_obtained":[{"floor":7,"key":"Odd Mushroom"},{"floor":9,"key":"Prayer Wheel"},{"floor":11,"key":"Lantern"},{"floor":20,"key":"Oddly Smooth Stone"},{"floor":24,"key":"Molten Egg 2"}],"event_choices":[{"damage_healed":0,"gold_gain":0,"player_choice":"Donut","damage_taken":0,"max_hp_gain":5,"max_hp_loss":0,"event_name":"Big Fish","floor":2,"gold_loss":0},{"damage_healed":0,"gold_gain":0,"player_choice":"Fought Mushrooms","damage_taken":0,"max_hp_gain":0,"max_hp_loss":0,"event_name":"Mushrooms","floor":7,"gold_loss":0},{"damage_healed":18,"gold_gain":0,"player_choice":"Healed","damage_taken":0,"max_hp_gain":0,"max_hp_loss":0,"event_name":"The Cleric","floor":14,"gold_loss":35},{"damage_healed":0,"gold_gain":0,"player_choice":"Shed Blood","damage_taken":19,"max_hp_gain":5,"max_hp_loss":0,"event_name":"Forgotten Altar","floor":19,"gold_loss":0}],"is_beta":false,"boss_relics":[{"not_picked":["Empty Cage","Calling Bell"],"picked":"Cursed Key"}],"items_purged_floors":[],"is_endless":false,"potions_floor_spawned":[5,11,13,16,18],"killed_by":"Snake Plant","ascension_level":13}