{"gold_per_floor":[115,115,40,40,60,60,85,85,109,127,147,21,49,59,59,133,133,146,160,360,280,299,299,42,57,81,107,107,107,122,157,157,235,235,249,81,0,0,20,20,37,37,37,52,67,67,87,122,122,122],"floor_reached":51,"playtime":3814,"items_purged":["Strike_R","Strike_R"],"score":1286,"play_id":"e9f31f6e-adfa-4cf4-b10f-feba57f0b284","local_time":"20190605141940","is_ascension_mode":true,"campfire_choices":[{"data":"Whirlwind","floor":6.0,"key":"SMITH"},{"data":"Bash","floor":8.0,"key":"SMITH"},{"floor":15.0,"key":"REST"},{"floor":23.0,"key":"REST"},{"floor":29.0,"key":"REST"},{"floor":32.0,"key":"REST"},{"floor":40.0,"key":"REST"},{"floor":42.0,"key":"REST"},{"floor":49,"key":"REST"}],"neow_cost":"NONE","seed_source_timestamp":1793735635656451,"circlet_count":0,"master_deck":["AscendersBane","Bash+1","Whirlwind+1","Twin Strike","Spot Weakness","Disarm","Exhume","Metallicize","Clothesline","Inflame+1","Shrug It Off+1","Offering","True Grit","Dual Wield","Bludgeon","Thunderclap","Feel No Pain","Flame Barrier","Battle Trance","Metallicize","Battle Trance","Disarm"],"special_seed":0,"relics":["Burning Blood","The Courier","Red Skull","Bag of Marbles","Fusion Hammer","Nunchaku","Potion Belt","PreservedInsect","Strawberry","Pandora\u0027s Box","Red Mask","Paper Frog","Art of War"],"potions_floor_usage":[47,48,50,50],"damage_taken":[{"damage":9.0,"enemies":"Jaw Worm","floor":1.0,"turns":5.0},{"damage":0.0,"enemies":"2 Louse","floor":5.0,"turns":1.0},{"damage":15.0,"enemies":"3 Sentries","floor":7.0,"turns":5.0},{"damage":1.0,"enemies":"Cultist","floor":10.0,"turns":3.0},{"damage":19.0,"enemies":"Exordium Thugs","floor":11.0,"turns":4.0},{"damage":39.0,"enemies":"Gremlin Nob","floor":13.0,"turns":4.0},{"damage":8.0,"enemies":"Blue Slaver","floor":14.0,"turns":4.0},{"damage":18.0,"enemies":"The Guardian","floor":16.0,"turns":11.0},{"damage":23.0,"enemies":"Shell Parasite","floor":18.0,"turns":5.0},{"damage":0.0,"enemies":"Chosen","floor":19.0,"turns":5.0},{"damage":12.0,"enemies":"Centurion and Healer","floor":22.0,"turns":9.0},{"damage":33.0,"enemies":"Shelled Parasite and Fungi","floor":25.0,"turns":5.0},{"damage":7.0,"enemies":"Slavers","floor":27.0,"turns":3.0},{"damage":12.0,"enemies":"Snake Plant","floor":30.0,"turns":4.0},{"damage":20.0,"enemies":"Gremlin Leader","floor":31.0,"turns":6.0},{"damage":56.0,"enemies":"Champ","floor":33.0,"turns":13.0},{"damage":41.0,"enemies":"3 Shapes","floor":35.0,"turns":3.0},{"damage":9.0,"enemies":"Orb Walker","floor":39.0,"turns":3.0},{"damage":18.0,"enemies":"Transient","floor":41.0,"turns":6.0},{"damage":13.0,"enemies":"4 Shapes","floor":44.0,"turns":7.0},{"damage":37,"enemies":"Spire Growth","floor":45,"turns":5},{"damage":8,"enemies":"Maw","floor":47,"turns":8},{"damage":9,"enemies":"Nemesis","floor":48,"turns":4},{"damage":49,"enemies":"Time Eater","floor":50,"turns":15}],"seed_played":"2982741409147465923","potions_obtained":[{"floor":0.0,"key":"Fire Potion"},{"floor":0.0,"key":"GamblersBrew"},{"floor":5.0,"key":"BloodPotion"},{"floor":7.0,"key":"PowerPotion"},{"floor":14.0,"key":"Poison Potion"},{"floor":18.0,"key":"SpeedPotion"},{"floor":19.0,"key":"Dexterity Potion"},{"floor":33.0,"key":"Dexterity Potion"},{"floor":45,"key":"EssenceOfSteel"},{"floor":47,"key":"Regen Potion"},{"floor":48,"key":"Poison Potion"}],"is_trial":false,"path_per_floor":["M","?","?","?","M","R","E","R","T","M","M","$","E","M","R","B",null,"M","M","?","$","M","R","$","M","T","E","?","R","M","E","R","B",null,"M","$","?","?","M","R","M","R","T","M","M","?","M","E","R","B",null],"character_chosen":"IRONCLAD","items_purchased":["Disarm","Nunchaku","Feel No Pain","Flame Barrier","Block Potion"],"campfire_rested":7,"item_purchase_floors":[12,24,36,36,36],"current_hp_per_floor":[65,58,58,58,64,64,55,55,55,60,47,47,21,19,41,29,64,47,53,53,53,47,69,69,42,42,41,41,63,57,50,74,24,68,33,33,33,33,30,54,42,66,66,59,28,28,26,35,59,16],"gold":122,"neow_bonus":"THREE_SMALL_POTIONS","is_prod":false,"is_daily":false,"chose_seed":false,"campfire_upgraded":2,"win_rate":0,"timestamp":1559737180,"path_taken":["M","?","?","?","M","R","E","R","T","M","M","$","E","M","R","BOSS","M","M","?","?","M","R","$","?","T","E","?","R","M","E","R","BOSS","M","$","?","?","M","R","M","R","T","M","M","?","?","E","R","BOSS"],"build_version":"2019-01-23","purchased_purges":2,"victory":true,"max_hp_per_floor":[75,75,75,75,75,75,75,75,75,75,75,75,75,75,75,75,75,75,75,75,75,75,75,75,75,75,75,75,75,75,82,82,82,82,82,82,82,82,82,82,82,82,82,82,82,82,82,82,82,82],"card_choices":[{"not_picked":["Fire Breathing","Sentinel"],"picked":"Whirlwind","floor":1.0},{"not_picked":["Intimidate","Reckless Charge"],"picked":"Twin Strike","floor":5.0},{"not_picked":["Dropkick","Second Wind","Combust"],"picked":"SKIP","floor":7.0},{"not_picked":["Clothesline","Thunderclap"],"picked":"Spot Weakness","floor":10.0},{"not_picked":["Body Slam","Iron Wave","Flex"],"picked":"SKIP","floor":11.0},{"not_picked":["Thunderclap","Cleave","Carnage"],"picked":"SKIP","floor":13.0},{"not_picked":["Perfected Strike","Wild Strike","Pommel Strike"],"picked":"SKIP","floor":14.0},{"not_picked":["Brutality","Fiend Fire"],"picked":"Exhume","floor":16.0},{"not_picked":["Power Through","Havoc"],"picked":"Metallicize","floor":18.0},{"not_picked":["Sword Boomerang","Pommel Strike"],"picked":"Clothesline","floor":19.0},{"not_picked":["Whirlwind","Havoc"],"picked":"Inflame+1","floor":22.0},{"not_picked":["Immolate","Havoc"],"picked":"Shrug It Off+1","floor":25.0},{"not_picked":["Seeing Red","True Grit","Body Slam"],"picked":"SKIP","floor":27.0},{"not_picked":["Clash+1","Searing Blow+1","Bloodletting"],"picked":"SKIP","floor":30.0},{"not_picked":["Anger","Searing Blow","Ghostly Armor"],"picked":"SKIP","floor":31.0},{"not_picked":["Barricade","Bludgeon"],"picked":"Offering","floor":33.0},{"not_picked":["Havoc","Cleave+1","Searing Blow"],"picked":"SKIP","floor":35.0},{"not_picked":["Body Slam+1","True Grit"],"picked":"Battle Trance","floor":39.0},{"not_picked":["Whirlwind","Intimidate","Pommel Strike"],"picked":"SKIP","floor":41.0},{"not_picked":["Rage","Bloodletting"],"picked":"Metallicize","floor":44.0},{"not_picked":["Wild Strike+1","Perfected Strike"],"picked":"Battle Trance","floor":45},{"not_picked":["Clothesline","Warcry"],"picked":"Disarm","floor":47},{"not_picked":["True Grit","Iron Wave","Dropkick+1"],"picked":"SKIP","floor":48}],"player_experience":803538,"relics_obtained":[{"floor":7.0,"key":"The Courier"},{"floor":9.0,"key":"Red Skull"},{"floor":13.0,"key":"Bag of Marbles"},{"floor":26.0,"key":"Potion Belt"},{"floor":27.0,"key":"PreservedInsect"},{"floor":31.0,"key":"Strawberry"},{"floor":43.0,"key":"Paper Frog"},{"floor":48,"key":"Art of War"}],"event_choices":[{"cards_removed":["Strike_R"],"damage_healed":0.0,"max_hp_gain":0.0,"max_hp_loss":0.0,"gold_gain":0.0,"event_name":"Golden Wing","player_choice":"Card Removal","floor":2.0,"gold_loss":0.0,"damage_taken":7.0},{"cards_removed":["Strike_R"],"damage_healed":0.0,"max_hp_gain":0.0,"max_hp_loss":0.0,"gold_gain":0.0,"event_name":"The Cleric","player_choice":"Card Removal","floor":3.0,"gold_loss":75.0,"damage_taken":0.0},{"damage_healed":0.0,"max_hp_gain":0.0,"max_hp_loss":0.0,"gold_gain":0.0,"event_name":"Liars Game","player_choice":"Ignored","floor":4.0,"gold_loss":0.0,"damage_taken":0.0},{"damage_healed":0.0,"max_hp_gain":0.0,"max_hp_loss":0.0,"gold_gain":250.0,"event_name":"The Joust","player_choice":"Bet on Owner","floor":20.0,"gold_loss":50.0,"damage_taken":0.0},{"damage_healed":0.0,"max_hp_gain":0.0,"max_hp_loss":0.0,"gold_gain":0.0,"event_name":"Ghosts","player_choice":"Ignored","floor":28.0,"gold_loss":0.0,"damage_taken":0.0},{"damage_healed":0.0,"max_hp_gain":0.0,"max_hp_loss":0.0,"gold_gain":0.0,"event_name":"Tomb of Lord Red Mask","player_choice":"Paid","floor":37.0,"gold_loss":81.0,"damage_taken":0.0,"relics_obtained":["Red Mask"]},{"damage_healed":0.0,"max_hp_gain":0.0,"max_hp_loss":0.0,"gold_gain":0.0,"event_name":"The Moai Head","player_choice":"Ignored","floor":38.0,"gold_loss":0.0,"damage_taken":0.0},{"cards_removed":["Whirlwind"],"damage_healed":0,"gold_gain":0,"player_choice":"Purged","damage_taken":0,"max_hp_gain":0,"max_hp_loss":0,"event_name":"Purifier","floor":46,"gold_loss":0}],"is_beta":false,"boss_relics":[{"not_picked":["Astrolabe","Tiny House"],"picked":"Fusion Hammer"},{"not_picked":["Coffee Dripper","Calling Bell"],"picked":"Pandora\u0027s Box"}],"items_purged_floors":[12,21],"is_endless":false,"potions_floor_spawned":[5,7,11,14,18,19,33,45,47,48],"ascension_level":18}