{"gold_per_floor":[110,130,2,14,24,24,42,67,67,20,20],"floor_reached":11,"playtime":287,"items_purged":[],"score":109,"play_id":"f1a690a1-5987-4b92-b696-47952876d926","local_time":"20190125183132","is_ascension_mode":true,"campfire_choices":[{"data":"Noxious Fumes","floor":6,"key":"SMITH"}],"neow_cost":"NONE","seed_source_timestamp":1495279128080153,"circlet_count":0,"master_deck":["Defend_G","Defend_G","Defend_G","Defend_G","Defend_G","Strike_G","Strike_G","Strike_G","Strike_G","Strike_G","Survivor","Neutralize","Predator","Noxious Fumes+1","Deadly Poison","Deadly Poison","Malaise","Backflip"],"relics":["Ring of the Snake","NeowsBlessing","Question Card","Ancient Tea Set"],"potions_floor_usage":[7,8,11],"damage_taken":[{"damage":0,"enemies":"Small Slimes","floor":1,"turns":1},{"damage":0,"enemies":"2 Louse","floor":2,"turns":1},{"damage":0,"enemies":"Cultist","floor":4,"turns":1},{"damage":6,"enemies":"2 Fungi Beasts","floor":5,"turns":4},{"damage":10,"enemies":"Red Slaver","floor":7,"turns":4},{"damage":24,"enemies":"Gremlin Nob","floor":8,"turns":4},{"damage":33,"enemies":"Lagavulin Event","floor":11,"turns":5}],"seed_played":"2269425795402676941","potions_obtained":[{"floor":2,"key":"Block Potion"},{"floor":4,"key":"FearPotion"},{"floor":7,"key":"Swift Potion"}],"is_trial":false,"path_per_floor":["M","M","$","M","M","R","M","E","T","$","?"],"character_chosen":"THE_SILENT","items_purchased":["Noxious Fumes","Deadly Poison","Backflip"],"campfire_rested":0,"item_purchase_floors":[3,3,10],"current_hp_per_floor":[63,63,63,63,57,57,47,23,23,23,0],"gold":20,"neow_bonus":"THREE_ENEMY_KILL","is_prod":false,"is_daily":false,"chose_seed":false,"campfire_upgraded":1,"win_rate":0,"timestamp":1548469892,"path_taken":["M","M","$","M","M","R","M","E","T","$","?"],"build_version":"2019-01-23","purchased_purges":0,"victory":false,"max_hp_per_floor":[70,70,70,70,70,70,70,70,70,70,70],"card_choices":[{"not_picked":["Dagger Throw","Sucker Punch","Slice"],"picked":"SKIP","floor":1},{"not_picked":["Storm of Steel","Cloak And Dagger"],"picked":"Predator","floor":2},{"not_picked":["Choke","Deflect","Dagger Throw"],"picked":"SKIP","floor":4},{"not_picked":["Expertise","Dagger Throw"],"picked":"Deadly Poison","floor":5},{"not_picked":["Sucker Punch","PiercingWail"],"picked":"Malaise","floor":7},{"not_picked":["Die Die Die","Outmaneuver","Distraction"],"picked":"SKIP","floor":8}],"player_experience":397678,"relics_obtained":[{"floor":8,"key":"Question Card"},{"floor":9,"key":"Ancient Tea Set"}],"event_choices":[{"damage_healed":0,"gold_gain":0,"player_choice":"Searched \u00272\u0027 times","damage_taken":0,"max_hp_gain":0,"max_hp_loss":0,"event_name":"Dead Adventurer","floor":11,"gold_loss":0}],"is_beta":false,"boss_relics":[],"items_purged_floors":[],"is_endless":false,"potions_floor_spawned":[2,4,7],"killed_by":"Lagavulin Event","ascension_level":9}