{"gold_per_floor":[110,125,50,60,71,71,90,90,90,121,121,121,53,73,73,170,170,183,196,28,42,42,42,42,77,77,77,92,108,0,0],"floor_reached":31,"playtime":1368,"items_purged":["Strike_G","Strike_G"],"score":334,"play_id":"2fa15b76-4a51-4f03-a43c-77649da6b763","local_time":"20190106133821","is_ascension_mode":true,"campfire_choices":[{"data":"Bouncing Flask","floor":6,"key":"SMITH"},{"floor":12,"key":"REST"},{"data":"Predator","floor":15,"key":"SMITH"},{"data":"Noxious Fumes","floor":23,"key":"SMITH"}],"neow_cost":"NONE","seed_source_timestamp":34781275806097,"circlet_count":0,"master_deck":["Defend_G","Defend_G","Defend_G","Defend_G","Defend_G","Strike_G","Strike_G","Survivor","Neutralize","Cloak And Dagger","Bouncing Flask+1","Backflip","Predator+1","Backflip","Crippling Poison","Well Laid Plans","Bullet Time","Footwork","Noxious Fumes+1","Crippling Poison","Blur","Noxious Fumes+1","Malaise"],"relics":["Ring of the Snake","Gremlin Horn","Molten Egg 2","Sozu","Bottled Tornado"],"potions_floor_usage":[10],"damage_taken":[{"damage":1,"enemies":"Small Slimes","floor":1,"turns":4},{"damage":0,"enemies":"2 Louse","floor":2,"turns":3},{"damage":0,"enemies":"Jaw Worm","floor":4,"turns":4},{"damage":7,"enemies":"3 Louse","floor":5,"turns":4},{"damage":5,"enemies":"Looter","floor":7,"turns":3},{"damage":25,"enemies":"Lagavulin","floor":10,"turns":4},{"damage":5,"enemies":"Exordium Wildlife","floor":14,"turns":3},{"damage":29,"enemies":"The Guardian","floor":16,"turns":9},{"damage":14,"enemies":"3 Byrds","floor":18,"turns":5},{"damage":0,"enemies":"Spheric Guardian","floor":19,"turns":3},{"damage":2,"enemies":"Cultist and Chosen","floor":21,"turns":5},{"damage":25,"enemies":"Slavers","floor":25,"turns":5},{"damage":11,"enemies":"Shelled Parasite and Fungi","floor":28,"turns":5},{"damage":6,"enemies":"Snake Plant","floor":29,"turns":5},{"damage":4,"enemies":"3 Cultists","floor":31,"turns":2}],"seed_played":"9030253418048601066","potions_obtained":[{"floor":2,"key":"AttackPotion"},{"floor":4,"key":"AttackPotion"},{"floor":10,"key":"GamblersBrew"}],"is_trial":false,"path_per_floor":["M","M","$","M","M","R","M","?","T","E","?","R","$","M","R","B",null,"M","M","$","M","?","R","$","E","T","?","M","M","?","M"],"character_chosen":"THE_SILENT","items_purchased":["Crippling Poison","Noxious Fumes"],"campfire_rested":1,"item_purchase_floors":[13,20],"current_hp_per_floor":[62,62,62,62,55,55,50,55,55,30,30,52,52,47,47,18,61,47,47,47,45,45,45,45,20,20,20,9,3,3,0],"gold":0,"neow_bonus":"REMOVE_CARD","is_prod":false,"is_daily":false,"chose_seed":false,"campfire_upgraded":3,"win_rate":0,"timestamp":1546810701,"path_taken":["M","M","$","M","M","R","M","?","T","E","?","R","$","M","R","BOSS","M","M","$","M","?","R","$","E","T","?","M","M","?","?"],"build_version":"2019-01-03v4","purchased_purges":2,"victory":false,"max_hp_per_floor":[70,70,70,70,70,70,70,75,75,75,75,75,75,75,75,75,75,75,75,75,75,75,75,75,75,75,75,75,75,75,75],"card_choices":[{"not_picked":["Dagger Spray","Quick Slash"],"picked":"Cloak And Dagger","floor":1},{"not_picked":["PiercingWail","Blade Dance"],"picked":"Bouncing Flask","floor":2},{"not_picked":["Flying Knee","Bane"],"picked":"Backflip","floor":4},{"not_picked":["PiercingWail","Bane"],"picked":"Predator","floor":5},{"not_picked":["Outmaneuver","Dagger Spray","Dagger Throw"],"picked":"SKIP","floor":7},{"not_picked":["Glass Knife","Bane"],"picked":"Backflip","floor":10},{"not_picked":["Bane+1","Dagger Spray+1"],"picked":"Well Laid Plans","floor":14},{"not_picked":["Grand Finale+1","Unload+1"],"picked":"Bullet Time","floor":16},{"not_picked":["Prepared","Eviscerate+1"],"picked":"Footwork","floor":18},{"not_picked":["PiercingWail","Deflect","Dagger Spray+1"],"picked":"SKIP","floor":19},{"not_picked":["Dagger Spray+1","Blade Dance+1"],"picked":"Crippling Poison","floor":21},{"not_picked":["Blur","Endless Agony+1","Quick Slash+1"],"picked":"SKIP","floor":25},{"not_picked":["Endless Agony+1","Quick Slash+1"],"picked":"Blur","floor":25},{"not_picked":["Outmaneuver","Deadly Poison"],"picked":"Noxious Fumes+1","floor":28},{"not_picked":["Eviscerate+1","Crippling Poison"],"picked":"Malaise","floor":29}],"player_experience":282988,"relics_obtained":[{"floor":9,"key":"Gremlin Horn"},{"floor":10,"key":"Molten Egg 2"},{"floor":25,"key":"Bottled Tornado"}],"event_choices":[{"damage_healed":0,"gold_gain":0,"player_choice":"Donut","damage_taken":0,"max_hp_gain":5,"max_hp_loss":0,"event_name":"Big Fish","floor":8,"gold_loss":0},{"damage_healed":0,"gold_gain":0,"player_choice":"Ignored","damage_taken":0,"max_hp_gain":0,"max_hp_loss":0,"event_name":"Liars Game","floor":11,"gold_loss":0},{"damage_healed":0,"gold_gain":0,"player_choice":"Ignored","damage_taken":0,"max_hp_gain":0,"max_hp_loss":0,"event_name":"Vampires","floor":22,"gold_loss":0},{"damage_healed":0,"gold_gain":0,"player_choice":"Ignored","damage_taken":0,"max_hp_gain":0,"max_hp_loss":0,"event_name":"Ghosts","floor":27,"gold_loss":0},{"damage_healed":0,"gold_gain":0,"player_choice":"Paid Fearfully","damage_taken":0,"max_hp_gain":0,"max_hp_loss":0,"event_name":"Masked Bandits","floor":30,"gold_loss":108}],"is_beta":false,"boss_relics":[{"not_picked":["Orrery","Ectoplasm"],"picked":"Sozu"}],"items_purged_floors":[3,20],"is_endless":false,"potions_floor_spawned":[2,4,10,18,19,29],"killed_by":"3 Cultists","ascension_level":6}