{"gold_per_floor":[113,41,41,53,14,28,28,28,28,28,63,78,78,78,78,179,179,189,189,32,49,61,61,93,107,130,130],"floor_reached":27,"playtime":4607,"items_purged":["Strike_G"],"score":393,"play_id":"9534e152-8779-4029-aa8c-87244b2b38de","local_time":"20190119124331","is_ascension_mode":true,"campfire_choices":[{"data":"Noxious Fumes","floor":7,"key":"SMITH"},{"data":"Footwork","floor":10,"key":"SMITH"},{"data":"Cloak And Dagger","floor":13,"key":"SMITH"},{"data":"Infinite Blades","floor":15,"key":"SMITH"},{"data":"Noxious Fumes","floor":23,"key":"SMITH"}],"neow_cost":"NONE","seed_source_timestamp":951675787535394,"circlet_count":0,"master_deck":["Defend_G","Defend_G","Defend_G","Defend_G","Defend_G","Strike_G","Strike_G","Strike_G+1","Survivor","Neutralize","Footwork+1","Cloak And Dagger+1","Noxious Fumes+1","Blur","Blur","Infinite Blades+1","Backflip","Burst","Noxious Fumes+1","Noxious Fumes","Acrobatics","Crippling Poison","Deadly Poison"],"relics":["Ring of the Snake","Mummified Hand","Anchor","Black Star","Happy Flower","FossilizedHelix","Pen Nib"],"potions_floor_usage":[11,24,24,27],"damage_taken":[{"damage":1,"enemies":"Jaw Worm","floor":1,"turns":5},{"damage":3,"enemies":"2 Louse","floor":4,"turns":3},{"damage":2,"enemies":"Small Slimes","floor":6,"turns":5},{"damage":6,"enemies":"Lagavulin","floor":11,"turns":6},{"damage":0,"enemies":"Looter","floor":12,"turns":4},{"damage":0,"enemies":"Hexaghost","floor":16,"turns":11},{"damage":4,"enemies":"Spheric Guardian","floor":18,"turns":8},{"damage":5,"enemies":"Chosen","floor":21,"turns":6},{"damage":0,"enemies":"Snecko","floor":22,"turns":7},{"damage":7,"enemies":"Book of Stabbing","floor":24,"turns":6},{"damage":8,"enemies":"Snake Plant","floor":25,"turns":6},{"damage":53,"enemies":"Slavers","floor":27,"turns":4}],"seed_played":"3460804481815214494","potions_obtained":[{"floor":4,"key":"LiquidBronze"},{"floor":6,"key":"SteroidPotion"},{"floor":11,"key":"SkillPotion"},{"floor":22,"key":"Dexterity Potion"}],"is_trial":false,"path_per_floor":["M","$","?","M","$","M","R","?","T","R","E","M","R","?","R","B",null,"M","?","$","M","M","R","E","M","T","E"],"character_chosen":"THE_SILENT","items_purchased":["Noxious Fumes","Blur","Noxious Fumes"],"campfire_rested":0,"item_purchase_floors":[2,5,20],"current_hp_per_floor":[62,62,67,64,64,62,62,62,62,62,56,56,56,49,49,49,69,65,65,65,60,60,60,53,45,45,0],"gold":130,"neow_bonus":"THREE_CARDS","is_prod":false,"is_daily":false,"chose_seed":false,"campfire_upgraded":5,"win_rate":0,"timestamp":1547930611,"path_taken":["M","$","?","M","$","M","R","?","T","R","E","M","R","?","R","BOSS","M","?","$","M","M","R","E","M","T","E"],"build_version":"2019-01-17v2","purchased_purges":1,"victory":false,"max_hp_per_floor":[70,70,75,75,75,75,75,75,75,75,75,75,75,75,75,75,75,75,75,75,75,75,75,75,75,75,75],"card_choices":[{"not_picked":["Dagger Throw","Poisoned Stab"],"picked":"Footwork","floor":0},{"not_picked":["Outmaneuver","Dagger Throw"],"picked":"Cloak And Dagger","floor":1},{"not_picked":["Well Laid Plans","All Out Attack"],"picked":"Blur","floor":4},{"not_picked":["Sucker Punch","Concentrate"],"picked":"Infinite Blades","floor":6},{"not_picked":["Dagger Spray","Predator"],"picked":"Backflip","floor":11},{"not_picked":["Unload","Dodge and Roll","Dagger Spray"],"picked":"SKIP","floor":12},{"not_picked":["Wraith Form v2","Die Die Die"],"picked":"Burst","floor":16},{"not_picked":["Dodge and Roll+1","Bane","Outmaneuver"],"picked":"SKIP","floor":18},{"not_picked":["Deflect+1","Choke"],"picked":"Acrobatics","floor":21},{"not_picked":["Terror+1","Expertise"],"picked":"Crippling Poison","floor":22},{"not_picked":["Grand Finale","Finisher"],"picked":"Deadly Poison","floor":24},{"not_picked":["Sucker Punch+1","Deadly Poison+1","Bane+1"],"picked":"SKIP","floor":25}],"player_experience":362435,"relics_obtained":[{"floor":9,"key":"Mummified Hand"},{"floor":11,"key":"Anchor"},{"floor":24,"key":"Happy Flower"},{"floor":24,"key":"FossilizedHelix"},{"floor":26,"key":"Pen Nib"}],"event_choices":[{"damage_healed":0,"gold_gain":0,"player_choice":"Donut","damage_taken":0,"max_hp_gain":5,"max_hp_loss":0,"event_name":"Big Fish","floor":3,"gold_loss":0},{"damage_healed":0,"gold_gain":0,"player_choice":"Grow","damage_taken":0,"max_hp_gain":0,"max_hp_loss":0,"event_name":"Living Wall","floor":8,"gold_loss":0,"cards_upgraded":["Strike_G"]},{"cards_removed":["Strike_G"],"damage_healed":0,"gold_gain":0,"player_choice":"Card Removal","damage_taken":7,"max_hp_gain":0,"max_hp_loss":0,"event_name":"Golden Wing","floor":14,"gold_loss":0},{"damage_healed":0,"gold_gain":0,"player_choice":"Read","damage_taken":0,"max_hp_gain":0,"max_hp_loss":0,"event_name":"The Library","floor":19,"gold_loss":0,"cards_obtained":["Noxious Fumes"]}],"is_beta":false,"boss_relics":[{"not_picked":["Cursed Key","Runic Dome"],"picked":"Black Star"}],"items_purged_floors":[20],"is_endless":false,"potions_floor_spawned":[4,6,11,22],"killed_by":"Slavers","ascension_level":8}