{"gold_per_floor":[110,110,130,142,68,68,95,28,28,43,53,53],"floor_reached":12,"playtime":768,"items_purged":[],"score":104,"play_id":"a1be8e9e-2277-4edb-be63-3e774676ff2c","local_time":"20181231143316","is_ascension_mode":true,"campfire_choices":[{"data":"Noxious Fumes","floor":6,"key":"SMITH"}],"neow_cost":"NONE","seed_source_timestamp":889754634042585,"circlet_count":0,"master_deck":["Defend_G","Defend_G","Defend_G","Defend_G","Strike_G","Strike_G","Survivor","Neutralize","Predator+1","Endless Agony+1","Envenom+1","Noxious Fumes+1","Catalyst","Riddle With Holes","Backflip","Footwork","Backflip","Infinite Blades","PiercingWail","Cloak And Dagger"],"relics":["Astrolabe","Letter Opener","Blood Vial"],"potions_floor_usage":[11],"damage_taken":[{"damage":5,"enemies":"2 Louse","floor":1,"turns":3},{"damage":4,"enemies":"Cultist","floor":3,"turns":3},{"damage":7,"enemies":"Jaw Worm","floor":4,"turns":2},{"damage":29,"enemies":"3 Sentries","floor":7,"turns":7},{"damage":8,"enemies":"2 Fungi Beasts","floor":10,"turns":4},{"damage":8,"enemies":"Blue Slaver","floor":11,"turns":3},{"damage":9,"enemies":"Lots of Slimes","floor":12,"turns":1}],"seed_played":"-304763538503373971","potions_obtained":[{"floor":1,"key":"Strength Potion"},{"floor":4,"key":"Strength Potion"},{"floor":10,"key":"AttackPotion"}],"is_trial":false,"path_per_floor":["M","?","M","M","$","R","E","$","T","M","M","M"],"character_chosen":"THE_SILENT","items_purchased":["Footwork","Infinite Blades"],"campfire_rested":0,"item_purchase_floors":[5,8],"current_hp_per_floor":[58,58,54,47,47,47,18,18,18,12,6,0],"gold":53,"neow_bonus":"BOSS_RELIC","is_prod":false,"is_daily":false,"chose_seed":false,"campfire_upgraded":1,"win_rate":0,"timestamp":1546295596,"path_taken":["M","?","M","M","$","R","E","$","T","M","?","M"],"build_version":"2018-12-20","purchased_purges":0,"victory":false,"max_hp_per_floor":[70,70,70,70,70,70,70,70,70,70,70,70],"card_choices":[{"not_picked":["Predator","Backflip"],"picked":"Noxious Fumes","floor":1},{"not_picked":["Prepared","Riddle With Holes","Dodge and Roll"],"picked":"SKIP","floor":3},{"not_picked":["Prepared","Dodge and Roll"],"picked":"Riddle With Holes","floor":3},{"not_picked":["Dash","Predator"],"picked":"Backflip","floor":4},{"not_picked":["Outmaneuver","Die Die Die"],"picked":"Backflip","floor":7},{"not_picked":["Sucker Punch","Deadly Poison"],"picked":"PiercingWail","floor":10},{"not_picked":["Deadly Poison","Acrobatics"],"picked":"Cloak And Dagger","floor":11}],"player_experience":238044,"relics_obtained":[{"floor":7,"key":"Letter Opener"},{"floor":9,"key":"Blood Vial"}],"event_choices":[{"damage_healed":0,"gold_gain":0,"cards_transformed":["Defend_G"],"player_choice":"Transformed","damage_taken":0,"max_hp_gain":0,"max_hp_loss":0,"event_name":"Transmorgrifier","floor":2,"gold_loss":0,"cards_obtained":["Catalyst"]}],"is_beta":false,"boss_relics":[],"items_purged_floors":[],"is_endless":false,"potions_floor_spawned":[1,4,10],"killed_by":"Lots of Slimes","ascension_level":6}