{"gold_per_floor":[112,112,130,130,150,221,221,261,261,261,281,296,335,355,355,476,476,489,489,503,20,20,20,59,59,59,59,25,49,62,100,100,226,226,239,43,59,83,107,107,140,140,140,156,156,194,194,228,228,228],"floor_reached":51,"playtime":6551,"items_purged":["Limit Break"],"score":1384,"play_id":"36688d2c-acb9-4972-99df-f32f91af40ef","local_time":"20190203211646","is_ascension_mode":true,"campfire_choices":[{"floor":10.0,"key":"REST"},{"floor":15.0,"key":"REST"},{"data":"Corruption","floor":23,"key":"SMITH"},{"data":"Thinking Ahead","floor":25,"key":"SMITH"},{"floor":27,"key":"REST"},{"data":"Battle Trance","floor":32,"key":"SMITH"},{"data":"Burning Pact","floor":40,"key":"SMITH"},{"data":"Burning Pact","floor":42,"key":"SMITH"},{"data":"Barricade","floor":45,"key":"SMITH"},{"floor":47,"key":"REST"},{"data":"Dark Embrace","floor":49,"key":"SMITH"}],"neow_cost":"NONE","seed_source_timestamp":0,"circlet_count":0,"master_deck":["Strike_R","Strike_R","Strike_R","Strike_R","Strike_R","Defend_R","Defend_R","Defend_R","Defend_R","Bash","Iron Wave","Body Slam","Battle Trance+1","Headbutt","Metallicize","Shockwave","Pommel Strike","Dropkick","Feed","Intimidate","Corruption+1","Shrug It Off","Thinking Ahead+1","Thunderclap","Evolve","Inflame+1","Intimidate","Barricade+1","Havoc","Burning Pact+1","Second Wind+1","Burning Pact+1","Shrug It Off","Juggernaut","Disarm","Flash of Steel","Battle Trance+1","Dark Embrace+1"],"special_seed":0,"relics":["Burning Blood","NeowsBlessing","Golden Idol","Tiny Chest","FossilizedHelix","Matryoshka","PreservedInsect","Runic Dome","Mercury Hourglass","Meat on the Bone","Membership Card","Kunai","Bottled Flame","Mummified Hand","Red Skull","Dead Branch","Orrery","Lantern","Pear","Ornamental Fan","Omamori","Blue Candle"],"potions_floor_usage":[16,16,16,24,39,39,50,50,50],"damage_taken":[{"damage":0.0,"enemies":"Jaw Worm","floor":1.0,"turns":1.0},{"damage":0.0,"enemies":"Cultist","floor":3.0,"turns":1.0},{"damage":0.0,"enemies":"2 Louse","floor":5.0,"turns":1.0},{"damage":40.0,"enemies":"3 Sentries","floor":6.0,"turns":12.0},{"damage":18.0,"enemies":"Gremlin Nob","floor":8.0,"turns":6.0},{"damage":11.0,"enemies":"Exordium Thugs","floor":11.0,"turns":5.0},{"damage":0.0,"enemies":"Red Slaver","floor":12.0,"turns":3.0},{"damage":31.0,"enemies":"Lagavulin","floor":13.0,"turns":8.0},{"damage":9.0,"enemies":"Large Slime","floor":14.0,"turns":7.0},{"damage":31,"enemies":"Slime Boss","floor":16,"turns":13},{"damage":29,"enemies":"Spheric Guardian","floor":18,"turns":6},{"damage":6,"enemies":"Chosen","floor":20,"turns":4},{"damage":27,"enemies":"Gremlin Leader","floor":24,"turns":7},{"damage":0,"enemies":"Centurion and Healer","floor":29,"turns":4},{"damage":10,"enemies":"Shelled Parasite and Fungi","floor":30,"turns":4},{"damage":16,"enemies":"Book of Stabbing","floor":31,"turns":3},{"damage":9,"enemies":"Champ","floor":33,"turns":7},{"damage":19,"enemies":"Orb Walker","floor":35,"turns":4},{"damage":0,"enemies":"3 Darklings","floor":37,"turns":4},{"damage":0,"enemies":"Spire Growth","floor":38,"turns":3},{"damage":21,"enemies":"Jaw Worm Horde","floor":39,"turns":4},{"damage":7,"enemies":"Nemesis","floor":41,"turns":5},{"damage":0,"enemies":"Maw","floor":44,"turns":7},{"damage":36,"enemies":"Reptomancer","floor":46,"turns":4},{"damage":1,"enemies":"Giant Head","floor":48,"turns":5},{"damage":1,"enemies":"Donu and Deca","floor":50,"turns":3}],"seed_played":"1373962166215658362","potions_obtained":[{"floor":6.0,"key":"EssenceOfSteel"},{"floor":8.0,"key":"LiquidBronze"},{"floor":13.0,"key":"Strength Potion"},{"floor":14.0,"key":"Explosive Potion"},{"floor":22,"key":"Energy Potion"},{"floor":22,"key":"PowerPotion"},{"floor":22,"key":"SneckoOil"},{"floor":29,"key":"Ancient Potion"},{"floor":30,"key":"Energy Potion"},{"floor":33,"key":"AttackPotion"},{"floor":37,"key":"EssenceOfSteel"},{"floor":44,"key":"Weak Potion"},{"floor":48,"key":"EssenceOfSteel"}],"is_trial":false,"path_per_floor":["M","?","M","?","M","E","?","E","T","R","M","M","E","M","R","B",null,"M","T","M","$","?","R","E","R","T","R","$","M","M","E","R","B",null,"M","$","M","M","M","R","E","R","T","M","R","E","R","E","R","B",null],"character_chosen":"IRONCLAD","items_purchased":["Membership Card","Corruption","Kunai","Shrug It Off","Thinking Ahead","Evolve","Lantern","Disarm","Flash of Steel"],"campfire_rested":4,"item_purchase_floors":[21,21,21,21,21,28,36,36,36],"current_hp_per_floor":[78,58,64,64,70,36,36,24,24,48,43,49,24,21,45,20,65,45,45,57,57,57,57,48,48,48,72,72,81,80,73,73,70,87,74,74,80,86,71,71,80,80,80,86,86,68,98,105,105,105],"gold":228,"neow_bonus":"THREE_ENEMY_KILL","is_prod":false,"is_daily":false,"chose_seed":false,"campfire_upgraded":7,"win_rate":0,"timestamp":1549225006,"path_taken":["M","?","M","?","?","E","?","E","T","R","M","M","E","M","R","BOSS","M","?","?","$","?","R","E","R","T","R","$","M","M","E","R","BOSS","M","$","M","M","?","R","E","R","T","M","R","E","R","E","R","BOSS"],"build_version":"2019-01-23","purchased_purges":1,"victory":true,"max_hp_per_floor":[80,80,80,80,80,80,80,80,80,80,80,80,80,80,80,80,80,83,83,83,83,83,83,83,83,83,83,83,86,89,92,92,92,92,92,92,92,92,92,92,102,102,102,102,102,102,102,105,105,105],"card_choices":[{"not_picked":["Armaments","Clothesline"],"picked":"Iron Wave","floor":1.0},{"not_picked":["Flex","Pommel Strike"],"picked":"Body Slam","floor":3.0},{"not_picked":["Clothesline","Flex"],"picked":"Battle Trance","floor":5.0},{"not_picked":["Evolve","Twin Strike"],"picked":"Headbutt","floor":6.0},{"not_picked":["Iron Wave","Flex"],"picked":"Metallicize","floor":8.0},{"not_picked":["Body Slam","Sever Soul"],"picked":"Shockwave","floor":11.0},{"not_picked":["True Grit","Anger"],"picked":"Pommel Strike","floor":12.0},{"not_picked":["Warcry","Shrug It Off"],"picked":"Dropkick","floor":13.0},{"not_picked":["Perfected Strike","Exhume","Twin Strike"],"picked":"SKIP","floor":14.0},{"not_picked":["Juggernaut","Bludgeon"],"picked":"Feed","floor":16},{"not_picked":["Warcry","Bloodletting","Infernal Blade"],"picked":"SKIP","floor":18},{"not_picked":["Cleave","True Grit+1"],"picked":"Intimidate","floor":20},{"not_picked":["Blood for Blood","Heavy Blade"],"picked":"Thunderclap","floor":24},{"not_picked":["Uppercut","Searing Blow+1","Flex+1"],"picked":"SKIP","floor":29},{"not_picked":["Evolve+1","Anger"],"picked":"Inflame+1","floor":30},{"not_picked":["Combust+1","Iron Wave"],"picked":"Intimidate","floor":31},{"not_picked":["Double Tap","Reaper"],"picked":"Barricade","floor":33},{"not_picked":["Warcry","Fire Breathing"],"picked":"Havoc","floor":34},{"not_picked":["Sentinel+1","Twin Strike"],"picked":"Burning Pact","floor":34},{"not_picked":["Cleave+1","Pummel"],"picked":"Second Wind+1","floor":34},{"not_picked":["Warcry+1","Clothesline+1"],"picked":"Burning Pact","floor":34},{"not_picked":["Perfected Strike+1","Blood for Blood+1"],"picked":"Shrug It Off","floor":34},{"not_picked":["Perfected Strike","Metallicize"],"picked":"Juggernaut","floor":35},{"not_picked":["Clothesline+1","Dual Wield","Spot Weakness"],"picked":"SKIP","floor":37},{"not_picked":["Perfected Strike+1","Combust","Armaments"],"picked":"SKIP","floor":38},{"not_picked":["Clash","Wild Strike","Limit Break"],"picked":"SKIP","floor":39},{"not_picked":["Perfected Strike+1","Flex","Ghostly Armor"],"picked":"SKIP","floor":41},{"not_picked":["Shockwave+1","Perfected Strike+1"],"picked":"Battle Trance+1","floor":44},{"not_picked":["Clothesline+1","Intimidate+1"],"picked":"Dark Embrace","floor":46},{"not_picked":["Searing Blow","Body Slam","Anger"],"picked":"SKIP","floor":48}],"player_experience":116195,"relics_obtained":[{"floor":6.0,"key":"Tiny Chest"},{"floor":8.0,"key":"FossilizedHelix"},{"floor":9.0,"key":"Matryoshka"},{"floor":13.0,"key":"PreservedInsect"},{"floor":19,"key":"Mercury Hourglass"},{"floor":19,"key":"Meat on the Bone"},{"floor":24,"key":"Bottled Flame"},{"floor":26,"key":"Mummified Hand"},{"floor":26,"key":"Red Skull"},{"floor":31,"key":"Dead Branch"},{"floor":41,"key":"Pear"},{"floor":43,"key":"Ornamental Fan"},{"floor":46,"key":"Omamori"},{"floor":48,"key":"Blue Candle"}],"event_choices":[{"damage_healed":0.0,"max_hp_gain":0.0,"max_hp_loss":0.0,"gold_gain":0.0,"event_name":"Golden Idol","player_choice":"Take Damage","floor":2.0,"gold_loss":0.0,"damage_taken":20.0,"relics_obtained":["Golden Idol"]},{"damage_healed":0.0,"max_hp_gain":0.0,"max_hp_loss":0.0,"gold_gain":0.0,"event_name":"FaceTrader","player_choice":"Leave","floor":4.0,"gold_loss":0.0,"damage_taken":0.0},{"damage_healed":0.0,"max_hp_gain":0.0,"max_hp_loss":0.0,"gold_gain":0.0,"event_name":"Match and Keep!","player_choice":"1 cards matched","floor":7.0,"gold_loss":0.0,"damage_taken":0.0,"cards_obtained":["Limit Break"]},{"damage_healed":0,"gold_gain":0,"player_choice":"Got Potions","damage_taken":0,"max_hp_gain":0,"max_hp_loss":0,"event_name":"Lab","floor":22,"gold_loss":0}],"is_beta":false,"boss_relics":[{"not_picked":["Tiny House","Calling Bell"],"picked":"Runic Dome"},{"not_picked":["Snecko Eye","Pandora\u0027s Box"],"picked":"Orrery"}],"items_purged_floors":[36],"is_endless":false,"potions_floor_spawned":[6,8,13,14,29,30,33,37,38,44,48],"ascension_level":9}