{"gold_per_floor":[117,117,137,20,20,46,46,65,65,75,75,75,75,93,93,198,198,208,208,227,241,241],"floor_reached":22,"playtime":1534,"items_purged":[],"score":186,"play_id":"b408a638-f26c-41c3-864d-09087b1ca9a5","local_time":"20190615173346","is_ascension_mode":false,"campfire_choices":[{"floor":7,"key":"REST"},{"floor":13,"key":"REST"},{"data":"Bane","floor":15,"key":"SMITH"}],"neow_cost":"NONE","seed_source_timestamp":12519006370300,"circlet_count":0,"master_deck":["Defend_G","Defend_G","Defend_G","Defend_G","Defend_G","Strike_G","Strike_G","Strike_G","Strike_G","Strike_G","Survivor","Neutralize+1","Backflip","Dash","Slice","Caltrops","Dagger Spray","Crippling Poison","Slice","Bane+1","Corpse Explosion","Catalyst","PiercingWail+1","Glass Knife"],"relics":["Ring of the Snake","Girya","Ninja Scroll","WingedGreaves","Empty Cage"],"potions_floor_usage":[16,16,21],"damage_taken":[{"damage":0,"enemies":"Small Slimes","floor":1,"turns":4},{"damage":1,"enemies":"Cultist","floor":3,"turns":6},{"damage":38,"enemies":"Gremlin Nob","floor":6,"turns":5},{"damage":6,"enemies":"2 Louse","floor":8,"turns":2},{"damage":10,"enemies":"Gremlin Gang","floor":10,"turns":3},{"damage":0,"enemies":"Looter","floor":14,"turns":2},{"damage":29,"enemies":"Hexaghost","floor":16,"turns":11},{"damage":20,"enemies":"Spheric Guardian","floor":18,"turns":6},{"damage":17,"enemies":"2 Thieves","floor":20,"turns":5},{"damage":15,"enemies":"Snecko","floor":21,"turns":6},{"damage":46,"enemies":"Cultist and Chosen","floor":22,"turns":4}],"seed_played":"1591849639631867909","potions_obtained":[{"floor":10,"key":"Strength Potion"},{"floor":14,"key":"SpeedPotion"},{"floor":20,"key":"AttackPotion"}],"is_trial":false,"path_per_floor":["M","?","M","$","?","E","R","M","T","M","?","?","R","M","R","B",null,"M","?","M","M","M"],"character_chosen":"THE_SILENT","items_purchased":["Masterful Stab","Caltrops"],"campfire_rested":2,"item_purchase_floors":[4,4],"current_hp_per_floor":[70,70,69,69,69,31,52,46,46,36,59,59,70,70,70,41,70,50,70,53,38,0],"gold":241,"neow_bonus":"UPGRADE_CARD","is_prod":false,"is_daily":false,"chose_seed":false,"campfire_upgraded":1,"win_rate":0.0,"timestamp":1560616426,"path_taken":["M","?","M","?","?","E","R","M","T","?","?","?","R","M","R","BOSS","M","?","M","M","?"],"build_version":"2019-01-23","purchased_purges":0,"victory":false,"max_hp_per_floor":[70,70,70,70,70,70,70,70,70,70,70,70,70,70,70,70,70,70,70,70,70,70],"card_choices":[{"not_picked":["Backflip","Dagger Spray"],"picked":"Bane","floor":1},{"not_picked":["Backflip","Outmaneuver"],"picked":"Slice","floor":3},{"not_picked":["Dagger Throw","Sucker Punch"],"picked":"Dagger Spray","floor":6},{"not_picked":["Glass Knife","Distraction"],"picked":"Crippling Poison","floor":8},{"not_picked":["Caltrops","Deadly Poison"],"picked":"Slice","floor":10},{"not_picked":["Prepared","Flying Knee"],"picked":"Bane","floor":14},{"not_picked":["Night Terror","Phantasmal Killer"],"picked":"Corpse Explosion","floor":16},{"not_picked":["Dash","Dagger Spray+1"],"picked":"Catalyst","floor":18},{"not_picked":["All Out Attack+1","Dagger Throw"],"picked":"PiercingWail+1","floor":20},{"not_picked":["Caltrops+1","Reflex"],"picked":"Glass Knife","floor":21}],"player_experience":29642,"relics_obtained":[{"floor":6,"key":"Ninja Scroll"},{"floor":9,"key":"WingedGreaves"}],"event_choices":[{"damage_healed":0,"gold_gain":0,"player_choice":"3 cards matched","damage_taken":0,"max_hp_gain":0,"max_hp_loss":0,"event_name":"Match and Keep!","floor":2,"gold_loss":0,"cards_obtained":["Backflip","Shame","Dash"]},{"cards_removed":["Bane"],"damage_healed":0,"gold_gain":0,"player_choice":"Gave Card","damage_taken":0,"relics_obtained":["Girya"],"max_hp_gain":0,"max_hp_loss":0,"event_name":"WeMeetAgain","floor":5,"gold_loss":0},{"damage_healed":23,"gold_gain":0,"player_choice":"Banana","damage_taken":0,"max_hp_gain":0,"max_hp_loss":0,"event_name":"Big Fish","floor":11,"gold_loss":0},{"damage_healed":0,"gold_gain":0,"player_choice":"Cursed","damage_taken":0,"max_hp_gain":0,"max_hp_loss":0,"event_name":"Wheel of Change","floor":12,"gold_loss":0,"cards_obtained":["Decay"]},{"cards_removed":["Masterful Stab"],"damage_healed":20,"gold_gain":0,"player_choice":"Offered Uncommon","damage_taken":0,"max_hp_gain":0,"max_hp_loss":0,"event_name":"Bonfire Elementals","floor":19,"gold_loss":0}],"is_beta":false,"boss_relics":[{"not_picked":["Ectoplasm","Astrolabe"],"picked":"Empty Cage"}],"items_purged_floors":[],"is_endless":false,"potions_floor_spawned":[10,14,20],"killed_by":"Cultist and Chosen","ascension_level":0}