{"gold_per_floor":[117,117,136,152,117,117,150,53,53,70,14,14,49,49,49,123,123,142,157,157,16,39,39,51,51,51,62,62,62,6,35,35,108,108,127,97,116,136,153,153],"floor_reached":40,"playtime":3228,"items_purged":[],"score":787,"play_id":"ba4fc259-4f96-4575-9ec4-e759395b77f6","local_time":"20190605131122","is_ascension_mode":true,"campfire_choices":[{"data":"Defend_R","floor":6,"key":"SMITH"},{"data":"Iron Wave","floor":12,"key":"SMITH"},{"floor":15,"key":"REST"},{"data":"Juggernaut","floor":23,"key":"SMITH"},{"floor":25,"key":"REST"},{"data":"True Grit","floor":29,"key":"SMITH"},{"data":"True Grit","floor":32,"key":"SMITH"}],"neow_cost":"PERCENT_DAMAGE","seed_source_timestamp":1790344553259431,"circlet_count":0,"master_deck":["AscendersBane","Strike_R","Strike_R","Strike_R","Defend_R","Defend_R","Defend_R","Defend_R+1","Bash+1","Battle Trance","Headbutt","Metallicize","Iron Wave+1","True Grit+1","Impervious","Inflame","Clothesline","Juggernaut+1","Feel No Pain+1","Havoc","Metallicize","True Grit+1","Flame Barrier+1","Fiend Fire","Metallicize","Second Wind+1","Armaments+1","Shrug It Off+1"],"relics":["Burning Blood","Bottled Flame","Dodecahedron","FossilizedHelix","Philosopher\u0027s Stone","Happy Flower","Anchor","Toxic Egg 2","Runic Cube"],"potions_floor_usage":[13,16,27,33,33,37,38,40],"damage_taken":[{"damage":17,"enemies":"Small Slimes","floor":1,"turns":5},{"damage":6,"enemies":"Jaw Worm","floor":3,"turns":4},{"damage":1,"enemies":"Cultist","floor":4,"turns":3},{"damage":49,"enemies":"3 Sentries","floor":7,"turns":11},{"damage":5,"enemies":"Exordium Wildlife","floor":10,"turns":5},{"damage":12,"enemies":"Lagavulin","floor":13,"turns":5},{"damage":48,"enemies":"The Guardian","floor":16,"turns":19},{"damage":24,"enemies":"Shell Parasite","floor":18,"turns":4},{"damage":0,"enemies":"Chosen","floor":19,"turns":6},{"damage":45,"enemies":"Shelled Parasite and Fungi","floor":24,"turns":5},{"damage":14,"enemies":"Snake Plant","floor":27,"turns":3},{"damage":1,"enemies":"Book of Stabbing","floor":31,"turns":6},{"damage":27,"enemies":"Champ","floor":33,"turns":11},{"damage":0,"enemies":"Orb Walker","floor":35,"turns":4},{"damage":34,"enemies":"3 Shapes","floor":37,"turns":5},{"damage":30,"enemies":"Transient","floor":38,"turns":6},{"damage":15,"enemies":"Writhing Mass","floor":39,"turns":8},{"damage":43,"enemies":"Reptomancer","floor":40,"turns":2}],"seed_played":"3229719837799330708","potions_obtained":[{"floor":4,"key":"EssenceOfSteel"},{"floor":16,"key":"Swift Potion"},{"floor":24,"key":"Dexterity Potion"},{"floor":36,"key":"Poison Potion"},{"floor":36,"key":"SneckoOil"},{"floor":39,"key":"Swift Potion"}],"is_trial":false,"path_per_floor":["M","?","M","M","?","R","E","$","T","M","$","R","E","?","R","B",null,"M","M","?","$","T","R","M","R","T","M","?","R","$","E","R","B",null,"M","?","M","M","M","E"],"character_chosen":"IRONCLAD","items_purchased":["Metallicize","Iron Wave","PowerPotion","Juggernaut","Energy Potion","Weak Potion"],"campfire_rested":2,"item_purchase_floors":[8,8,11,21,21,30],"current_hp_per_floor":[53,53,53,58,80,80,37,37,37,38,38,38,32,37,65,23,76,58,64,64,64,64,64,25,53,53,45,45,45,45,50,50,29,78,84,84,56,32,23,0],"gold":153,"neow_bonus":"TWENTY_PERCENT_HP_BONUS","is_prod":false,"is_daily":false,"chose_seed":false,"campfire_upgraded":5,"win_rate":0,"timestamp":1559733082,"path_taken":["M","?","M","M","?","R","E","$","T","?","?","R","E","?","R","BOSS","M","M","?","?","?","R","?","R","T","M","?","R","?","E","R","BOSS","M","?","M","?","M","E"],"build_version":"2019-01-23","purchased_purges":0,"victory":false,"max_hp_per_floor":[89,89,89,89,89,89,89,89,89,89,89,89,89,94,94,94,94,94,94,94,94,94,94,94,94,94,94,94,94,94,94,94,94,94,94,94,94,94,94,94],"card_choices":[{"not_picked":["Iron Wave","Perfected Strike"],"picked":"Battle Trance","floor":1},{"not_picked":["Battle Trance","Body Slam"],"picked":"Headbutt","floor":3},{"not_picked":["True Grit","Body Slam"],"picked":"Clash","floor":4},{"not_picked":["Sword Boomerang","Dual Wield","Perfected Strike"],"picked":"SKIP","floor":7},{"not_picked":["Headbutt","Pommel Strike"],"picked":"True Grit","floor":10},{"not_picked":["Carnage","Heavy Blade","Body Slam"],"picked":"SKIP","floor":13},{"not_picked":["Fiend Fire","Limit Break"],"picked":"Impervious","floor":16},{"not_picked":["Clash","Heavy Blade","Twin Strike"],"picked":"SKIP","floor":18},{"not_picked":["Clothesline","Pommel Strike+1"],"picked":"Inflame","floor":19},{"not_picked":["Havoc","Demon Form"],"picked":"Feel No Pain+1","floor":24},{"not_picked":["Sword Boomerang","Rage"],"picked":"Havoc","floor":27},{"not_picked":["Body Slam","Burning Pact+1"],"picked":"Flame Barrier","floor":31},{"not_picked":["Impervious+1","Reaper"],"picked":"Fiend Fire","floor":33},{"not_picked":["Inflame+1","Combust+1"],"picked":"Metallicize","floor":35},{"not_picked":["Pommel Strike","Sword Boomerang"],"picked":"Second Wind+1","floor":37},{"not_picked":["Dropkick+1","Heavy Blade+1"],"picked":"Armaments+1","floor":38},{"not_picked":["Sword Boomerang","Bloodletting+1"],"picked":"Shrug It Off+1","floor":39}],"player_experience":800310,"relics_obtained":[{"floor":7,"key":"Bottled Flame"},{"floor":9,"key":"Dodecahedron"},{"floor":13,"key":"FossilizedHelix"},{"floor":22,"key":"Happy Flower"},{"floor":26,"key":"Anchor"},{"floor":31,"key":"Toxic Egg 2"}],"event_choices":[{"damage_healed":0,"gold_gain":0,"player_choice":"Grow","damage_taken":0,"max_hp_gain":0,"max_hp_loss":0,"event_name":"Living Wall","floor":2,"gold_loss":0,"cards_upgraded":["Bash"]},{"damage_healed":22,"gold_gain":0,"player_choice":"Healed","damage_taken":0,"max_hp_gain":0,"max_hp_loss":0,"event_name":"The Cleric","floor":5,"gold_loss":35},{"damage_healed":0,"gold_gain":0,"player_choice":"Donut","damage_taken":0,"max_hp_gain":5,"max_hp_loss":0,"event_name":"Big Fish","floor":14,"gold_loss":0},{"damage_healed":0,"gold_gain":0,"cards_transformed":["Strike_R"],"player_choice":"Transformed","damage_taken":0,"max_hp_gain":0,"max_hp_loss":0,"event_name":"Transmorgrifier","floor":20,"gold_loss":0,"cards_obtained":["Clothesline"]},{"damage_healed":0,"gold_gain":0,"cards_transformed":["Clash","Strike_R"],"player_choice":"Became Test Subject","damage_taken":0,"max_hp_gain":0,"max_hp_loss":0,"event_name":"Drug Dealer","floor":28,"gold_loss":0,"cards_obtained":["Metallicize","True Grit"]},{"damage_healed":0,"gold_gain":0,"player_choice":"Bought 2 Potions","damage_taken":0,"max_hp_gain":0,"max_hp_loss":0,"event_name":"The Woman in Blue","floor":36,"gold_loss":0}],"is_beta":false,"boss_relics":[{"not_picked":["White Beast Statue","Black Star"],"picked":"Philosopher\u0027s Stone"},{"not_picked":["Lizard Tail","Mark of Pain"],"picked":"Runic Cube"}],"items_purged_floors":[],"is_endless":false,"potions_floor_spawned":[4,16,24,31,39],"killed_by":"Reptomancer","ascension_level":18}