{"gold_per_floor":[119,133,144,219,230,230,242,162,162,162,194,42,71,81,81,81],"floor_reached":16,"playtime":1342,"items_purged":["Strike_G"],"score":102,"play_id":"0468d864-fd3b-4c8a-a1ef-91652bfe8724","local_time":"20181130231258","is_ascension_mode":false,"campfire_choices":[{"data":"Cloak And Dagger","floor":6,"key":"SMITH"},{"floor":15,"key":"REST"}],"neow_cost":"NONE","seed_source_timestamp":1431768618038988,"circlet_count":0,"master_deck":["Defend_G","Defend_G","Defend_G","Defend_G","Defend_G","Strike_G","Strike_G","Strike_G","Strike_G","Survivor","Neutralize","Blade Dance","Quick Slash","Quick Slash","Cloak And Dagger+1","Flying Knee","Terror","Blade Dance","Accuracy","Cloak And Dagger"],"relics":["Ring of the Snake","NeowsBlessing","Bottled Flame","Matryoshka"],"potions_floor_usage":[16],"damage_taken":[{"damage":0,"enemies":"Small Slimes","floor":1,"turns":1},{"damage":0,"enemies":"Jaw Worm","floor":2,"turns":1},{"damage":0,"enemies":"2 Louse","floor":3,"turns":1},{"damage":0,"enemies":"Large Slime","floor":5,"turns":5},{"damage":0,"enemies":"2 Fungi Beasts","floor":7,"turns":4},{"damage":16,"enemies":"Gremlin Nob","floor":11,"turns":4},{"damage":14,"enemies":"The Mushroom Lair","floor":13,"turns":4},{"damage":10,"enemies":"Lots of Slimes","floor":14,"turns":4},{"damage":45,"enemies":"The Guardian","floor":16,"turns":8}],"seed_played":"3699812565602567983","potions_obtained":[{"floor":7,"key":"Weak Potion"},{"floor":14,"key":"SneckoOil"}],"is_trial":false,"path_per_floor":["M","M","M","?","M","R","M","$","T","?","E","$","?","M","R","B"],"character_chosen":"THE_SILENT","items_purchased":["Terror","Accuracy"],"campfire_rested":1,"item_purchase_floors":[8,12],"current_hp_per_floor":[70,70,70,59,59,59,59,59,59,59,43,43,29,19,40,0],"gold":81,"neow_bonus":"THREE_ENEMY_KILL","is_prod":false,"is_daily":false,"chose_seed":false,"campfire_upgraded":1,"win_rate":0.0,"timestamp":1543648378,"path_taken":["M","M","M","?","M","R","M","$","T","?","E","?","?","M","R","BOSS"],"build_version":"2018-11-15","purchased_purges":1,"victory":false,"max_hp_per_floor":[70,70,70,70,70,70,70,70,70,70,70,70,70,70,70,70],"card_choices":[{"not_picked":["Dodge and Roll","Acrobatics"],"picked":"Blade Dance","floor":1},{"not_picked":["Skewer","Dagger Throw"],"picked":"Quick Slash","floor":2},{"not_picked":["Dagger Throw","Bouncing Flask"],"picked":"Quick Slash","floor":3},{"not_picked":["Reflex","Dodge and Roll"],"picked":"Cloak And Dagger","floor":5},{"not_picked":["Poisoned Stab","Deadly Poison"],"picked":"Flying Knee","floor":7},{"not_picked":["Prepared","Bane"],"picked":"Blade Dance","floor":11},{"not_picked":["Poisoned Stab","Wraith Form v2"],"picked":"Cloak And Dagger","floor":13},{"not_picked":["Bane","Sucker Punch","Acrobatics"],"picked":"SKIP","floor":14}],"player_experience":58769,"relics_obtained":[{"floor":9,"key":"Bottled Flame"},{"floor":11,"key":"Matryoshka"}],"event_choices":[{"damage_healed":0,"gold_gain":75,"player_choice":"Gather Gold","damage_taken":11,"max_hp_gain":0,"max_hp_loss":0,"event_name":"World of Goop","floor":4,"gold_loss":0},{"damage_healed":0,"gold_gain":0,"player_choice":"Ignored","damage_taken":0,"max_hp_gain":0,"max_hp_loss":0,"event_name":"Liars Game","floor":10,"gold_loss":0},{"damage_healed":0,"gold_gain":0,"player_choice":"Fought Mushrooms","damage_taken":0,"max_hp_gain":0,"max_hp_loss":0,"event_name":"Mushrooms","floor":13,"gold_loss":0}],"is_beta":false,"boss_relics":[],"items_purged_floors":[12],"is_endless":false,"potions_floor_spawned":[7,14],"killed_by":"The Guardian","ascension_level":0}