{"gold_per_floor":[118,20,40,40,56,56,89,111,111,139,139,64,98,198,198,198],"floor_reached":16,"playtime":1091,"items_purged":["Strike_R"],"score":180,"play_id":"b8ba68ee-c831-4ac4-bc39-5c1cb67902ce","local_time":"20190204000445","is_ascension_mode":true,"campfire_choices":[{"data":"Exhume","floor":6,"key":"SMITH"},{"floor":11,"key":"REST"},{"floor":15,"key":"REST"}],"neow_cost":"NONE","seed_source_timestamp":18546840214716,"circlet_count":0,"master_deck":["AscendersBane","Strike_R","Strike_R","Strike_R","Defend_R","Defend_R","Defend_R","Defend_R","Bash","Sentinel","Disarm+1","Inflame","Shrug It Off","Heavy Blade","Exhume+1","Iron Wave","Battle Trance"],"relics":["Burning Blood","Bottled Lightning","Odd Mushroom","Bottled Tornado","Boot","Peace Pipe"],"potions_floor_usage":[7],"damage_taken":[{"damage":0,"enemies":"Small Slimes","floor":1,"turns":3},{"damage":0,"enemies":"2 Louse","floor":3,"turns":4},{"damage":12,"enemies":"Jaw Worm","floor":5,"turns":5},{"damage":32,"enemies":"3 Sentries","floor":7,"turns":7},{"damage":24,"enemies":"The Mushroom Lair","floor":8,"turns":7},{"damage":20,"enemies":"Gremlin Nob","floor":10,"turns":5},{"damage":32,"enemies":"3 Sentries","floor":13,"turns":10},{"damage":50,"enemies":"Slime Boss","floor":16,"turns":7}],"seed_played":"-134498324589211791","potions_obtained":[{"floor":5,"key":"Explosive Potion"},{"floor":7,"key":"Ancient Potion"},{"floor":13,"key":"GamblersBrew"}],"is_trial":false,"path_per_floor":["M","$","M","?","M","R","E","?","T","E","R","$","E","?","R","B"],"character_chosen":"IRONCLAD","items_purchased":["Inflame","Shrug It Off"],"campfire_rested":2,"item_purchase_floors":[2,2],"current_hp_per_floor":[78,78,80,80,74,74,48,30,30,16,40,40,14,14,38,0],"gold":198,"neow_bonus":"TRANSFORM_CARD","is_prod":false,"is_daily":false,"chose_seed":false,"campfire_upgraded":1,"win_rate":0,"timestamp":1549235085,"path_taken":["M","$","M","?","M","R","E","?","T","E","R","$","E","?","R","BOSS"],"build_version":"2019-01-23","purchased_purges":1,"victory":false,"max_hp_per_floor":[80,80,80,80,80,80,80,80,80,80,80,80,80,80,80,80],"card_choices":[{"not_picked":["Warcry","Shrug It Off"],"picked":"Disarm","floor":1},{"not_picked":["Warcry","True Grit"],"picked":"Heavy Blade","floor":3},{"not_picked":["Havoc","Headbutt"],"picked":"Exhume","floor":5},{"not_picked":["Wild Strike","Pommel Strike"],"picked":"Iron Wave","floor":7},{"not_picked":["Shockwave","Havoc"],"picked":"Battle Trance","floor":8},{"not_picked":["Searing Blow","Dual Wield","Clothesline"],"picked":"SKIP","floor":10},{"not_picked":["Cleave","Sword Boomerang","Perfected Strike"],"picked":"SKIP","floor":13}],"player_experience":127388,"relics_obtained":[{"floor":7,"key":"Bottled Lightning"},{"floor":8,"key":"Odd Mushroom"},{"floor":9,"key":"Bottled Tornado"},{"floor":10,"key":"Boot"},{"floor":13,"key":"Peace Pipe"}],"event_choices":[{"damage_healed":0,"gold_gain":0,"player_choice":"Grow","damage_taken":0,"max_hp_gain":0,"max_hp_loss":0,"event_name":"Living Wall","floor":4,"gold_loss":0,"cards_upgraded":["Disarm"]},{"damage_healed":0,"gold_gain":0,"player_choice":"Fought Mushrooms","damage_taken":0,"max_hp_gain":0,"max_hp_loss":0,"event_name":"Mushrooms","floor":8,"gold_loss":0},{"damage_healed":0,"gold_gain":100,"player_choice":"Pray","damage_taken":0,"max_hp_gain":0,"max_hp_loss":0,"event_name":"Golden Shrine","floor":14,"gold_loss":0}],"is_beta":false,"boss_relics":[],"items_purged_floors":[12],"is_endless":false,"potions_floor_spawned":[5,7,13],"killed_by":"Slime Boss","ascension_level":11}