{"gold_per_floor":[17,17,17,38,54,93,93,111,111,132,132,156,156,22,22,142,142,167,181,12,37,37,37,53,5,54,74,74,94,108,121,121,244,244,263,263,288,288,302,302,315,329,353,353,353,368,387,400,400,400],"floor_reached":50,"playtime":4745,"items_purged":[],"score":479,"play_id":"115ed0b3-6e33-473c-ac00-8c89bb88c513","local_time":"20190615235834","is_ascension_mode":false,"campfire_choices":[{"floor":7,"key":"REST"},{"data":"Buffer","floor":11,"key":"SMITH"},{"data":"Zap","floor":15,"key":"SMITH"},{"floor":23,"key":"REST"},{"floor":28,"key":"REST"},{"data":"Conserve Battery","floor":32,"key":"SMITH"},{"floor":40,"key":"REST"},{"floor":44,"key":"REST"},{"floor":49,"key":"REST"}],"neow_cost":"NO_GOLD","seed_source_timestamp":32390608336400,"circlet_count":0,"master_deck":["Strike_B","Strike_B","Strike_B","Defend_B","Defend_B","Defend_B","Defend_B","Zap+1","Dualcast","Buffer+1","Glacier","Static Discharge","Conserve Battery+1","BootSequence","Sweeping Beam+1","Streamline+1","Gash+1","Heatsinks","Gash+1","Conserve Battery","Thunder Strike+1","Self Repair","Melter+1","Blizzard+1","Stack","Bandage Up","Barrage+1","Chill","Go for the Eyes+1","Cold Snap+1","Gash+1","Redo","Skim","Biased Cognition","Genetic Algorithm","Jack Of All Trades","Dramatic Entrance+1","Conserve Battery+1","Writhe","Sunder+1","Hello World+1","Aggregate+1","Streamline+1","Echo Form","Lockon+1"],"relics":["Cracked Core","Golden Idol","Molten Egg 2","Thread and Needle","Letter Opener","Lizard Tail","Happy Flower","Black Star","Bag of Marbles"],"potions_floor_usage":[16,16,27,30,33,33,41,41,47,48],"damage_taken":[{"damage":2,"enemies":"2 Louse","floor":1,"turns":2},{"damage":10,"enemies":"Small Slimes","floor":4,"turns":4},{"damage":0,"enemies":"Jaw Worm","floor":5,"turns":5},{"damage":11,"enemies":"Lagavulin","floor":6,"turns":11},{"damage":0,"enemies":"Lots of Slimes","floor":8,"turns":6},{"damage":0,"enemies":"Exordium Wildlife","floor":10,"turns":3},{"damage":0,"enemies":"Looter","floor":12,"turns":3},{"damage":17,"enemies":"Hexaghost","floor":16,"turns":10},{"damage":21,"enemies":"3 Byrds","floor":18,"turns":5},{"damage":0,"enemies":"Chosen","floor":19,"turns":6},{"damage":28,"enemies":"Centurion and Healer","floor":21,"turns":13},{"damage":10,"enemies":"Snake Plant","floor":24,"turns":6},{"damage":0,"enemies":"Chosen and Byrds","floor":27,"turns":6},{"damage":15,"enemies":"3 Cultists","floor":29,"turns":5},{"damage":13,"enemies":"Snake Plant","floor":30,"turns":4},{"damage":1,"enemies":"Shelled Parasite and Fungi","floor":31,"turns":6},{"damage":50,"enemies":"Champ","floor":33,"turns":13},{"damage":18,"enemies":"3 Shapes","floor":35,"turns":7},{"damage":47,"enemies":"3 Darklings","floor":37,"turns":7},{"damage":15,"enemies":"Spire Growth","floor":39,"turns":8},{"damage":8,"enemies":"Jaw Worm Horde","floor":41,"turns":6},{"damage":20,"enemies":"3 Darklings","floor":42,"turns":5},{"damage":66,"enemies":"Maw","floor":46,"turns":10},{"damage":38,"enemies":"4 Shapes","floor":47,"turns":6},{"damage":0,"enemies":"Sphere and 2 Shapes","floor":48,"turns":5},{"damage":39,"enemies":"Awakened One","floor":50,"turns":6}],"seed_played":"3203598640428093115","potions_obtained":[{"floor":5,"key":"Swift Potion"},{"floor":12,"key":"Swift Potion"},{"floor":21,"key":"PowerPotion"},{"floor":24,"key":"Fire Potion"},{"floor":29,"key":"SkillPotion"},{"floor":31,"key":"Fire Potion"},{"floor":37,"key":"SpeedPotion"},{"floor":39,"key":"Strength Potion"},{"floor":46,"key":"Fruit Juice"},{"floor":47,"key":"FocusPotion"}],"is_trial":false,"path_per_floor":["M","?","?","M","M","E","R","M","T","M","R","M","T","$","R","B",null,"M","M","$","M","?","R","M","$","T","M","R","M","M","M","R","B",null,"M","?","M","?","M","R","M","M","T","R","?","M","M","M","R","B"],"character_chosen":"DEFECT","items_purchased":["Heatsinks","Gash+1","Conserve Battery","Blizzard+1","Stack","Bandage Up","Go for the Eyes+1"],"campfire_rested":6,"item_purchase_floors":[14,14,14,20,20,20,25],"current_hp_per_floor":[73,69,62,52,52,41,61,61,61,61,61,61,61,61,61,44,69,48,55,55,38,38,58,52,52,52,56,69,61,59,69,69,23,69,58,53,17,34,30,50,53,33,33,53,53,41,8,12,34,0],"gold":400,"neow_bonus":"THREE_RARE_CARDS","is_prod":false,"is_daily":false,"chose_seed":false,"campfire_upgraded":3,"win_rate":0.0,"timestamp":1560639514,"path_taken":["M","?","?","M","M","E","R","M","T","M","R","M","?","$","R","BOSS","M","?","$","M","?","R","M","$","T","M","R","M","M","M","R","BOSS","M","?","M","?","M","R","M","M","T","R","?","M","M","M","R","BOSS"],"build_version":"2019-01-23","purchased_purges":0,"victory":false,"max_hp_per_floor":[75,69,69,69,69,69,69,69,69,69,69,69,69,69,69,69,69,69,69,69,69,69,69,69,69,69,69,69,69,69,69,69,69,69,69,69,69,69,69,69,69,69,69,69,69,69,74,74,74,74],"card_choices":[{"not_picked":["Amplify","Meteor Strike"],"picked":"Buffer","floor":0},{"not_picked":["Coolheaded","Rip and Tear"],"picked":"Glacier","floor":1},{"not_picked":["Consume","Steam"],"picked":"Static Discharge","floor":4},{"not_picked":["Defragment","Consume"],"picked":"Conserve Battery","floor":5},{"not_picked":["Static Discharge","Genetic Algorithm"],"picked":"BootSequence","floor":6},{"not_picked":["Rebound+1","Seek"],"picked":"Sweeping Beam+1","floor":8},{"not_picked":["BootSequence","Steam"],"picked":"Streamline+1","floor":10},{"not_picked":["Auto Shields","Leap"],"picked":"Gash+1","floor":12},{"not_picked":["Buffer","Fission"],"picked":"Thunder Strike+1","floor":16},{"not_picked":["Leap","Redo"],"picked":"Self Repair","floor":18},{"not_picked":["Streamline+1","Hologram+1"],"picked":"Melter+1","floor":19},{"not_picked":["Double Energy+1","Coolheaded"],"picked":"Barrage+1","floor":21},{"not_picked":["Compile Driver+1","Steam Power+1"],"picked":"Chill","floor":24},{"not_picked":["Turbo","Self Repair"],"picked":"Cold Snap+1","floor":27},{"not_picked":["Redo","Blizzard+1"],"picked":"Gash+1","floor":29},{"not_picked":["Machine Learning","Go for the Eyes+1"],"picked":"Redo","floor":30},{"not_picked":["Sweeping Beam+1","Heatsinks"],"picked":"Skim","floor":31},{"not_picked":["Thunder Strike+1","Fission"],"picked":"Biased Cognition","floor":33},{"not_picked":["Turbo","Barrage+1"],"picked":"Genetic Algorithm","floor":35},{"not_picked":["Purity","Magnetism"],"picked":"Jack Of All Trades","floor":36},{"not_picked":["Secret Technique","PanicButton"],"picked":"Dramatic Entrance+1","floor":36},{"not_picked":["Consume","Stack+1"],"picked":"Conserve Battery+1","floor":37},{"not_picked":["Stack","Rebound+1"],"picked":"Sunder+1","floor":39},{"not_picked":["Beam Cell+1","Cold Snap+1"],"picked":"Hello World+1","floor":41},{"not_picked":["Cold Snap+1","Beam Cell+1"],"picked":"Aggregate+1","floor":42},{"not_picked":["Glacier","Sweeping Beam+1"],"picked":"Streamline+1","floor":46},{"not_picked":["Consume+1","Streamline+1"],"picked":"Echo Form","floor":47},{"not_picked":["Rebound+1","Sweeping Beam+1"],"picked":"Lockon+1","floor":48}],"player_experience":38600,"relics_obtained":[{"floor":6,"key":"Molten Egg 2"},{"floor":9,"key":"Thread and Needle"},{"floor":13,"key":"Letter Opener"},{"floor":26,"key":"Happy Flower"},{"floor":43,"key":"Bag of Marbles"}],"event_choices":[{"damage_healed":0,"gold_gain":0,"player_choice":"Lose Max HP","damage_taken":0,"relics_obtained":["Golden Idol"],"max_hp_gain":0,"max_hp_loss":6,"event_name":"Golden Idol","floor":2,"gold_loss":0},{"cards_removed":["Strike_B"],"damage_healed":0,"gold_gain":0,"player_choice":"Card Removal","damage_taken":7,"max_hp_gain":0,"max_hp_loss":0,"event_name":"Golden Wing","floor":3,"gold_loss":0},{"damage_healed":0,"gold_gain":0,"player_choice":"Ignored","damage_taken":0,"max_hp_gain":0,"max_hp_loss":0,"event_name":"Ghosts","floor":22,"gold_loss":0},{"damage_healed":0,"gold_gain":0,"player_choice":"Memory 2","damage_taken":5,"max_hp_gain":0,"max_hp_loss":0,"event_name":"SensoryStone","floor":36,"gold_loss":0},{"damage_healed":17,"gold_gain":0,"player_choice":"Writhe","damage_taken":0,"max_hp_gain":0,"max_hp_loss":0,"event_name":"Winding Halls","floor":38,"gold_loss":0,"cards_obtained":["Writhe"]},{"damage_healed":0,"gold_gain":0,"player_choice":"Ignored","damage_taken":0,"max_hp_gain":0,"max_hp_loss":0,"event_name":"Tomb of Lord Red Mask","floor":45,"gold_loss":0}],"is_beta":false,"boss_relics":[{"not_picked":["Astrolabe","White Beast Statue"],"picked":"Lizard Tail"},{"not_picked":["Snecko Eye","Runic Dome"],"picked":"Black Star"}],"items_purged_floors":[],"is_endless":false,"potions_floor_spawned":[5,12,21,24,29,31,37,39,46,47],"killed_by":"Awakened One","ascension_level":0}