{"gold_per_floor":[114,114,114,114,126,138,165,192,204,231,243,270,282,309,321,433,445,472,499,174,189,189,219,219,31,56,71,41,56,56,106,106,206,206,221,21,0,15,15,45,45,45,45,45,60,75,90,105,105,105],"floor_reached":51,"playtime":2438,"items_purged":[],"score":939,"play_id":"3d5037a8-44f4-4f4d-93d2-b664b6d0951f","local_time":"20190514231546","daily_mods":["Cursed Run","Vintage","Terminal"],"is_ascension_mode":false,"campfire_choices":[{"data":"Neutralize","floor":6,"key":"SMITH"},{"data":"Strike_G","floor":11,"key":"SMITH"},{"data":"Strike_G","floor":13,"key":"SMITH"},{"data":"Strike_G","floor":15,"key":"SMITH"},{"data":"Cloak And Dagger","floor":24,"key":"SMITH"},{"data":"Burst","floor":30,"key":"SMITH"},{"data":"Blur","floor":32,"key":"SMITH"},{"data":"Defend_G","floor":42,"key":"SMITH"},{"data":"Survivor","floor":44,"key":"SMITH"},{"data":"Defend_G","floor":49,"key":"SMITH"}],"neow_cost":"","seed_source_timestamp":0,"circlet_count":0,"master_deck":["Defend_G","Defend_G","Defend_G+1","Defend_G+1","Strike_G+1","Strike_G+1","Strike_G+1","Survivor+1","Neutralize+1","Burst+1","Footwork+1","Caltrops+1","Cloak And Dagger+1","Choke+1","Footwork+1","Noxious Fumes+1","Blur+1","Noxious Fumes+1","Burst","Injury","Shame"],"special_seed":18031,"relics":["Cursed Key","Darkstone Periapt","Du-Vu Doll","Bag of Marbles","MawBank","Frozen Egg 2","Anchor","The Courier","Ornamental Fan","Centennial Puzzle","Shuriken","Sundial","Blue Candle","Vajra","Omamori","Ninja Scroll","Gremlin Horn","Bag of Preparation","Empty Cage","Mercury Hourglass","Mummified Hand","Red Mask","Bronze Scales","Dodecahedron","Paper Crane","Smiling Mask","PreservedInsect","Molten Egg 2","Singing Bowl"],"potions_floor_usage":[16,16,23,50],"damage_taken":[{"damage":0,"enemies":"Jaw Worm","floor":1,"turns":5},{"damage":0,"enemies":"Small Slimes","floor":7,"turns":4},{"damage":0,"enemies":"2 Louse","floor":8,"turns":2},{"damage":0,"enemies":"Red Slaver","floor":10,"turns":5},{"damage":0,"enemies":"2 Fungi Beasts","floor":12,"turns":4},{"damage":0,"enemies":"Gremlin Gang","floor":14,"turns":5},{"damage":0,"enemies":"The Guardian","floor":16,"turns":12},{"damage":3,"enemies":"Chosen","floor":18,"turns":5},{"damage":9,"enemies":"Spheric Guardian","floor":19,"turns":4},{"damage":0,"enemies":"Shelled Parasite and Fungi","floor":21,"turns":6},{"damage":9,"enemies":"Slavers","floor":23,"turns":6},{"damage":0,"enemies":"Centurion and Healer","floor":27,"turns":6},{"damage":0,"enemies":"3 Cultists","floor":29,"turns":5},{"damage":0,"enemies":"Champ","floor":33,"turns":11},{"damage":0,"enemies":"Orb Walker","floor":35,"turns":2},{"damage":0,"enemies":"3 Shapes","floor":38,"turns":2},{"damage":8,"enemies":"Giant Head","floor":40,"turns":9},{"damage":1,"enemies":"Maw","floor":45,"turns":6},{"damage":1,"enemies":"Transient","floor":46,"turns":5},{"damage":0,"enemies":"4 Shapes","floor":47,"turns":4},{"damage":0,"enemies":"Jaw Worm Horde","floor":48,"turns":3},{"damage":1,"enemies":"Awakened One","floor":50,"turns":12}],"seed_played":"-1876816699338199353","potions_obtained":[{"floor":7,"key":"LiquidBronze"},{"floor":8,"key":"SkillPotion"},{"floor":19,"key":"SpeedPotion"},{"floor":40,"key":"GamblersBrew"},{"floor":41,"key":"Regen Potion"},{"floor":41,"key":"Weak Potion"},{"floor":45,"key":"EssenceOfSteel"},{"floor":47,"key":"Strength Potion"}],"is_trial":false,"path_per_floor":["M","?","?","T","?","R","M","M","T","M","R","M","R","M","R","B",null,"M","M","$","M","?","E","R","$","T","M","$","M","R","T","R","B",null,"M","$","?","M","$","E","?","R","T","R","M","M","M","M","R","B",null],"character_chosen":"THE_SILENT","items_purchased":["Footwork+1","Caltrops+1","Blue Candle","Cloak And Dagger","Footwork+1","Noxious Fumes+1","Blur","Noxious Fumes+1","Mummified Hand"],"campfire_rested":0,"item_purchase_floors":[20,20,20,20,25,25,25,28,36],"current_hp_per_floor":[68,61,61,67,67,67,67,67,66,65,64,63,62,61,60,65,64,61,52,52,52,52,43,43,43,43,43,43,43,43,43,43,49,53,52,51,50,49,48,40,40,40,46,46,45,44,44,44,44,49],"gold":105,"neow_bonus":"","is_prod":false,"is_daily":true,"chose_seed":false,"campfire_upgraded":10,"win_rate":0,"timestamp":1557900946,"path_taken":["M","?","?","?","?","R","M","M","T","?","R","M","R","M","R","BOSS","M","M","$","M","?","E","R","$","T","M","$","?","R","?","R","BOSS","M","$","?","M","$","E","?","R","T","R","M","M","?","M","R","BOSS"],"build_version":"2019-01-23","purchased_purges":0,"victory":true,"max_hp_per_floor":[68,67,66,71,70,69,68,67,66,65,64,63,62,61,60,65,64,63,62,61,60,59,58,57,56,55,54,53,52,51,50,49,54,53,52,51,50,49,48,47,46,45,50,49,48,47,46,45,44,49],"card_choices":[{"not_picked":["Night Terror","Phantasmal Killer"],"picked":"Burst","floor":16},{"not_picked":["Underhanded Strike","Prepared"],"picked":"Choke+1","floor":23},{"not_picked":["Adrenaline","Venomology"],"picked":"Burst","floor":33},{"not_picked":["All Out Attack+1","Dodge and Roll+1","Bane+1"],"picked":"SKIP","floor":40},{"not_picked":["All Out Attack+1","Dodge and Roll+1","Bane+1"],"picked":"SKIP","floor":40}],"player_experience":574198,"relics_obtained":[{"floor":1,"key":"Bag of Marbles"},{"floor":4,"key":"MawBank"},{"floor":7,"key":"Frozen Egg 2"},{"floor":8,"key":"Anchor"},{"floor":10,"key":"The Courier"},{"floor":12,"key":"Ornamental Fan"},{"floor":14,"key":"Centennial Puzzle"},{"floor":18,"key":"Shuriken"},{"floor":19,"key":"Sundial"},{"floor":21,"key":"Vajra"},{"floor":23,"key":"Omamori"},{"floor":27,"key":"Ninja Scroll"},{"floor":29,"key":"Gremlin Horn"},{"floor":31,"key":"Bag of Preparation"},{"floor":35,"key":"Mercury Hourglass"},{"floor":38,"key":"Bronze Scales"},{"floor":40,"key":"Dodecahedron"},{"floor":43,"key":"Paper Crane"},{"floor":45,"key":"Smiling Mask"},{"floor":46,"key":"PreservedInsect"},{"floor":47,"key":"Molten Egg 2"},{"floor":48,"key":"Singing Bowl"}],"event_choices":[{"cards_removed":["Strike_G"],"damage_healed":0,"gold_gain":0,"player_choice":"Card Removal","damage_taken":7,"max_hp_gain":0,"max_hp_loss":0,"event_name":"Golden Wing","floor":2,"gold_loss":0},{"cards_removed":["Defend_G"],"damage_healed":0,"gold_gain":0,"player_choice":"Forget","damage_taken":0,"max_hp_gain":0,"max_hp_loss":0,"event_name":"Living Wall","floor":3,"gold_loss":0},{"cards_removed":["Normality"],"damage_healed":0,"gold_gain":0,"player_choice":"Removed Curses","damage_taken":0,"max_hp_gain":0,"max_hp_loss":0,"event_name":"Fountain of Cleansing","floor":5,"gold_loss":0},{"cards_removed":["Injury"],"damage_healed":0,"gold_gain":0,"player_choice":"Purged","damage_taken":0,"max_hp_gain":0,"max_hp_loss":0,"event_name":"Purifier","floor":22,"gold_loss":0},{"damage_healed":0,"gold_gain":0,"player_choice":"Paid","damage_taken":0,"relics_obtained":["Red Mask"],"max_hp_gain":0,"max_hp_loss":0,"event_name":"Tomb of Lord Red Mask","floor":37,"gold_loss":21},{"damage_healed":0,"gold_gain":0,"player_choice":"Got Potions","damage_taken":0,"max_hp_gain":0,"max_hp_loss":0,"event_name":"Lab","floor":41,"gold_loss":0}],"is_beta":false,"boss_relics":[{"not_picked":["Busted Crown","Philosopher\u0027s Stone","Fusion Hammer"]},{"not_picked":["Orrery","Snecko Eye"],"picked":"Empty Cage"}],"items_purged_floors":[],"is_endless":false,"potions_floor_spawned":[7,8,19,40,45,46,47],"ascension_level":0}