{"gold_per_floor":[361,381,123,135,152,152,181,195,245,245,258,291,291,311,311,408,408,422,522,522],"floor_reached":20,"playtime":1626,"items_purged":["Strike_B"],"score":260,"play_id":"bee9db89-dea2-42bb-b32a-98eab0c78e82","local_time":"20190404194823","is_ascension_mode":true,"campfire_choices":[{"data":"Sunder","floor":6.0,"key":"SMITH"},{"floor":10,"key":"REST"},{"floor":13,"key":"REST"},{"data":"Defragment","floor":15,"key":"SMITH"}],"neow_cost":"PERCENT_DAMAGE","seed_source_timestamp":83085202155293,"circlet_count":0,"master_deck":["Strike_B","Strike_B","Strike_B","Defend_B","Defend_B","Defend_B","Defend_B","Zap","Dualcast","Barrage","Cold Snap","Sunder+1","Darkness","Self Repair","Compile Driver","Capacitor","Chill","Ball Lightning","Electrodynamics","Defragment+1","Creative AI","Cold Snap","Auto Shields"],"special_seed":0,"relics":["Cracked Core","Matryoshka","Bag of Marbles","Bag of Preparation","Potion Belt","Inserter","Ice Cream","Question Card"],"potions_floor_usage":[7,19,19],"damage_taken":[{"damage":2.0,"enemies":"Jaw Worm","floor":1.0,"turns":3.0},{"damage":2.0,"enemies":"2 Louse","floor":2.0,"turns":3.0},{"damage":0.0,"enemies":"Cultist","floor":4.0,"turns":3.0},{"damage":11.0,"enemies":"Blue Slaver","floor":5.0,"turns":4.0},{"damage":31,"enemies":"Lagavulin","floor":7,"turns":4},{"damage":9,"enemies":"Red Slaver","floor":8,"turns":5},{"damage":10,"enemies":"Looter","floor":11,"turns":4},{"damage":4,"enemies":"Gremlin Nob","floor":12,"turns":3},{"damage":9,"enemies":"Blue Slaver","floor":14,"turns":4},{"damage":7,"enemies":"Slime Boss","floor":16,"turns":8},{"damage":12,"enemies":"Chosen","floor":18,"turns":5},{"damage":34,"enemies":"Colosseum Slavers","floor":19,"turns":3},{"damage":25,"enemies":"Colosseum Nobs","floor":19,"turns":3},{"damage":12,"enemies":"Spheric Guardian","floor":20,"turns":3}],"seed_played":"-8124689865494841674","potions_obtained":[{"floor":4.0,"key":"FearPotion"},{"floor":7,"key":"FearPotion"},{"floor":11,"key":"Energy Potion"},{"floor":12,"key":"Ancient Potion"},{"floor":18,"key":"PowerPotion"}],"is_trial":false,"path_per_floor":["M","M","$","M","M","R","E","M","T","R","M","E","R","M","R","B",null,"M","?","M"],"character_chosen":"DEFECT","items_purchased":["Sunder","Darkness","Self Repair"],"campfire_rested":2,"item_purchase_floors":[3,3,3],"current_hp_per_floor":[48,46,46,53,49,49,18,16,16,38,35,31,53,51,51,44,67,62,10,0],"gold":522,"neow_bonus":"TWO_FIFTY_GOLD","is_prod":false,"is_daily":false,"chose_seed":false,"campfire_upgraded":2,"win_rate":0,"timestamp":1554400103,"path_taken":["M","M","$","M","M","R","E","M","T","R","M","E","R","M","R","BOSS","M","?","M"],"build_version":"2019-01-23","purchased_purges":1,"victory":false,"max_hp_per_floor":[75,75,75,75,75,75,75,75,75,75,75,75,75,75,75,75,75,75,75,75],"card_choices":[{"not_picked":["Hologram","Chaos"],"picked":"Barrage","floor":1.0},{"not_picked":["Turbo","Fusion"],"picked":"Cold Snap","floor":2.0},{"not_picked":["Streamline","Conserve Battery"],"picked":"Compile Driver","floor":4.0},{"not_picked":["Turbo","Compile Driver","Streamline"],"picked":"SKIP","floor":5.0},{"not_picked":["Go for the Eyes","FTL"],"picked":"Capacitor","floor":7},{"not_picked":["Static Discharge","Fusion"],"picked":"Chill","floor":8},{"not_picked":["Hologram","Lockon"],"picked":"Ball Lightning","floor":11},{"not_picked":["Beam Cell","Steam"],"picked":"Electrodynamics","floor":12},{"not_picked":["Undo","Rebound"],"picked":"Defragment","floor":14},{"not_picked":["Thunder Strike","Multi-Cast"],"picked":"Creative AI","floor":16},{"not_picked":["Hologram","Rebound"],"picked":"Cold Snap","floor":18},{"not_picked":["Conserve Battery+1","Go for the Eyes+1"],"picked":"Auto Shields","floor":19}],"player_experience":392599,"relics_obtained":[{"floor":7,"key":"Matryoshka"},{"floor":9,"key":"Bag of Marbles"},{"floor":9,"key":"Bag of Preparation"},{"floor":12,"key":"Potion Belt"},{"floor":19,"key":"Ice Cream"},{"floor":19,"key":"Question Card"}],"event_choices":[{"damage_healed":0,"gold_gain":0,"player_choice":"Fight","damage_taken":0,"max_hp_gain":0,"max_hp_loss":0,"event_name":"Colosseum","floor":19,"gold_loss":0},{"damage_healed":0,"gold_gain":0,"player_choice":"Fought Nobs","damage_taken":0,"max_hp_gain":0,"max_hp_loss":0,"event_name":"Colosseum","floor":19,"gold_loss":0}],"is_beta":false,"boss_relics":[{"not_picked":["Cursed Key","Ectoplasm"],"picked":"Inserter"}],"items_purged_floors":[3],"is_endless":false,"potions_floor_spawned":[4,7,11,12,18],"killed_by":"Spheric Guardian","ascension_level":8}