{"gold_per_floor":[111,36,36,53,64,64,96,96,96,96],"floor_reached":10,"playtime":423,"items_purged":["Pain"],"score":89,"play_id":"628d40a7-fa38-4fe2-ae8c-16b90bdf5f6f","local_time":"20190113174822","is_ascension_mode":true,"campfire_choices":[{"data":"Endless Agony","floor":6,"key":"SMITH"}],"neow_cost":"NONE","seed_source_timestamp":455754115453744,"circlet_count":0,"master_deck":["Defend_G","Defend_G","Defend_G","Defend_G","Defend_G","Strike_G","Strike_G","Strike_G","Strike_G","Strike_G","Survivor","Neutralize","Decay","Clumsy","Dagger Throw","Endless Agony+1","Blade Dance","Catalyst"],"relics":["Calling Bell","Strawberry","Frozen Egg 2","Gambling Chip","Letter Opener","Darkstone Periapt"],"potions_floor_usage":[7,7,10],"damage_taken":[{"damage":7,"enemies":"Small Slimes","floor":1,"turns":5},{"damage":0,"enemies":"Cultist","floor":4,"turns":4},{"damage":0,"enemies":"2 Louse","floor":5,"turns":3},{"damage":12,"enemies":"Gremlin Nob","floor":7,"turns":4},{"damage":51,"enemies":"3 Sentries","floor":10,"turns":8}],"seed_played":"1992789909271063082","potions_obtained":[{"floor":1,"key":"AttackPotion"},{"floor":3,"key":"GhostInAJar"},{"floor":3,"key":"LiquidBronze"}],"is_trial":false,"path_per_floor":["M","$","?","M","M","R","E","?","T","E"],"character_chosen":"THE_SILENT","items_purchased":[],"campfire_rested":0,"item_purchase_floors":[],"current_hp_per_floor":[63,63,63,63,63,63,51,51,51,0],"gold":96,"neow_bonus":"BOSS_RELIC","is_prod":false,"is_daily":false,"chose_seed":false,"campfire_upgraded":1,"win_rate":0,"timestamp":1547430502,"path_taken":["M","$","?","?","?","R","E","?","T","E"],"build_version":"2019-01-10","purchased_purges":1,"victory":false,"max_hp_per_floor":[77,77,77,77,77,77,77,77,77,77],"card_choices":[{"not_picked":["Cloak And Dagger","Masterful Stab"],"picked":"Dagger Throw","floor":1},{"not_picked":["Slice","Dagger Throw"],"picked":"Endless Agony","floor":4},{"not_picked":["PiercingWail","Poisoned Stab"],"picked":"Blade Dance","floor":5},{"not_picked":["Poisoned Stab","Bane"],"picked":"Catalyst","floor":7}],"player_experience":327271,"relics_obtained":[{"floor":0,"key":"Strawberry"},{"floor":0,"key":"Frozen Egg 2"},{"floor":0,"key":"Gambling Chip"},{"floor":7,"key":"Letter Opener"},{"floor":9,"key":"Darkstone Periapt"}],"event_choices":[{"damage_healed":0,"gold_gain":0,"player_choice":"Got Potions","damage_taken":0,"max_hp_gain":0,"max_hp_loss":0,"event_name":"Lab","floor":3,"gold_loss":0},{"damage_healed":0,"gold_gain":0,"player_choice":"Ignored","damage_taken":0,"max_hp_gain":0,"max_hp_loss":0,"event_name":"Liars Game","floor":8,"gold_loss":0}],"is_beta":false,"boss_relics":[],"items_purged_floors":[2],"is_endless":false,"potions_floor_spawned":[1],"killed_by":"3 Sentries","ascension_level":7}