{"gold_per_floor":[117,217,230,230,250,250,261,274,274,293,319,76,101,101,101,198,198,218,218,228,228,242,242,260,260],"floor_reached":25,"playtime":3142,"items_purged":["Strike_G"],"score":205,"play_id":"a00b57da-ad99-41f2-bb59-4515ca2db6e9","local_time":"20181202171638","is_ascension_mode":false,"campfire_choices":[{"data":"Neutralize","floor":6,"key":"SMITH"},{"data":"Mayhem","floor":15,"key":"SMITH"},{"floor":23,"key":"REST"}],"neow_cost":"NONE","seed_source_timestamp":1581389624219242,"circlet_count":0,"master_deck":["Defend_G","Defend_G","Defend_G","Defend_G","Defend_G","Strike_G","Strike_G","Strike_G","Survivor","Neutralize+1","Blind+1","Outmaneuver","Dash","Well Laid Plans","Footwork","Envenom","Underhanded Strike","Setup","Mayhem+1","Acrobatics","Quick Slash","Strike_G","Riddle With Holes","Cloak And Dagger"],"relics":["Ring of the Snake","Meat on the Bone","Art of War","Odd Mushroom","Ninja Scroll","Nloth\u0027s Gift"],"potions_floor_usage":[20],"damage_taken":[{"damage":1,"enemies":"2 Louse","floor":1,"turns":3},{"damage":0,"enemies":"Cultist","floor":3,"turns":5},{"damage":0,"enemies":"Small Slimes","floor":5,"turns":6},{"damage":0,"enemies":"Looter","floor":7,"turns":4},{"damage":8,"enemies":"2 Fungi Beasts","floor":8,"turns":4},{"damage":2,"enemies":"Red Slaver","floor":10,"turns":6},{"damage":9,"enemies":"Lagavulin","floor":11,"turns":12},{"damage":13,"enemies":"The Mushroom Lair","floor":13,"turns":8},{"damage":27,"enemies":"Slime Boss","floor":16,"turns":16},{"damage":17,"enemies":"Chosen","floor":18,"turns":8},{"damage":14,"enemies":"Spheric Guardian","floor":20,"turns":6},{"damage":34,"enemies":"Centurion and Healer","floor":22,"turns":11},{"damage":18,"enemies":"Shelled Parasite and Fungi","floor":24,"turns":11},{"damage":35,"enemies":"3 Cultists","floor":25,"turns":4}],"seed_played":"7990028205911850394","potions_obtained":[{"floor":7,"key":"Weak Potion"},{"floor":10,"key":"SteroidPotion"},{"floor":13,"key":"Swift Potion"},{"floor":16,"key":"EssenceOfSteel"}],"is_trial":false,"path_per_floor":["M","?","M","?","M","R","M","M","T","M","E","$","?","T","R","B",null,"M","?","M","?","M","R","M","M"],"character_chosen":"THE_SILENT","items_purchased":["Mayhem"],"campfire_rested":1,"item_purchase_floors":[12],"current_hp_per_floor":[69,69,69,69,69,69,69,61,61,59,50,50,37,37,37,22,70,53,53,39,39,17,38,32,0],"gold":260,"neow_bonus":"RANDOM_COLORLESS","is_prod":false,"is_daily":false,"chose_seed":false,"campfire_upgraded":2,"win_rate":0.0,"timestamp":1543799798,"path_taken":["M","?","?","?","M","R","M","M","T","M","E","$","?","?","R","BOSS","M","?","?","?","M","R","M","M"],"build_version":"2018-11-15","purchased_purges":1,"victory":false,"max_hp_per_floor":[70,70,70,70,70,70,70,70,70,70,70,70,70,70,70,70,70,70,70,70,70,70,70,70,70],"card_choices":[{"not_picked":["Underhanded Strike","Bane"],"picked":"Outmaneuver","floor":1},{"not_picked":["Bane","Outmaneuver"],"picked":"Dash","floor":3},{"not_picked":["Quick Slash","Distraction"],"picked":"Well Laid Plans","floor":5},{"not_picked":["Prepared","Distraction"],"picked":"Footwork","floor":7},{"not_picked":["PiercingWail","Finisher"],"picked":"Envenom","floor":8},{"not_picked":["Outmaneuver","Bane"],"picked":"Underhanded Strike","floor":10},{"not_picked":["Poisoned Stab","Well Laid Plans"],"picked":"Setup","floor":11},{"not_picked":["Sucker Punch","Quick Slash"],"picked":"Acrobatics","floor":13},{"not_picked":[],"picked":"Quick Slash","floor":18},{"not_picked":["Sucker Punch+1"],"picked":"SKIP","floor":20},{"not_picked":["Well Laid Plans","Quick Slash+1"],"picked":"Riddle With Holes","floor":22},{"not_picked":["Dodge and Roll","PiercingWail"],"picked":"Cloak And Dagger","floor":24}],"player_experience":71846,"relics_obtained":[{"floor":9,"key":"Meat on the Bone"},{"floor":11,"key":"Art of War"},{"floor":13,"key":"Odd Mushroom"},{"floor":14,"key":"Ninja Scroll"}],"event_choices":[{"damage_healed":0,"gold_gain":100,"player_choice":"Pray","damage_taken":0,"max_hp_gain":0,"max_hp_loss":0,"event_name":"Golden Shrine","floor":2,"gold_loss":0},{"damage_healed":0,"gold_gain":0,"player_choice":"Grow","damage_taken":0,"max_hp_gain":0,"max_hp_loss":0,"event_name":"Living Wall","floor":4,"gold_loss":0,"cards_upgraded":["Blind"]},{"damage_healed":0,"gold_gain":0,"player_choice":"Fought Mushrooms","damage_taken":0,"max_hp_gain":0,"max_hp_loss":0,"event_name":"Mushrooms","floor":13,"gold_loss":0},{"cards_removed":["Strike_G"],"damage_healed":0,"gold_gain":0,"player_choice":"Took Card","damage_taken":0,"max_hp_gain":0,"max_hp_loss":0,"event_name":"NoteForYourself","floor":19,"gold_loss":0,"cards_obtained":["Strike_G"]},{"damage_healed":0,"gold_gain":0,"player_choice":"Traded Relic","damage_taken":0,"relics_obtained":["Nloth\u0027s Gift"],"max_hp_gain":0,"max_hp_loss":0,"event_name":"N\u0027loth","floor":21,"relics_lost":["Busted Crown"],"gold_loss":0}],"is_beta":false,"boss_relics":[{"not_picked":["Calling Bell","Snecko Eye"],"picked":"Busted Crown"}],"items_purged_floors":[12],"is_endless":false,"potions_floor_spawned":[7,10,13,16,18],"killed_by":"3 Cultists","ascension_level":0}