{"gold_per_floor":[112,112,122,137,15,42,42,67,148,220,231,231,247,262,262,359,359,369,386,386,402,414,449,467,482,482,482,501,501,511,511],"floor_reached":31,"playtime":2929,"items_purged":["Strike_G"],"score":387,"play_id":"54b296f7-240a-4f56-b4c8-1791abcb56cb","local_time":"20190103022031","is_ascension_mode":true,"campfire_choices":[{"floor":7,"key":"REST"},{"data":"Deadly Poison","floor":12,"key":"SMITH"},{"data":"Burst","floor":15,"key":"SMITH"},{"data":"Poisoned Stab","floor":27,"key":"SMITH"},{"data":"Cloak And Dagger","floor":29,"key":"SMITH"}],"neow_cost":"NONE","seed_source_timestamp":1102832365575846,"circlet_count":0,"master_deck":["Defend_G","Defend_G","Defend_G","Defend_G","Defend_G","Strike_G","Strike_G","Strike_G","Strike_G+1","Survivor","Neutralize","Dodge and Roll+1","Deadly Poison+1","Dagger Spray+1","Cloak And Dagger+1","Backflip","Outmaneuver","Blur","Burst+1","Cloak And Dagger","Corpse Explosion","Blur+1","Poisoned Stab+1","Cloak And Dagger","Backflip+1","Infinite Blades","Backflip"],"relics":["Ring of the Snake","Bag of Marbles","StoneCalendar","Whetstone","Darkstone Periapt","Meat on the Bone","Philosopher\u0027s Stone","Tingsha"],"potions_floor_usage":[6,14,23,24,30,31,31,31,31,31],"damage_taken":[{"damage":4,"enemies":"Jaw Worm","floor":1,"turns":3},{"damage":0,"enemies":"Cultist","floor":3,"turns":4},{"damage":1,"enemies":"Small Slimes","floor":4,"turns":4},{"damage":49,"enemies":"Lagavulin","floor":6,"turns":9},{"damage":17,"enemies":"3 Sentries","floor":8,"turns":7},{"damage":8,"enemies":"Exordium Thugs","floor":11,"turns":6},{"damage":0,"enemies":"2 Fungi Beasts","floor":13,"turns":3},{"damage":11,"enemies":"Exordium Wildlife","floor":14,"turns":4},{"damage":24,"enemies":"Slime Boss","floor":16,"turns":7},{"damage":0,"enemies":"3 Byrds","floor":18,"turns":3},{"damage":9,"enemies":"Chosen","floor":19,"turns":7},{"damage":18,"enemies":"Shelled Parasite and Fungi","floor":21,"turns":4},{"damage":14,"enemies":"Snake Plant","floor":22,"turns":4},{"damage":27,"enemies":"Slavers","floor":23,"turns":4},{"damage":0,"enemies":"3 Cultists","floor":24,"turns":3},{"damage":5,"enemies":"Centurion and Healer","floor":25,"turns":6},{"damage":4,"enemies":"Cultist and Chosen","floor":28,"turns":3},{"damage":3,"enemies":"Shelled Parasite and Fungi","floor":30,"turns":3},{"damage":3,"enemies":"Colosseum Slavers","floor":31,"turns":2},{"damage":64,"enemies":"Colosseum Nobs","floor":31,"turns":5}],"seed_played":"-6837888589947885939","potions_obtained":[{"floor":1,"key":"AttackPotion"},{"floor":8,"key":"PowerPotion"},{"floor":16,"key":"SteroidPotion"},{"floor":19,"key":"GhostInAJar"},{"floor":20,"key":"PowerPotion"},{"floor":23,"key":"Explosive Potion"},{"floor":25,"key":"EntropicBrew"}],"is_trial":false,"path_per_floor":["M","?","M","M","$","E","R","E","T","T","M","R","M","M","R","B",null,"M","M","?","M","M","E","M","M","T","R","M","R","M","?"],"character_chosen":"THE_SILENT","items_purchased":["Cloak And Dagger"],"campfire_rested":1,"item_purchase_floors":[5],"current_hp_per_floor":[59,59,59,58,58,9,30,13,13,13,17,17,29,30,30,18,57,57,48,48,42,40,25,37,44,44,44,40,40,37,0],"gold":511,"neow_bonus":"RANDOM_COMMON_RELIC","is_prod":false,"is_daily":false,"chose_seed":false,"campfire_upgraded":4,"win_rate":0,"timestamp":1546510831,"path_taken":["M","?","?","M","$","E","R","E","T","?","M","R","M","?","R","BOSS","M","M","?","M","M","E","M","?","T","R","M","R","M","?"],"build_version":"2018-12-20","purchased_purges":1,"victory":false,"max_hp_per_floor":[70,70,70,70,70,70,70,70,70,70,70,70,70,70,70,70,70,70,70,70,70,70,70,70,70,70,70,70,70,70,70],"card_choices":[{"not_picked":["Skewer","PiercingWail"],"picked":"Dodge and Roll","floor":1},{"not_picked":["Sucker Punch","Flying Knee"],"picked":"Deadly Poison","floor":3},{"not_picked":["Slice","Sucker Punch"],"picked":"Dagger Spray","floor":4},{"not_picked":["Calculated Gamble","Eviscerate"],"picked":"Backflip","floor":6},{"not_picked":["Deflect","Flying Knee"],"picked":"Outmaneuver","floor":8},{"not_picked":["Reflex","Dagger Spray"],"picked":"Blur","floor":11},{"not_picked":["Heel Hook","Deflect"],"picked":"Burst","floor":13},{"not_picked":["Setup","Blade Dance"],"picked":"Cloak And Dagger","floor":14},{"not_picked":["Wraith Form v2","Phantasmal Killer"],"picked":"Corpse Explosion","floor":16},{"not_picked":["Slice","Prepared"],"picked":"Blur+1","floor":18},{"not_picked":["Reflex","Choke"],"picked":"Poisoned Stab","floor":19},{"not_picked":["PiercingWail","Expertise"],"picked":"Cloak And Dagger","floor":21},{"not_picked":["Outmaneuver","Dagger Throw"],"picked":"Backflip+1","floor":22},{"not_picked":["Finisher","Slice"],"picked":"Infinite Blades","floor":23},{"not_picked":["Prepared+1","Flying Knee","Bane"],"picked":"SKIP","floor":24},{"not_picked":["Eviscerate","Dagger Throw","Choke+1"],"picked":"SKIP","floor":25},{"not_picked":["Deflect","Cloak And Dagger"],"picked":"Backflip","floor":28},{"not_picked":["PiercingWail+1","Dagger Spray+1","Bane"],"picked":"SKIP","floor":30}],"player_experience":259035,"relics_obtained":[{"floor":6,"key":"StoneCalendar"},{"floor":8,"key":"Whetstone"},{"floor":9,"key":"Darkstone Periapt"},{"floor":10,"key":"Meat on the Bone"},{"floor":23,"key":"Tingsha"}],"event_choices":[{"damage_healed":0,"gold_gain":0,"player_choice":"Upgraded","damage_taken":0,"max_hp_gain":0,"max_hp_loss":0,"event_name":"Upgrade Shrine","floor":2,"gold_loss":0,"cards_upgraded":["Dodge and Roll"]},{"damage_healed":0,"gold_gain":0,"player_choice":"Got Potions","damage_taken":0,"max_hp_gain":0,"max_hp_loss":0,"event_name":"Lab","floor":20,"gold_loss":0},{"damage_healed":0,"gold_gain":0,"player_choice":"Fight","damage_taken":0,"max_hp_gain":0,"max_hp_loss":0,"event_name":"Colosseum","floor":31,"gold_loss":0},{"damage_healed":0,"gold_gain":0,"player_choice":"Fought Nobs","damage_taken":0,"max_hp_gain":0,"max_hp_loss":0,"event_name":"Colosseum","floor":31,"gold_loss":0}],"is_beta":false,"boss_relics":[{"not_picked":["Tiny House","Calling Bell"],"picked":"Philosopher\u0027s Stone"}],"items_purged_floors":[5],"is_endless":false,"potions_floor_spawned":[1,8,16,19,22,23,25,31],"killed_by":"Colosseum Nobs","ascension_level":6}