{"gold_per_floor":[119,139,119,132,142,176,192,192,192,63,63,97,113,113,113,192,192,202,216,216,232,232,232],"floor_reached":23,"playtime":1851,"items_purged":["Strike_B"],"score":396,"play_id":"88bf1268-99fa-4ffa-8114-4d66ac7f5585","local_time":"20190604123026","is_ascension_mode":true,"campfire_choices":[{"floor":8,"key":"REST"},{"floor":15,"key":"REST"}],"neow_cost":"NONE","seed_source_timestamp":1702868233853803,"circlet_count":0,"master_deck":["AscendersBane","Strike_B","Strike_B+1","Strike_B","Defend_B","Defend_B+1","Defend_B","Defend_B","Zap","Dualcast","Cold Snap","Genetic Algorithm","Sunder","Gash","Streamline","Gash","Biased Cognition","Glacier","Beam Cell","Writhe","White Noise"],"relics":["Cracked Core","Torii","Incense Burner","Emotion Chip","Inserter","Frozen Egg 2","Singing Bowl"],"potions_floor_usage":[5,5,12,16,16,21,21,23],"damage_taken":[{"damage":4,"enemies":"Jaw Worm","floor":1,"turns":4},{"damage":1,"enemies":"Cultist","floor":2,"turns":3},{"damage":0,"enemies":"Small Slimes","floor":4,"turns":3},{"damage":15,"enemies":"Exordium Thugs","floor":5,"turns":6},{"damage":33,"enemies":"3 Sentries","floor":6,"turns":9},{"damage":8,"enemies":"Lots of Slimes","floor":7,"turns":5},{"damage":6,"enemies":"Gremlin Nob","floor":12,"turns":3},{"damage":0,"enemies":"3 Louse","floor":13,"turns":4},{"damage":15,"enemies":"Hexaghost","floor":16,"turns":9},{"damage":22,"enemies":"Chosen","floor":18,"turns":5},{"damage":15,"enemies":"Shell Parasite","floor":19,"turns":10},{"damage":20,"enemies":"3 Cultists","floor":21,"turns":6},{"damage":8,"enemies":"Book of Stabbing","floor":23,"turns":1}],"seed_played":"6372215310347727915","potions_obtained":[{"floor":1,"key":"Energy Potion"},{"floor":3,"key":"Block Potion"},{"floor":7,"key":"LiquidBronze"},{"floor":12,"key":"Strength Potion"},{"floor":16,"key":"Weak Potion"},{"floor":18,"key":"EssenceOfSteel"},{"floor":21,"key":"FocusPotion"}],"is_trial":false,"path_per_floor":["M","M","?","M","M","E","M","R","T","$","?","E","M","?","R","B",null,"M","M","?","M","T","E"],"character_chosen":"DEFECT","items_purchased":["Fire Potion"],"campfire_rested":2,"item_purchase_floors":[10],"current_hp_per_floor":[67,66,66,66,51,18,10,33,33,33,33,27,27,4,27,12,62,40,25,25,5,5,0],"gold":232,"neow_bonus":"TEN_PERCENT_HP_BONUS","is_prod":false,"is_daily":false,"chose_seed":false,"campfire_upgraded":0,"win_rate":0,"timestamp":1559644226,"path_taken":["M","M","?","?","M","E","M","R","T","$","?","E","?","?","R","BOSS","M","M","?","M","?","E"],"build_version":"2019-01-23","purchased_purges":1,"victory":false,"max_hp_per_floor":[78,78,78,78,78,78,78,78,78,78,78,78,78,78,78,78,78,78,78,78,78,78,78],"card_choices":[{"not_picked":["FTL","Go for the Eyes"],"picked":"Cold Snap","floor":1},{"not_picked":["Stack","Auto Shields"],"picked":"Genetic Algorithm","floor":2},{"not_picked":["Rebound","Reprogram","Chill"],"picked":"SKIP","floor":4},{"not_picked":["Scrape","Blizzard"],"picked":"Sunder","floor":5},{"not_picked":["Hologram","Force Field","Auto Shields"],"picked":"SKIP","floor":6},{"not_picked":["Compile Driver","Rainbow"],"picked":"Gash","floor":7},{"not_picked":["Auto Shields","Sunder"],"picked":"Streamline","floor":12},{"not_picked":["Storm","Turbo"],"picked":"Gash","floor":13},{"not_picked":["Amplify","Seek"],"picked":"Biased Cognition","floor":16},{"not_picked":["Ball Lightning","Static Discharge"],"picked":"Glacier","floor":18},{"not_picked":["Redo","Tempest+1"],"picked":"Beam Cell","floor":19},{"not_picked":["Chaos","Beam Cell"],"picked":"White Noise","floor":21}],"player_experience":788981,"relics_obtained":[{"floor":6,"key":"Torii"},{"floor":9,"key":"Incense Burner"},{"floor":12,"key":"Emotion Chip"},{"floor":22,"key":"Singing Bowl"}],"event_choices":[{"damage_healed":0,"gold_gain":0,"player_choice":"Bought 1 Potion","damage_taken":0,"max_hp_gain":0,"max_hp_loss":0,"event_name":"The Woman in Blue","floor":3,"gold_loss":0},{"damage_healed":0,"gold_gain":0,"player_choice":"Got Potions","damage_taken":0,"max_hp_gain":0,"max_hp_loss":0,"event_name":"Lab","floor":11,"gold_loss":0},{"damage_healed":0,"gold_gain":0,"player_choice":"Entered Light","damage_taken":23,"max_hp_gain":0,"max_hp_loss":0,"event_name":"Shining Light","floor":14,"gold_loss":0,"cards_upgraded":["Defend_B","Strike_B"]},{"damage_healed":0,"gold_gain":0,"player_choice":"Opened","damage_taken":0,"relics_obtained":["Frozen Egg 2"],"max_hp_gain":0,"max_hp_loss":0,"event_name":"The Mausoleum","floor":20,"gold_loss":0,"cards_obtained":["Writhe"]}],"is_beta":false,"boss_relics":[{"not_picked":["Calling Bell","Nuclear Battery"],"picked":"Inserter"}],"items_purged_floors":[10],"is_endless":false,"potions_floor_spawned":[1,7,12,16,18,21],"killed_by":"Book of Stabbing","ascension_level":19}