{"gold_per_floor":[112,112,131,56,66,66,100,0,53,53,28,73,73,89,89,188,188,175,190,207,58,58],"floor_reached":22,"playtime":1169,"items_purged":["Strike_B","Strike_B"],"score":258,"play_id":"45309c8c-9eb3-42da-ae1d-79eb74365ff6","local_time":"20190320201806","is_ascension_mode":true,"campfire_choices":[{"data":"Zap","floor":6,"key":"SMITH"},{"data":"Coolheaded","floor":10,"key":"SMITH"},{"floor":13,"key":"REST"},{"data":"Conserve Battery","floor":15,"key":"SMITH"}],"neow_cost":"NONE","seed_source_timestamp":449283264627181,"circlet_count":0,"master_deck":["Strike_B","Strike_B","Defend_B","Defend_B","Defend_B","Defend_B","Zap+1","Dualcast","Gash","Dark Shackles","Coolheaded+1","Conserve Battery","Melter","Conserve Battery+1","Rainbow","Gash","Rebound","Conserve Battery","Coolheaded","Leap+1","Hologram","Go for the Eyes"],"relics":["Cracked Core","NeowsBlessing","Strawberry","DataDisk","Lantern","Orrery"],"potions_floor_usage":[7,18],"damage_taken":[{"damage":0,"enemies":"Small Slimes","floor":1,"turns":1},{"damage":0,"enemies":"Cultist","floor":3,"turns":1},{"damage":0,"enemies":"Jaw Worm","floor":5,"turns":1},{"damage":38,"enemies":"3 Sentries","floor":7,"turns":10},{"damage":0,"enemies":"Looter","floor":14,"turns":3},{"damage":47,"enemies":"Slime Boss","floor":16,"turns":14},{"damage":12,"enemies":"2 Thieves","floor":18,"turns":4},{"damage":0,"enemies":"Spheric Guardian","floor":19,"turns":3},{"damage":46,"enemies":"3 Cultists","floor":20,"turns":7},{"damage":10,"enemies":"Snecko","floor":22,"turns":2}],"seed_played":"-47333052279508246","potions_obtained":[{"floor":3,"key":"GamblersBrew"},{"floor":7,"key":"LiquidBronze"}],"is_trial":false,"path_per_floor":["M","?","M","$","M","R","E","$","T","R","?","T","R","M","R","B",null,"M","M","M","$","M"],"character_chosen":"DEFECT","items_purchased":["Fire Potion","Go for the Eyes","Explosive Potion"],"campfire_rested":1,"item_purchase_floors":[21,21,21],"current_hp_per_floor":[68,68,68,68,68,68,37,37,37,37,37,37,61,61,61,14,65,53,53,7,7,0],"gold":58,"neow_bonus":"THREE_ENEMY_KILL","is_prod":false,"is_daily":false,"chose_seed":false,"campfire_upgraded":3,"win_rate":0,"timestamp":1553102286,"path_taken":["M","?","?","$","M","R","E","?","T","R","?","?","R","M","R","BOSS","M","M","M","$","M"],"build_version":"2019-01-23","purchased_purges":2,"victory":false,"max_hp_per_floor":[75,75,75,75,75,75,82,82,82,82,82,82,82,82,82,82,82,82,82,82,82,82],"card_choices":[{"not_picked":["Beam Cell","Redo"],"picked":"Gash","floor":1},{"not_picked":["Beam Cell","Static Discharge"],"picked":"Coolheaded","floor":3},{"not_picked":["Ball Lightning","Hologram"],"picked":"Conserve Battery","floor":5},{"not_picked":["Chaos","Compile Driver"],"picked":"Melter","floor":7},{"not_picked":["Hello World","Barrage"],"picked":"Conserve Battery","floor":14},{"not_picked":["Reboot","Machine Learning"],"picked":"Rainbow","floor":16},{"not_picked":["Reinforced Body","Beam Cell"],"picked":"Gash","floor":17},{"not_picked":["Stack","Storm"],"picked":"Rebound","floor":17},{"not_picked":["Turbo","Leap"],"picked":"Conserve Battery","floor":17},{"not_picked":["Capacitor","Thunder Strike"],"picked":"Coolheaded","floor":17},{"not_picked":["Steam","Loop"],"picked":"Leap+1","floor":18},{"not_picked":["Recycle","Barrage"],"picked":"Hologram","floor":19},{"not_picked":["Aggregate","Turbo","Coolheaded"],"picked":"SKIP","floor":20}],"player_experience":369376,"relics_obtained":[{"floor":7,"key":"Strawberry"},{"floor":9,"key":"DataDisk"},{"floor":12,"key":"Lantern"}],"event_choices":[{"damage_healed":0,"gold_gain":0,"player_choice":"1 cards matched","damage_taken":0,"max_hp_gain":0,"max_hp_loss":0,"event_name":"Match and Keep!","floor":2,"gold_loss":0,"cards_obtained":["Dark Shackles"]},{"damage_healed":0,"gold_gain":0,"player_choice":"Left Gold","damage_taken":0,"max_hp_gain":0,"max_hp_loss":0,"event_name":"World of Goop","floor":11,"gold_loss":25}],"is_beta":false,"boss_relics":[{"not_picked":["Eternal Feather","Ectoplasm"],"picked":"Orrery"}],"items_purged_floors":[4,8],"is_endless":false,"potions_floor_spawned":[3,7],"killed_by":"Snecko","ascension_level":8}