{"gold_per_floor":[112,129,129,46,46,46,76,89,139,152,152,164,199,211,211,314,314,324,52,52],"floor_reached":20,"playtime":969,"items_purged":[],"score":307,"play_id":"2408e62d-e0c2-406e-b099-cf544add6a63","local_time":"20190103191454","is_ascension_mode":true,"campfire_choices":[{"data":"Noxious Fumes","floor":6,"key":"SMITH"},{"data":"Noxious Fumes","floor":11,"key":"SMITH"},{"data":"Footwork","floor":15,"key":"SMITH"}],"neow_cost":"NONE","seed_source_timestamp":1165655825842491,"circlet_count":0,"master_deck":["Defend_G","Defend_G","Defend_G","Defend_G","Defend_G","Strike_G","Strike_G","Strike_G","Strike_G","Strike_G","Survivor","Neutralize","Noxious Fumes+1","Noxious Fumes+1","Backflip","Backflip","Leg Sweep","Dodge and Roll","Footwork+1","Backflip","Blur","Predator","Noxious Fumes","Panache"],"relics":["Ring of the Snake","NeowsBlessing","Dodecahedron","Happy Flower","Sozu"],"potions_floor_usage":[7,7,12,13,16,20],"damage_taken":[{"damage":0,"enemies":"Cultist","floor":1,"turns":1},{"damage":0,"enemies":"Small Slimes","floor":2,"turns":1},{"damage":0,"enemies":"Jaw Worm","floor":3,"turns":1},{"damage":18,"enemies":"Gremlin Nob","floor":7,"turns":4},{"damage":4,"enemies":"3 Louse","floor":8,"turns":4},{"damage":1,"enemies":"Red Slaver","floor":10,"turns":5},{"damage":4,"enemies":"Blue Slaver","floor":12,"turns":5},{"damage":3,"enemies":"3 Sentries","floor":13,"turns":6},{"damage":4,"enemies":"2 Fungi Beasts","floor":14,"turns":4},{"damage":0,"enemies":"The Guardian","floor":16,"turns":10},{"damage":0,"enemies":"Shell Parasite","floor":18,"turns":7},{"damage":11,"enemies":"Colosseum Slavers","floor":20,"turns":5},{"damage":61,"enemies":"Colosseum Nobs","floor":20,"turns":4}],"seed_played":"8328188552536786019","potions_obtained":[{"floor":1,"key":"EntropicBrew"},{"floor":2,"key":"Poison Potion"},{"floor":7,"key":"Regen Potion"},{"floor":13,"key":"FearPotion"}],"is_trial":false,"path_per_floor":["M","M","M","$","?","R","E","M","T","M","R","M","E","M","R","B",null,"M","$","?"],"character_chosen":"THE_SILENT","items_purchased":["Noxious Fumes","Backflip","Noxious Fumes","Panache"],"campfire_rested":0,"item_purchase_floors":[4,4,19,19],"current_hp_per_floor":[63,63,63,63,70,70,52,48,48,47,47,58,55,51,51,51,65,65,65,0],"gold":52,"neow_bonus":"THREE_ENEMY_KILL","is_prod":false,"is_daily":false,"chose_seed":false,"campfire_upgraded":3,"win_rate":0,"timestamp":1546571694,"path_taken":["M","?","M","$","?","R","E","M","T","?","R","M","E","M","R","BOSS","M","$","?"],"build_version":"2019-01-03","purchased_purges":0,"victory":false,"max_hp_per_floor":[70,70,70,70,70,70,70,70,70,70,70,70,70,70,70,70,70,70,70,70],"card_choices":[{"not_picked":["Poisoned Stab","Footwork"],"picked":"Noxious Fumes","floor":1},{"not_picked":["Riddle With Holes","Slice","Outmaneuver"],"picked":"SKIP","floor":2},{"not_picked":["Dodge and Roll","Bane","Poisoned Stab"],"picked":"SKIP","floor":3},{"not_picked":["Underhanded Strike","Cloak And Dagger"],"picked":"Backflip","floor":7},{"not_picked":["Heel Hook","Blade Dance"],"picked":"Leg Sweep","floor":8},{"not_picked":["Slice","Outmaneuver"],"picked":"Dodge and Roll","floor":10},{"not_picked":["Endless Agony","Dagger Throw"],"picked":"Footwork","floor":12},{"not_picked":["Dagger Spray","Poisoned Stab"],"picked":"Backflip","floor":13},{"not_picked":["A Thousand Cuts","Dagger Throw"],"picked":"Blur","floor":14},{"not_picked":["Prepared+1","Deadly Poison+1"],"picked":"Predator","floor":18}],"player_experience":264743,"relics_obtained":[{"floor":7,"key":"Dodecahedron"},{"floor":13,"key":"Happy Flower"}],"event_choices":[{"damage_healed":7,"gold_gain":0,"player_choice":"Full Heal","damage_taken":0,"max_hp_gain":0,"max_hp_loss":0,"event_name":"Wheel of Change","floor":5,"gold_loss":0},{"damage_healed":0,"gold_gain":0,"player_choice":"Fight","damage_taken":0,"max_hp_gain":0,"max_hp_loss":0,"event_name":"Colosseum","floor":20,"gold_loss":0},{"damage_healed":0,"gold_gain":0,"player_choice":"Fought Nobs","damage_taken":0,"max_hp_gain":0,"max_hp_loss":0,"event_name":"Colosseum","floor":20,"gold_loss":0}],"is_beta":false,"boss_relics":[{"not_picked":["Lizard Tail","Pandora\u0027s Box"],"picked":"Sozu"}],"items_purged_floors":[],"is_endless":false,"potions_floor_spawned":[1,2,7,13,20],"killed_by":"Colosseum Nobs","ascension_level":6}