{"gold_per_floor":[213,229,243,258,34,63,63,63,89,105,131,161,207,234,234,334,334,346,21,21,21,40,75,75,75,75,94,19,19,39,58,58,156,156,173,189,289,308,56,56,56,56,81,81,96,108,9,19,19,19],"floor_reached":50,"playtime":3125,"items_purged":["Defend_R","Strike_R"],"score":472,"play_id":"eea67e62-bf0f-4d4b-aced-0269e976650d","local_time":"20190611173534","is_ascension_mode":false,"campfire_choices":[{"data":"Armaments","floor":8.0,"key":"SMITH"},{"floor":15.0,"key":"REST"},{"data":"True Grit","floor":24,"key":"SMITH"},{"data":"Clash","floor":29,"key":"SMITH"},{"floor":32,"key":"REST"},{"floor":40,"key":"REST"},{"data":"Shrug It Off","floor":42,"key":"SMITH"},{"floor":49,"key":"REST"}],"neow_cost":"NONE","seed_source_timestamp":445340872601403,"circlet_count":0,"master_deck":["Strike_R+1","Strike_R+1","Strike_R+1","Defend_R+1","Defend_R+1","Bash","Clash+1","True Grit+1","Clash","Armaments+1","Flex","Shrug It Off+1","Shrug It Off+1"],"special_seed":0,"relics":["Burning Blood","Juzu Bracelet","Omamori","PreservedInsect","War Paint","Tiny Chest","Bag of Marbles","Odd Mushroom","Cursed Key","HandDrill","Pear","Bottled Lightning","Eternal Feather","Prayer Wheel","Medical Kit","Ancient Tea Set"],"potions_floor_usage":[33,37,50,50,50],"damage_taken":[{"damage":1.0,"enemies":"Cultist","floor":1.0,"turns":3.0},{"damage":1.0,"enemies":"2 Louse","floor":2.0,"turns":2.0},{"damage":1.0,"enemies":"Jaw Worm","floor":3.0,"turns":4.0},{"damage":7.0,"enemies":"Red Slaver","floor":4.0,"turns":6.0},{"damage":25.0,"enemies":"Lagavulin","floor":6.0,"turns":8.0},{"damage":0.0,"enemies":"Blue Slaver","floor":10.0,"turns":3.0},{"damage":11.0,"enemies":"3 Sentries","floor":11.0,"turns":7.0},{"damage":17.0,"enemies":"The Mushroom Lair","floor":14.0,"turns":4.0},{"damage":30.0,"enemies":"Slime Boss","floor":16.0,"turns":12.0},{"damage":0.0,"enemies":"Shell Parasite","floor":18.0,"turns":4.0},{"damage":10,"enemies":"3 Byrds","floor":22,"turns":5},{"damage":38,"enemies":"Slavers","floor":23,"turns":7},{"damage":13,"enemies":"Snake Plant","floor":27,"turns":3},{"damage":20,"enemies":"Sentry and Sphere","floor":30,"turns":6},{"damage":9,"enemies":"Shelled Parasite and Fungi","floor":31,"turns":5},{"damage":47,"enemies":"Champ","floor":33,"turns":11},{"damage":6,"enemies":"Orb Walker","floor":35,"turns":3},{"damage":2,"enemies":"3 Shapes","floor":36,"turns":8},{"damage":32,"enemies":"Mind Bloom Boss Battle","floor":37,"turns":6},{"damage":40,"enemies":"3 Darklings","floor":38,"turns":6},{"damage":16,"enemies":"Spire Growth","floor":45,"turns":4},{"damage":61,"enemies":"Maw","floor":46,"turns":8},{"damage":3,"enemies":"Writhing Mass","floor":48,"turns":7},{"damage":53,"enemies":"Time Eater","floor":50,"turns":15}],"seed_played":"1588153784541950627","potions_obtained":[{"floor":2.0,"key":"BloodPotion"},{"floor":3.0,"key":"Block Potion"},{"floor":4.0,"key":"GamblersBrew"},{"floor":10.0,"key":"Strength Potion"},{"floor":14.0,"key":"EssenceOfSteel"},{"floor":27,"key":"Poison Potion"},{"floor":31,"key":"FairyPotion"},{"floor":33,"key":"AttackPotion"},{"floor":35,"key":"SkillPotion"},{"floor":37,"key":"Energy Potion"},{"floor":46,"key":"Block Potion"}],"is_trial":false,"path_per_floor":["M","M","M","M","$","E","?","R","T","M","E","?","T","?","R","B",null,"M","$","?","?","M","E","R","?","T","M","?","R","M","M","R","B",null,"M","M","?","M","$","R","$","R","T","?","M","M","$","M","R","B"],"character_chosen":"IRONCLAD","items_purchased":["Juzu Bracelet","Flex","HandDrill","PowerPotion","Medical Kit","PowerPotion","Dexterity Potion"],"campfire_rested":4,"item_purchase_floors":[5,19,19,39,39,47,47],"current_hp_per_floor":[80,80,80,79,79,60,53,53,53,59,54,42,42,39,63,39,80,80,80,80,80,76,54,54,84,84,77,77,77,63,60,87,46,90,90,90,64,30,30,63,63,69,69,69,59,15,15,18,51,0],"gold":19,"neow_bonus":"HUNDRED_GOLD","is_prod":false,"is_daily":false,"chose_seed":false,"campfire_upgraded":4,"win_rate":0,"timestamp":1560242134,"path_taken":["M","M","M","M","$","E","?","R","T","M","E","?","?","?","R","BOSS","M","$","?","?","M","E","R","?","T","M","?","R","M","M","R","BOSS","M","M","?","M","$","R","$","R","T","?","M","M","$","M","R","BOSS"],"build_version":"2019-01-23","purchased_purges":2,"victory":false,"max_hp_per_floor":[80,80,80,80,80,80,80,80,80,80,80,80,80,80,80,80,80,80,80,80,80,80,90,90,90,90,90,90,90,90,90,90,90,90,90,90,90,90,90,90,90,90,90,90,90,90,90,90,90,90],"card_choices":[{"not_picked":["Thunderclap","Whirlwind"],"picked":"Clash","floor":1.0},{"not_picked":["Battle Trance","Power Through","Twin Strike"],"picked":"SKIP","floor":2.0},{"not_picked":["Havoc","Cleave"],"picked":"True Grit","floor":3.0},{"not_picked":["Hemokinesis","Metallicize"],"picked":"Clash","floor":4.0},{"not_picked":["Perfected Strike","Body Slam"],"picked":"Armaments","floor":6.0},{"not_picked":["Ghostly Armor","Rage","Exhume"],"picked":"SKIP","floor":10.0},{"not_picked":["Warcry","Pommel Strike","Body Slam"],"picked":"SKIP","floor":11.0},{"not_picked":["Rupture+1","Twin Strike+1","Armaments"],"picked":"SKIP","floor":18.0},{"not_picked":["Sword Boomerang","Iron Wave","Body Slam+1"],"picked":"SKIP","floor":22},{"not_picked":["Fiend Fire","Heavy Blade","Fire Breathing"],"picked":"SKIP","floor":23},{"not_picked":["Iron Wave","Hemokinesis","Spot Weakness"],"picked":"SKIP","floor":27},{"not_picked":["Sword Boomerang","Wild Strike","Twin Strike+1"],"picked":"SKIP","floor":30},{"not_picked":["Iron Wave+1","Ghostly Armor","Evolve"],"picked":"SKIP","floor":31},{"not_picked":["Disarm","Warcry+1","Iron Wave+1"],"picked":"SKIP","floor":35},{"not_picked":["Rampage+1","Bloodletting","Inflame+1"],"picked":"SKIP","floor":36},{"not_picked":["Clothesline+1","Searing Blow"],"picked":"Shrug It Off","floor":38},{"not_picked":["Iron Wave+1","Battle Trance","Headbutt"],"picked":"SKIP","floor":38},{"not_picked":["Second Wind","Anger+1","Blood for Blood+1"],"picked":"SKIP","floor":45},{"not_picked":["Infernal Blade+1","Anger","Iron Wave+1"],"picked":"SKIP","floor":45},{"not_picked":["Power Through+1","Wild Strike","Juggernaut"],"picked":"SKIP","floor":46},{"not_picked":["Armaments+1","Blood for Blood+1","Thunderclap+1"],"picked":"SKIP","floor":46},{"not_picked":["Sword Boomerang","Feel No Pain"],"picked":"Shrug It Off+1","floor":48},{"not_picked":["Heavy Blade","Pommel Strike","Hemokinesis+1"],"picked":"SKIP","floor":48}],"player_experience":146758,"relics_obtained":[{"floor":6.0,"key":"Omamori"},{"floor":9.0,"key":"PreservedInsect"},{"floor":11.0,"key":"War Paint"},{"floor":13.0,"key":"Bag of Marbles"},{"floor":14.0,"key":"Odd Mushroom"},{"floor":23,"key":"Pear"},{"floor":26,"key":"Bottled Lightning"},{"floor":37,"key":"Prayer Wheel"},{"floor":43,"key":"Ancient Tea Set"}],"event_choices":[{"cards_removed":["Strike_R"],"damage_healed":0.0,"max_hp_gain":0.0,"max_hp_loss":0.0,"gold_gain":0.0,"event_name":"Golden Wing","player_choice":"Card Removal","floor":7.0,"gold_loss":0.0,"damage_taken":7.0},{"damage_healed":0.0,"max_hp_gain":0.0,"max_hp_loss":0.0,"gold_gain":0.0,"event_name":"Scrap Ooze","player_choice":"Success","floor":12.0,"gold_loss":0.0,"damage_taken":12.0,"relics_obtained":["Tiny Chest"]},{"damage_healed":0.0,"max_hp_gain":0.0,"max_hp_loss":0.0,"gold_gain":0.0,"event_name":"Mushrooms","player_choice":"Fought Mushrooms","floor":14.0,"gold_loss":0.0,"damage_taken":0.0},{"damage_healed":0.0,"max_hp_gain":0.0,"max_hp_loss":0.0,"gold_gain":0.0,"event_name":"Back to Basics","player_choice":"Simplicity","floor":20.0,"gold_loss":0.0,"damage_taken":0.0,"cards_upgraded":["Strike_R","Strike_R","Strike_R","Defend_R"]},{"damage_healed":0,"gold_gain":0,"player_choice":"0 cards matched","damage_taken":0,"max_hp_gain":0,"max_hp_loss":0,"event_name":"Match and Keep!","floor":21,"gold_loss":0,"cards_obtained":[]},{"damage_healed":30,"gold_gain":0,"player_choice":"Heal","damage_taken":0,"max_hp_gain":0,"max_hp_loss":0,"event_name":"The Library","floor":25,"gold_loss":0},{"cards_removed":["Defend_R"],"damage_healed":0,"gold_gain":0,"player_choice":"Gave Gold","damage_taken":0,"max_hp_gain":0,"max_hp_loss":0,"event_name":"Beggar","floor":28,"gold_loss":75},{"damage_healed":0,"gold_gain":0,"player_choice":"Fight","damage_taken":0,"max_hp_gain":0,"max_hp_loss":0,"event_name":"MindBloom","floor":37,"gold_loss":0},{"damage_healed":0,"gold_gain":0,"player_choice":"Ignored","damage_taken":0,"max_hp_gain":0,"max_hp_loss":0,"event_name":"Tomb of Lord Red Mask","floor":44,"gold_loss":0}],"is_beta":false,"boss_relics":[{"not_picked":["Black Blood","Sozu"],"picked":"Cursed Key"},{"not_picked":["Black Star","Busted Crown"],"picked":"Eternal Feather"}],"items_purged_floors":[5,19],"is_endless":false,"potions_floor_spawned":[2,3,4,10,14,27,31,33,35,37,46],"killed_by":"Time Eater","ascension_level":0}