{"gold_per_floor":[111,121,141,141,141,141,141,141,141,182,197,235,249,312,312,442,442,442],"floor_reached":18,"playtime":1865,"items_purged":[],"score":276,"play_id":"d523e408-ce3f-4546-802e-8b54443d87df","local_time":"20190312201103","is_ascension_mode":true,"campfire_choices":[{"data":"Dash","floor":7,"key":"SMITH"},{"data":"Noxious Fumes","floor":15,"key":"SMITH"}],"neow_cost":"PERCENT_DAMAGE","seed_source_timestamp":2093326185199329,"circlet_count":0,"master_deck":["Survivor","Neutralize+1","Dash+1","Deadly Poison","Finisher","Deadly Poison","Slice","Noxious Fumes+1","Backstab","Die Die Die","Wraith Form v2","Well Laid Plans","Skewer","A Thousand Cuts","Bouncing Flask","Bullet Time","Unload","A Thousand Cuts","Reflex","Tools of the Trade"],"relics":["Ring of the Snake","Centennial Puzzle","Golden Idol","Ninja Scroll","Paper Crane","StoneCalendar","Singing Bowl","Tiny Chest","Pandora\u0027s Box"],"potions_floor_usage":[12,14],"damage_taken":[{"damage":0,"enemies":"Cultist","floor":1,"turns":4},{"damage":0,"enemies":"2 Louse","floor":2,"turns":2},{"damage":0,"enemies":"Small Slimes","floor":3,"turns":3},{"damage":0,"enemies":"Gremlin Nob","floor":10,"turns":5},{"damage":0,"enemies":"2 Fungi Beasts","floor":11,"turns":3},{"damage":0,"enemies":"Lagavulin","floor":12,"turns":5},{"damage":1,"enemies":"Looter","floor":13,"turns":3},{"damage":1,"enemies":"3 Sentries","floor":14,"turns":6},{"damage":15,"enemies":"Hexaghost","floor":16,"turns":7},{"damage":0,"enemies":"Shell Parasite","floor":18,"turns":1}],"seed_played":"2346457406181174137","potions_obtained":[{"floor":1,"key":"Fire Potion"},{"floor":10,"key":"GhostInAJar"},{"floor":11,"key":"SneckoOil"},{"floor":13,"key":"Weak Potion"}],"is_trial":false,"path_per_floor":["M","M","M","?","?","?","R","T","T","E","M","E","M","E","R","B",null,"M"],"character_chosen":"THE_SILENT","items_purchased":[],"campfire_rested":0,"item_purchase_floors":[],"current_hp_per_floor":[63,63,63,51,51,51,51,51,51,51,51,53,52,51,51,36,80,80],"gold":442,"neow_bonus":"TWENTY_PERCENT_HP_BONUS","is_prod":false,"is_daily":false,"chose_seed":false,"campfire_upgraded":2,"win_rate":0,"timestamp":1552410663,"path_taken":["M","M","?","?","?","?","R","?","T","E","M","E","M","E","R","BOSS","M"],"build_version":"2019-01-23","purchased_purges":0,"victory":false,"max_hp_per_floor":[84,84,84,84,84,78,78,78,78,78,78,80,80,80,80,80,80,80],"card_choices":[{"not_picked":["Expertise","PiercingWail"],"picked":"Dash","floor":1},{"not_picked":["Acrobatics","Slice"],"picked":"Deadly Poison","floor":2},{"not_picked":["Setup","Acrobatics"],"picked":"Finisher","floor":3},{"not_picked":["Escape Plan","PiercingWail"],"picked":"Deadly Poison","floor":10},{"not_picked":["Grand Finale","Prepared"],"picked":"Slice","floor":11},{"not_picked":["PiercingWail","Tactician","Slice"],"picked":"Singing Bowl","floor":12},{"not_picked":["Deadly Poison","Dagger Throw"],"picked":"Noxious Fumes","floor":13},{"not_picked":["Poisoned Stab","Quick Slash"],"picked":"Backstab","floor":14},{"not_picked":["Tools of the Trade","Wraith Form v2"],"picked":"Die Die Die","floor":16}],"player_experience":319766,"relics_obtained":[{"floor":8,"key":"Ninja Scroll"},{"floor":9,"key":"Paper Crane"},{"floor":10,"key":"StoneCalendar"},{"floor":12,"key":"Singing Bowl"},{"floor":14,"key":"Tiny Chest"}],"event_choices":[{"damage_healed":0,"gold_gain":0,"player_choice":"Success","damage_taken":12,"relics_obtained":["Centennial Puzzle"],"max_hp_gain":0,"max_hp_loss":0,"event_name":"Scrap Ooze","floor":4,"gold_loss":0},{"damage_healed":0,"gold_gain":0,"player_choice":"Grow","damage_taken":0,"max_hp_gain":0,"max_hp_loss":0,"event_name":"Living Wall","floor":5,"gold_loss":0,"cards_upgraded":["Neutralize"]},{"damage_healed":0,"gold_gain":0,"player_choice":"Lose Max HP","damage_taken":0,"relics_obtained":["Golden Idol"],"max_hp_gain":0,"max_hp_loss":6,"event_name":"Golden Idol","floor":6,"gold_loss":0}],"is_beta":false,"boss_relics":[{"not_picked":["Fusion Hammer","Snecko Eye"],"picked":"Pandora\u0027s Box"}],"items_purged_floors":[],"is_endless":false,"potions_floor_spawned":[1,10,11,13],"killed_by":"Shell Parasite","ascension_level":4}