{"gold_per_floor":[116,37,37,49,69,69,95,119,200,234,254,329,358,375,375,449,449,467,486,486,486,47,72,72,38,38,56,56,56,90,90,90,162,162,178,178,278,278,203,235,235,269,269,286,303,320,339,359,359,359],"floor_reached":51,"playtime":5535,"items_purged":["Strike_R+1"],"score":1212,"play_id":"65faa52f-194b-4685-86e3-f12f0a354956","local_time":"20190205002417","is_ascension_mode":true,"campfire_choices":[{"data":"Infernal Blade","floor":6.0,"key":"SMITH"},{"data":"Brutality","floor":15.0,"key":"SMITH"},{"data":"Feed","floor":24.0,"key":"SMITH"},{"data":"Iron Wave","floor":28.0,"key":"SMITH"},{"data":"Havoc","floor":32.0,"key":"SMITH"},{"data":"Intimidate","floor":41.0,"key":"SMITH"},{"data":"Iron Wave","floor":49,"key":"SMITH"}],"neow_cost":"NONE","seed_source_timestamp":0,"circlet_count":0,"master_deck":["AscendersBane","Strike_R+1","Strike_R+1","Strike_R+1","Strike_R+1","Defend_R+1","Defend_R+1","Defend_R+1","Defend_R+1","Bash+1","Power Through","Spot Weakness","Infernal Blade+1","Ghostly Armor","Shrug It Off","Intimidate+1","Havoc+1","Cleave","Feed+1","Anger+1","RitualDagger","Rupture+1","Metallicize+1","Iron Wave+1","Impervious","Clothesline+1","Flash of Steel","Anger","Flame Barrier","Barricade+1","Body Slam+1","Iron Wave+1"],"special_seed":0,"relics":["Burning Blood","NeowsBlessing","Ancient Tea Set","Shuriken","Whetstone","Darkstone Periapt","Ginger","Bronze Scales","Coffee Dripper","Toolbox","Frozen Egg 2","Lantern","Pantograph","Dream Catcher","Enchiridion","Eternal Feather","Bird Faced Urn","Bottled Tornado","Dodecahedron","Anchor"],"potions_floor_usage":[47,50],"damage_taken":[{"damage":0.0,"enemies":"Cultist","floor":1.0,"turns":1.0},{"damage":0.0,"enemies":"Small Slimes","floor":4.0,"turns":1.0},{"damage":0.0,"enemies":"2 Louse","floor":5.0,"turns":1.0},{"damage":15.0,"enemies":"3 Sentries","floor":7.0,"turns":9.0},{"damage":20.0,"enemies":"Gremlin Nob","floor":10.0,"turns":5.0},{"damage":3.0,"enemies":"Blue Slaver","floor":11.0,"turns":4.0},{"damage":22.0,"enemies":"3 Sentries","floor":13.0,"turns":11.0},{"damage":1.0,"enemies":"Exordium Wildlife","floor":14.0,"turns":3.0},{"damage":35.0,"enemies":"Slime Boss","floor":16.0,"turns":8.0},{"damage":11.0,"enemies":"2 Thieves","floor":18.0,"turns":4.0},{"damage":2.0,"enemies":"3 Byrds","floor":19.0,"turns":3.0},{"damage":27.0,"enemies":"Book of Stabbing","floor":23.0,"turns":4.0},{"damage":8.0,"enemies":"Snake Plant","floor":27.0,"turns":3.0},{"damage":14.0,"enemies":"Gremlin Leader","floor":30.0,"turns":6.0},{"damage":28.0,"enemies":"Champ","floor":33.0,"turns":8.0},{"damage":0.0,"enemies":"3 Shapes","floor":35.0,"turns":5.0},{"damage":3.0,"enemies":"Mind Bloom Boss Battle","floor":37.0,"turns":4.0},{"damage":68.0,"enemies":"Giant Head","floor":40.0,"turns":8.0},{"damage":34.0,"enemies":"Nemesis","floor":42.0,"turns":7.0},{"damage":0.0,"enemies":"3 Darklings","floor":44.0,"turns":8.0},{"damage":0.0,"enemies":"Maw","floor":45.0,"turns":8.0},{"damage":12.0,"enemies":"Spire Growth","floor":46.0,"turns":5.0},{"damage":20,"enemies":"3 Darklings","floor":47,"turns":7},{"damage":0,"enemies":"Jaw Worm Horde","floor":48,"turns":5},{"damage":53,"enemies":"Donu and Deca","floor":50,"turns":10}],"seed_played":"4882668268899363198","potions_obtained":[{"floor":1.0,"key":"Explosive Potion"},{"floor":4.0,"key":"EssenceOfSteel"},{"floor":10.0,"key":"SteroidPotion"},{"floor":14.0,"key":"BloodPotion"},{"floor":19.0,"key":"EssenceOfSteel"},{"floor":23.0,"key":"Dexterity Potion"},{"floor":27.0,"key":"EssenceOfSteel"},{"floor":30.0,"key":"SpeedPotion"},{"floor":42.0,"key":"Fire Potion"},{"floor":44.0,"key":"FairyPotion"},{"floor":46.0,"key":"Dexterity Potion"},{"floor":48,"key":"Strength Potion"}],"is_trial":false,"path_per_floor":["M","$","?","M","M","R","E","T","T","E","M","?","E","M","R","B",null,"M","M","?","?","$","E","R","$","T","M","R","?","E","?","R","B",null,"M","?","?","?","$","E","R","E","T","M","M","M","M","M","R","B",null],"character_chosen":"IRONCLAD","items_purchased":["Spot Weakness","Toolbox","Frozen Egg 2","Metallicize+1"],"campfire_rested":0,"item_purchase_floors":[2,22,22,25],"current_hp_per_floor":[74,74,74,75,75,75,66,66,66,52,55,55,39,44,44,22,62,60,64,58,58,58,40,40,40,40,38,38,38,30,14,14,17,65,71,71,81,81,81,19,34,12,12,26,40,42,34,52,70,42],"gold":359,"neow_bonus":"THREE_ENEMY_KILL","is_prod":false,"is_daily":false,"chose_seed":false,"campfire_upgraded":7,"win_rate":0,"timestamp":1549322657,"path_taken":["M","$","?","M","?","R","E","?","T","E","M","?","E","M","R","BOSS","M","M","?","?","$","E","R","?","T","M","R","?","E","?","R","BOSS","M","?","?","?","$","E","R","E","T","M","?","M","M","M","R","BOSS"],"build_version":"2019-01-23","purchased_purges":1,"victory":true,"max_hp_per_floor":[75,75,75,75,75,75,75,75,75,75,75,75,75,75,75,75,75,78,78,78,78,78,81,81,81,81,81,81,81,81,81,81,81,81,81,81,81,81,81,81,81,81,81,81,81,81,81,85,85,85],"card_choices":[{"not_picked":["Pummel","Dropkick"],"picked":"Power Through","floor":1.0},{"not_picked":["Clothesline","Intimidate"],"picked":"Infernal Blade","floor":4.0},{"not_picked":["Clash","Blood for Blood"],"picked":"Ghostly Armor","floor":5.0},{"not_picked":["Havoc","Bludgeon"],"picked":"Shrug It Off","floor":7.0},{"not_picked":["Dual Wield","Dark Embrace"],"picked":"Intimidate","floor":10.0},{"not_picked":["Whirlwind","Warcry"],"picked":"Havoc","floor":11.0},{"not_picked":["Reckless Charge","Flex"],"picked":"Brutality","floor":13.0},{"not_picked":["Twin Strike","Whirlwind"],"picked":"Cleave","floor":14.0},{"not_picked":["Berserk","Limit Break"],"picked":"Feed","floor":16.0},{"not_picked":["Pommel Strike","Rupture"],"picked":"Anger+1","floor":18.0},{"not_picked":["Warcry","Sever Soul","Reckless Charge"],"picked":"SKIP","floor":19.0},{"not_picked":["Second Wind+1","Armaments"],"picked":"Rupture+1","floor":23.0},{"not_picked":["Twin Strike","Warcry"],"picked":"Iron Wave","floor":27.0},{"not_picked":["Dual Wield","Perfected Strike","Juggernaut+1"],"picked":"SKIP","floor":30.0},{"not_picked":["Feed","Demon Form+1"],"picked":"Impervious","floor":33.0},{"not_picked":["Armaments","Headbutt"],"picked":"Clothesline+1","floor":35.0},{"not_picked":["Impatience","Trip"],"picked":"Flash of Steel","floor":36.0},{"not_picked":["Armaments","Thunderclap+1"],"picked":"Anger","floor":37.0},{"not_picked":["Searing Blow","Clash"],"picked":"Flame Barrier","floor":40.0},{"not_picked":["Clash","Anger"],"picked":"Barricade+1","floor":42.0},{"not_picked":["Thunderclap+1","Cleave"],"picked":"Body Slam+1","floor":44.0},{"not_picked":["Perfected Strike","Armaments+1","Power Through"],"picked":"SKIP","floor":45.0},{"not_picked":["Second Wind+1","Sword Boomerang","Heavy Blade"],"picked":"SKIP","floor":46.0},{"not_picked":["Cleave","Sword Boomerang"],"picked":"Iron Wave","floor":47},{"not_picked":["Clash+1","Havoc","Whirlwind"],"picked":"SKIP","floor":48}],"player_experience":158071,"relics_obtained":[{"floor":7.0,"key":"Shuriken"},{"floor":8.0,"key":"Whetstone"},{"floor":9.0,"key":"Darkstone Periapt"},{"floor":10.0,"key":"Ginger"},{"floor":13.0,"key":"Bronze Scales"},{"floor":23.0,"key":"Lantern"},{"floor":26.0,"key":"Pantograph"},{"floor":30.0,"key":"Dream Catcher"},{"floor":31.0,"key":"Enchiridion"},{"floor":37.0,"key":"Bird Faced Urn"},{"floor":40.0,"key":"Bottled Tornado"},{"floor":42.0,"key":"Dodecahedron"},{"floor":43.0,"key":"Anchor"}],"event_choices":[{"damage_healed":0.0,"max_hp_gain":0.0,"max_hp_loss":0.0,"gold_gain":0.0,"event_name":"WeMeetAgain","player_choice":"Gave Potion","floor":3.0,"gold_loss":0.0,"damage_taken":0.0,"relics_obtained":["Ancient Tea Set"]},{"damage_healed":0.0,"max_hp_gain":0.0,"max_hp_loss":0.0,"gold_gain":75.0,"event_name":"Golden Wing","player_choice":"Gained Gold","floor":12.0,"gold_loss":0.0,"damage_taken":0.0},{"damage_healed":0.0,"max_hp_gain":0.0,"max_hp_loss":0.0,"gold_gain":0.0,"event_name":"Nest","player_choice":"Joined the Cult","floor":20.0,"gold_loss":0.0,"damage_taken":6.0,"cards_obtained":["RitualDagger"]},{"damage_healed":0.0,"max_hp_gain":0.0,"max_hp_loss":0.0,"gold_gain":0.0,"event_name":"Back to Basics","player_choice":"Simplicity","floor":21.0,"gold_loss":0.0,"damage_taken":0.0,"cards_upgraded":["Strike_R","Strike_R","Strike_R","Strike_R","Defend_R","Defend_R","Defend_R","Defend_R"]},{"damage_healed":0.0,"max_hp_gain":0.0,"max_hp_loss":0.0,"gold_gain":0.0,"event_name":"Cursed Tome","player_choice":"Obtained Book","floor":31.0,"gold_loss":0.0,"damage_taken":16.0},{"damage_healed":0.0,"max_hp_gain":0.0,"max_hp_loss":0.0,"gold_gain":0.0,"event_name":"SensoryStone","player_choice":"Memory 1","floor":36.0,"gold_loss":0.0,"damage_taken":0.0},{"damage_healed":0.0,"max_hp_gain":0.0,"max_hp_loss":0.0,"gold_gain":0.0,"event_name":"MindBloom","player_choice":"Fight","floor":37.0,"gold_loss":0.0,"damage_taken":0.0},{"cards_removed":["Brutality"],"damage_healed":0.0,"max_hp_gain":0.0,"max_hp_loss":0.0,"gold_gain":0.0,"event_name":"Falling","player_choice":"Removed Power","floor":38.0,"gold_loss":0.0,"damage_taken":0.0}],"is_beta":false,"boss_relics":[{"not_picked":["Orrery","Tiny House"],"picked":"Coffee Dripper"},{"not_picked":["Runic Cube","Philosopher\u0027s Stone"],"picked":"Eternal Feather"}],"items_purged_floors":[39],"is_endless":false,"potions_floor_spawned":[1,4,10,14,19,23,27,30,42,44,46,48],"ascension_level":14}