{"gold_per_floor":[213,231,231,82,82,82,109,121,121,135,135,162,237,256,256,355,355,369,294,294,307,322,322],"floor_reached":23,"playtime":2783,"items_purged":["Strike_G"],"score":221,"play_id":"0fe0454f-8696-42b6-89a4-f5dcdefec279","local_time":"20190207141050","is_ascension_mode":true,"campfire_choices":[{"floor":6.0,"key":"REST"},{"floor":11.0,"key":"REST"},{"floor":15,"key":"REST"}],"neow_cost":"NONE","seed_source_timestamp":0,"circlet_count":0,"master_deck":["Defend_G","Defend_G","Defend_G","Defend_G","Defend_G","Strike_G","Strike_G","Strike_G+1","Strike_G","Survivor+1","Neutralize","Dash","Deadly Poison","Flying Knee","Quick Slash","Distraction","Flying Knee","Blur","Leg Sweep","Backflip","Venomology","Bane","Footwork"],"special_seed":0,"relics":["Ring of the Snake","Ice Cream","Dodecahedron","Blue Candle","Runic Dome"],"potions_floor_usage":[14,21],"damage_taken":[{"damage":3.0,"enemies":"Jaw Worm","floor":1.0,"turns":5.0},{"damage":0.0,"enemies":"Small Slimes","floor":2.0,"turns":4.0},{"damage":27.0,"enemies":"Gremlin Nob","floor":7.0,"turns":4.0},{"damage":3.0,"enemies":"Cultist","floor":8.0,"turns":3.0},{"damage":6.0,"enemies":"Exordium Wildlife","floor":10.0,"turns":4.0},{"damage":9.0,"enemies":"3 Sentries","floor":12.0,"turns":8.0},{"damage":0,"enemies":"Blue Slaver","floor":14,"turns":3},{"damage":16,"enemies":"The Guardian","floor":16,"turns":13},{"damage":28,"enemies":"Chosen","floor":18,"turns":6},{"damage":13,"enemies":"2 Thieves","floor":21,"turns":4},{"damage":4,"enemies":"Snecko","floor":22,"turns":7},{"damage":33,"enemies":"Slavers","floor":23,"turns":3}],"seed_played":"4939331704606715266","potions_obtained":[{"floor":2.0,"key":"Poison Potion"},{"floor":7.0,"key":"Block Potion"},{"floor":10.0,"key":"Explosive Potion"},{"floor":12.0,"key":"Ancient Potion"},{"floor":21,"key":"Strength Potion"}],"is_trial":false,"path_per_floor":["M","M","?","$","?","R","E","M","T","M","R","E","?","M","R","B",null,"M","?","?","M","M","E"],"character_chosen":"THE_SILENT","items_purchased":["Flying Knee","Quick Slash"],"campfire_rested":3,"item_purchase_floors":[4,4],"current_hp_per_floor":[67,67,53,53,53,70,43,40,40,34,55,46,35,35,56,40,70,42,42,42,29,25,0],"gold":322,"neow_bonus":"HUNDRED_GOLD","is_prod":false,"is_daily":false,"chose_seed":false,"campfire_upgraded":0,"win_rate":0,"timestamp":1549545050,"path_taken":["M","M","?","$","?","R","E","?","T","M","R","E","?","M","R","BOSS","M","?","?","M","M","E"],"build_version":"2019-01-23","purchased_purges":1,"victory":false,"max_hp_per_floor":[70,70,70,70,70,70,70,70,70,70,70,70,70,70,70,70,70,70,70,70,70,70,70],"card_choices":[{"not_picked":["Dodge and Roll","Reflex"],"picked":"Dash","floor":1.0},{"not_picked":["Flying Knee","Caltrops"],"picked":"Deadly Poison","floor":2.0},{"not_picked":["Calculated Gamble","Escape Plan"],"picked":"Distraction","floor":7.0},{"not_picked":["Acrobatics","Deadly Poison"],"picked":"Flying Knee","floor":8.0},{"not_picked":["PiercingWail","Expertise"],"picked":"Blur","floor":10.0},{"not_picked":["Outmaneuver","Underhanded Strike"],"picked":"Leg Sweep","floor":12.0},{"not_picked":["Masterful Stab","Dodge and Roll"],"picked":"Backflip","floor":14},{"not_picked":["Doppelganger","Wraith Form v2"],"picked":"Venomology","floor":16},{"not_picked":["PiercingWail","Underhanded Strike","Slice"],"picked":"SKIP","floor":18},{"not_picked":["Dagger Throw","Dagger Spray"],"picked":"Bane","floor":21},{"not_picked":["Crippling Poison","PiercingWail"],"picked":"Footwork","floor":22}],"player_experience":196310,"relics_obtained":[{"floor":7.0,"key":"Ice Cream"},{"floor":9.0,"key":"Dodecahedron"},{"floor":12.0,"key":"Blue Candle"}],"event_choices":[{"damage_healed":0.0,"max_hp_gain":0.0,"max_hp_loss":0.0,"gold_gain":0.0,"event_name":"Shining Light","player_choice":"Entered Light","floor":3.0,"gold_loss":0.0,"damage_taken":14.0,"cards_upgraded":["Survivor","Strike_G"]},{"damage_healed":0.0,"max_hp_gain":0.0,"max_hp_loss":0.0,"gold_gain":0.0,"event_name":"Wheel of Change","player_choice":"Cursed","floor":5.0,"gold_loss":0.0,"damage_taken":0.0,"cards_obtained":["Decay"]},{"damage_healed":0.0,"max_hp_gain":0.0,"max_hp_loss":0.0,"gold_gain":75.0,"event_name":"World of Goop","player_choice":"Gather Gold","floor":13.0,"gold_loss":0.0,"damage_taken":11.0},{"cards_removed":["Decay"],"damage_healed":0,"gold_gain":0,"player_choice":"Gave Gold","damage_taken":0,"max_hp_gain":0,"max_hp_loss":0,"event_name":"Beggar","floor":19,"gold_loss":75},{"damage_healed":0,"gold_gain":0,"player_choice":"Ignored","damage_taken":0,"max_hp_gain":0,"max_hp_loss":0,"event_name":"Vampires","floor":20,"gold_loss":0}],"is_beta":false,"boss_relics":[{"not_picked":["Calling Bell","Lizard Tail"],"picked":"Runic Dome"}],"items_purged_floors":[4],"is_endless":false,"potions_floor_spawned":[2,7,10,12,21,22],"killed_by":"Slavers","ascension_level":2}