{"gold_per_floor":[118,70,20,20,34,34,59,59,137,137,137,150,163,180,180,284,334,346,346,364,236,250,250,175,175],"floor_reached":25,"playtime":1395,"items_purged":["Defend_B"],"score":316,"play_id":"fd1efcc1-be86-4fc8-8543-ce2736c3d5ec","local_time":"20190323155437","is_ascension_mode":true,"campfire_choices":[{"data":"Zap","floor":6.0,"key":"SMITH"},{"data":"Coolheaded","floor":8.0,"key":"SMITH"},{"data":"Dualcast","floor":10.0,"key":"SMITH"},{"data":"Coolheaded","floor":15.0,"key":"SMITH"},{"data":"Reboot","floor":23,"key":"SMITH"}],"neow_cost":"NONE","seed_source_timestamp":0,"circlet_count":0,"master_deck":["Defend_B","Defend_B","Defend_B","Zap+1","Dualcast+1","Coolheaded+1","Sweeping Beam","Conserve Battery","Coolheaded+1","Gash","Reboot+1","Ball Lightning","Rebound+1","Core Surge","Reprogram+1","Coolheaded","Electrodynamics"],"special_seed":0,"relics":["Cracked Core","NeowsBlessing","Centennial Puzzle","Pen Nib","Mercury Hourglass","Tiny House"],"potions_floor_usage":[25,25,25],"damage_taken":[{"damage":0.0,"enemies":"Small Slimes","floor":1.0,"turns":1.0},{"damage":0.0,"enemies":"Jaw Worm","floor":5.0,"turns":1.0},{"damage":0.0,"enemies":"3 Sentries","floor":7.0,"turns":1.0},{"damage":0.0,"enemies":"Cultist","floor":12.0,"turns":2.0},{"damage":1.0,"enemies":"Large Slime","floor":13.0,"turns":5.0},{"damage":0.0,"enemies":"Red Slaver","floor":14.0,"turns":3.0},{"damage":18.0,"enemies":"Hexaghost","floor":16.0,"turns":10.0},{"damage":0.0,"enemies":"Spheric Guardian","floor":18.0,"turns":3.0},{"damage":7,"enemies":"Chosen","floor":20,"turns":3},{"damage":15,"enemies":"Snake Plant","floor":22,"turns":3},{"damage":61,"enemies":"Book of Stabbing","floor":25,"turns":7}],"seed_played":"-5086438648954835008","potions_obtained":[{"floor":1.0,"key":"Block Potion"},{"floor":7.0,"key":"PowerPotion"},{"floor":13.0,"key":"Block Potion"},{"floor":16.0,"key":"SkillPotion"},{"floor":17.0,"key":"Fire Potion"},{"floor":20,"key":"EssenceOfSteel"},{"floor":22,"key":"Fruit Juice"}],"is_trial":false,"path_per_floor":["M","$","?","?","M","R","E","R","T","R","?","M","M","M","R","B",null,"M","?","M","$","M","R","?","E"],"character_chosen":"DEFECT","items_purchased":["Sweeping Beam","Coolheaded"],"campfire_rested":0,"item_purchase_floors":[2,21],"current_hp_per_floor":[68,68,68,65,65,65,65,65,65,65,65,65,64,64,64,46,73,73,73,66,66,51,51,51,0],"gold":175,"neow_bonus":"THREE_ENEMY_KILL","is_prod":false,"is_daily":false,"chose_seed":false,"campfire_upgraded":5,"win_rate":0,"timestamp":1553345677,"path_taken":["M","$","?","?","?","R","E","R","T","R","?","M","M","?","R","BOSS","M","?","?","$","M","R","?","E"],"build_version":"2019-01-23","purchased_purges":1,"victory":false,"max_hp_per_floor":[75,75,75,75,75,75,75,75,75,75,75,75,75,75,75,75,80,80,80,80,80,80,80,80,85],"card_choices":[{"not_picked":["Rip and Tear","Tempest"],"picked":"Coolheaded","floor":1.0},{"not_picked":["Blizzard","Turbo","Barrage"],"picked":"SKIP","floor":5.0},{"not_picked":["Hologram","Glacier"],"picked":"Conserve Battery","floor":7.0},{"not_picked":["Stack","Rebound"],"picked":"Coolheaded","floor":12.0},{"not_picked":["Rip and Tear","Sweeping Beam","Compile Driver"],"picked":"SKIP","floor":13.0},{"not_picked":["Sweeping Beam","Double Energy"],"picked":"Gash","floor":14.0},{"not_picked":["Meteor Strike","Amplify"],"picked":"Reboot","floor":16.0},{"not_picked":["Stack","Compile Driver"],"picked":"Ball Lightning","floor":17.0},{"not_picked":["Steam","Hello World+1"],"picked":"Rebound+1","floor":18.0},{"not_picked":["Compile Driver+1","Stack"],"picked":"Reprogram+1","floor":20},{"not_picked":["Coolheaded","Sweeping Beam"],"picked":"Electrodynamics","floor":22}],"player_experience":378493,"relics_obtained":[{"floor":7.0,"key":"Pen Nib"},{"floor":9.0,"key":"Mercury Hourglass"}],"event_choices":[{"cards_removed":["Strike_B"],"damage_healed":0.0,"max_hp_gain":0.0,"max_hp_loss":0.0,"gold_gain":0.0,"event_name":"The Cleric","player_choice":"Card Removal","floor":3.0,"gold_loss":50.0,"damage_taken":0.0},{"damage_healed":0.0,"max_hp_gain":0.0,"max_hp_loss":0.0,"gold_gain":0.0,"event_name":"Scrap Ooze","player_choice":"Success","floor":4.0,"gold_loss":0.0,"damage_taken":3.0,"relics_obtained":["Centennial Puzzle"]},{"cards_removed":["Strike_B"],"damage_healed":0.0,"max_hp_gain":0.0,"max_hp_loss":0.0,"gold_gain":0.0,"event_name":"Purifier","player_choice":"Purged","floor":11.0,"gold_loss":0.0,"damage_taken":0.0},{"damage_healed":0.0,"max_hp_gain":0.0,"max_hp_loss":0.0,"gold_gain":0.0,"cards_transformed":["Strike_B"],"event_name":"Transmorgrifier","player_choice":"Transformed","floor":19.0,"gold_loss":0.0,"damage_taken":0.0,"cards_obtained":["Core Surge"]},{"cards_removed":["Strike_B"],"damage_healed":0,"gold_gain":0,"player_choice":"Gave Gold","damage_taken":0,"max_hp_gain":0,"max_hp_loss":0,"event_name":"Beggar","floor":24,"gold_loss":75}],"is_beta":false,"boss_relics":[{"not_picked":["Ectoplasm","FrozenCore"],"picked":"Tiny House"}],"items_purged_floors":[21],"is_endless":false,"potions_floor_spawned":[1,7,13,16,20,22],"killed_by":"Book of Stabbing","ascension_level":8}