{"gold_per_floor":[114,114,114,139,151,163,190,217,279,291],"floor_reached":10,"playtime":205,"items_purged":[],"score":56,"play_id":"cf7bcc17-6ac6-455f-9b96-9142c2e7a430","local_time":"20190514223440","daily_mods":["Cursed Run","Vintage","Terminal"],"is_ascension_mode":false,"campfire_choices":[{"data":"Neutralize","floor":6,"key":"SMITH"}],"neow_cost":"","seed_source_timestamp":0,"circlet_count":0,"master_deck":["Defend_G","Defend_G","Defend_G","Defend_G","Strike_G","Strike_G","Strike_G","Strike_G","Survivor","Neutralize+1","Injury"],"special_seed":18031,"relics":["Cursed Key","Darkstone Periapt","Du-Vu Doll","Bag of Marbles","MawBank","Frozen Egg 2","Anchor","Centennial Puzzle"],"potions_floor_usage":[],"damage_taken":[{"damage":1,"enemies":"Jaw Worm","floor":1,"turns":4},{"damage":0,"enemies":"Small Slimes","floor":7,"turns":4},{"damage":0,"enemies":"2 Louse","floor":8,"turns":2},{"damage":0,"enemies":"3 Sentries","floor":10,"turns":1}],"seed_played":"-1876816699338199353","potions_obtained":[{"floor":7,"key":"LiquidBronze"},{"floor":8,"key":"SkillPotion"}],"is_trial":false,"path_per_floor":["M","?","?","T","?","R","M","M","T","E"],"character_chosen":"THE_SILENT","items_purchased":[],"campfire_rested":0,"item_purchase_floors":[],"current_hp_per_floor":[68,61,61,67,67,67,67,67,72,72],"gold":291,"neow_bonus":"","is_prod":false,"is_daily":true,"chose_seed":false,"campfire_upgraded":1,"win_rate":0,"timestamp":1557898480,"path_taken":["M","?","?","?","?","R","M","M","T","E"],"build_version":"2019-01-23","purchased_purges":0,"victory":false,"max_hp_per_floor":[68,67,66,71,70,69,68,67,72,72],"card_choices":[],"player_experience":573993,"relics_obtained":[{"floor":1,"key":"Bag of Marbles"},{"floor":4,"key":"MawBank"},{"floor":7,"key":"Frozen Egg 2"},{"floor":8,"key":"Anchor"},{"floor":9,"key":"Centennial Puzzle"}],"event_choices":[{"cards_removed":["Strike_G"],"damage_healed":0,"gold_gain":0,"player_choice":"Card Removal","damage_taken":7,"max_hp_gain":0,"max_hp_loss":0,"event_name":"Golden Wing","floor":2,"gold_loss":0},{"cards_removed":["Defend_G"],"damage_healed":0,"gold_gain":0,"player_choice":"Forget","damage_taken":0,"max_hp_gain":0,"max_hp_loss":0,"event_name":"Living Wall","floor":3,"gold_loss":0},{"cards_removed":["Normality"],"damage_healed":0,"gold_gain":0,"player_choice":"Removed Curses","damage_taken":0,"max_hp_gain":0,"max_hp_loss":0,"event_name":"Fountain of Cleansing","floor":5,"gold_loss":0}],"is_beta":false,"boss_relics":[],"items_purged_floors":[],"is_endless":false,"potions_floor_spawned":[7,8],"killed_by":"3 Sentries","ascension_level":0}