{"gold_per_floor":[119,38,38,38,56,82,92,92,92,62,62,85,95,95,95,95],"floor_reached":16,"playtime":1480,"items_purged":[],"score":191,"play_id":"bdd0f5ba-7f57-4203-aa92-9e1540f7213a","local_time":"20190128231435","is_ascension_mode":true,"campfire_choices":[{"data":"Bouncing Flask","floor":11,"key":"SMITH"},{"data":"Caltrops","floor":15,"key":"SMITH"}],"neow_cost":"NONE","seed_source_timestamp":1770267719576714,"circlet_count":0,"master_deck":["AscendersBane","Defend_G","Defend_G","Defend_G","Defend_G","Defend_G","Strike_G","Strike_G","Survivor","Neutralize","Cloak And Dagger","Dash","Bouncing Flask+1","Dash","Caltrops+1"],"relics":["Ring of the Snake","NeowsBlessing","Art of War","Meat on the Bone","Dream Catcher"],"potions_floor_usage":[16,16],"damage_taken":[{"damage":0,"enemies":"Cultist","floor":1,"turns":1},{"damage":0,"enemies":"Small Slimes","floor":5,"turns":2},{"damage":0,"enemies":"3 Sentries","floor":6,"turns":1},{"damage":2,"enemies":"Jaw Worm","floor":7,"turns":4},{"damage":0,"enemies":"Looter","floor":10,"turns":4},{"damage":9,"enemies":"3 Louse","floor":13,"turns":5},{"damage":61,"enemies":"Slime Boss","floor":16,"turns":15}],"seed_played":"-8256351134825570710","potions_obtained":[{"floor":6,"key":"EssenceOfSteel"},{"floor":7,"key":"SteroidPotion"},{"floor":13,"key":"AttackPotion"}],"is_trial":false,"path_per_floor":["M","$","?","?","M","E","M","?","T","M","R","T","M","?","R","B"],"character_chosen":"THE_SILENT","items_purchased":["Dash"],"campfire_rested":0,"item_purchase_floors":[2],"current_hp_per_floor":[63,63,63,56,56,56,54,70,70,70,70,70,61,61,61,0],"gold":95,"neow_bonus":"THREE_ENEMY_KILL","is_prod":false,"is_daily":false,"chose_seed":false,"campfire_upgraded":2,"win_rate":0,"timestamp":1548746075,"path_taken":["M","$","?","?","M","E","M","?","T","M","R","?","M","?","R","BOSS"],"build_version":"2019-01-23","purchased_purges":0,"victory":false,"max_hp_per_floor":[70,70,70,70,70,70,70,70,70,70,70,70,70,70,70,70],"card_choices":[{"not_picked":["Quick Slash","Dagger Throw"],"picked":"Cloak And Dagger","floor":1},{"not_picked":["Backstab","Dagger Throw"],"picked":"Bouncing Flask","floor":5},{"not_picked":["Distraction","Dagger Spray","Eviscerate"],"picked":"SKIP","floor":6},{"not_picked":["Masterful Stab","Flying Knee"],"picked":"Dash","floor":7},{"not_picked":["Cloak And Dagger","Dagger Throw","Deflect"],"picked":"SKIP","floor":10},{"not_picked":["Bane","Reflex"],"picked":"Caltrops","floor":13}],"player_experience":435070,"relics_obtained":[{"floor":6,"key":"Art of War"},{"floor":9,"key":"Meat on the Bone"},{"floor":12,"key":"Dream Catcher"}],"event_choices":[{"cards_removed":["Strike_G"],"damage_healed":0,"gold_gain":0,"player_choice":"Forget","damage_taken":0,"max_hp_gain":0,"max_hp_loss":0,"event_name":"Living Wall","floor":3,"gold_loss":0},{"cards_removed":["Strike_G"],"damage_healed":0,"gold_gain":0,"player_choice":"Card Removal","damage_taken":7,"max_hp_gain":0,"max_hp_loss":0,"event_name":"Golden Wing","floor":4,"gold_loss":0},{"damage_healed":23,"gold_gain":0,"player_choice":"Banana","damage_taken":0,"max_hp_gain":0,"max_hp_loss":0,"event_name":"Big Fish","floor":8,"gold_loss":0},{"cards_removed":["Strike_G"],"damage_healed":0,"gold_gain":0,"player_choice":"Purged","damage_taken":0,"max_hp_gain":0,"max_hp_loss":0,"event_name":"Purifier","floor":14,"gold_loss":0}],"is_beta":false,"boss_relics":[],"items_purged_floors":[],"is_endless":false,"potions_floor_spawned":[6,7,13],"killed_by":"Slime Boss","ascension_level":11}