{"gold_per_floor":[117,97,107,117,129,143,143,143,143,162,179,179,189,201,201,305,305,317,329,329],"floor_reached":20,"playtime":1691,"items_purged":[],"score":172,"play_id":"4af21fd7-4eca-42bd-b42d-be136d81ee9d","local_time":"20190616002732","is_ascension_mode":false,"campfire_choices":[{"data":"Blur","floor":7,"key":"SMITH"},{"floor":12,"key":"REST"},{"data":"After Image","floor":15,"key":"SMITH"}],"neow_cost":"NONE","seed_source_timestamp":37187422592500,"circlet_count":0,"master_deck":["Defend_G","Defend_G","Defend_G","Defend_G","Defend_G","Strike_G","Strike_G","Strike_G","Strike_G","Strike_G","Survivor","Neutralize","Doppelganger","Deadly Poison","Blur+1","Backflip","Poisoned Stab","Catalyst","Escape Plan","Bane","After Image+1","Calculated Gamble","Venomology","Dodge and Roll","Acrobatics","Bouncing Flask","Terror","Bane","Outmaneuver+1","Slice"],"relics":["Ring of the Snake","Incense Burner","Orrery"],"potions_floor_usage":[6,6,11,16,16,19,20],"damage_taken":[{"damage":7,"enemies":"2 Louse","floor":1,"turns":4},{"damage":10,"enemies":"Cultist","floor":3,"turns":4},{"damage":0,"enemies":"Small Slimes","floor":4,"turns":4},{"damage":1,"enemies":"Red Slaver","floor":5,"turns":6},{"damage":2,"enemies":"Blue Slaver","floor":6,"turns":5},{"damage":6,"enemies":"Looter","floor":10,"turns":4},{"damage":11,"enemies":"Exordium Thugs","floor":11,"turns":5},{"damage":10,"enemies":"Exordium Wildlife","floor":13,"turns":4},{"damage":4,"enemies":"Red Slaver","floor":14,"turns":3},{"damage":5,"enemies":"Hexaghost","floor":16,"turns":10},{"damage":11,"enemies":"Shell Parasite","floor":18,"turns":5},{"damage":17,"enemies":"3 Byrds","floor":19,"turns":6},{"damage":48,"enemies":"Cultist and Chosen","floor":20,"turns":7}],"seed_played":"3425767089295242105","potions_obtained":[{"floor":2,"key":"Dexterity Potion"},{"floor":4,"key":"Regen Potion"},{"floor":10,"key":"SkillPotion"},{"floor":11,"key":"Strength Potion"},{"floor":13,"key":"AttackPotion"},{"floor":14,"key":"Energy Potion"},{"floor":16,"key":"Fire Potion"}],"is_trial":false,"path_per_floor":["M","?","M","M","M","M","R","?","T","M","M","R","M","M","R","B",null,"M","M","M"],"character_chosen":"THE_SILENT","items_purchased":[],"campfire_rested":1,"item_purchase_floors":[],"current_hp_per_floor":[63,63,53,53,52,64,64,64,64,58,47,68,58,54,54,49,70,59,42,0],"gold":329,"neow_bonus":"ONE_RANDOM_RARE_CARD","is_prod":false,"is_daily":false,"chose_seed":false,"campfire_upgraded":2,"win_rate":0.0,"timestamp":1560641252,"path_taken":["M","?","M","?","M","?","R","?","T","M","?","R","M","M","R","BOSS","M","M","M"],"build_version":"2019-01-23","purchased_purges":0,"victory":false,"max_hp_per_floor":[70,70,70,70,70,70,70,70,70,70,70,70,70,70,70,70,70,70,70,70],"card_choices":[{"not_picked":["Dagger Spray","Dodge and Roll"],"picked":"Deadly Poison","floor":1},{"not_picked":["Deflect","Blade Dance"],"picked":"Blur","floor":3},{"not_picked":["Footwork","Infinite Blades"],"picked":"Backflip","floor":4},{"not_picked":["Dagger Spray","Acrobatics"],"picked":"Poisoned Stab","floor":5},{"not_picked":["Slice","All Out Attack"],"picked":"Catalyst","floor":6},{"not_picked":["Sucker Punch","Quick Slash"],"picked":"Escape Plan","floor":10},{"not_picked":["Distraction","Eviscerate"],"picked":"Bane","floor":11},{"not_picked":["Slice","Prepared"],"picked":"After Image","floor":13},{"not_picked":["Dodge and Roll","Eviscerate"],"picked":"Calculated Gamble","floor":14},{"not_picked":["Burst","After Image"],"picked":"Venomology","floor":16},{"not_picked":["Dagger Throw","Well Laid Plans"],"picked":"Dodge and Roll","floor":17},{"not_picked":["Choke","Expertise"],"picked":"Acrobatics","floor":17},{"not_picked":["Deadly Poison","Footwork"],"picked":"Bouncing Flask","floor":17},{"not_picked":["Crippling Poison","Backstab"],"picked":"Terror","floor":17},{"not_picked":["Dagger Spray","Eviscerate"],"picked":"Bane","floor":17},{"not_picked":["Acrobatics","Blade Dance"],"picked":"Outmaneuver+1","floor":18},{"not_picked":["Deadly Poison","Bouncing Flask"],"picked":"Slice","floor":19}],"player_experience":43345,"relics_obtained":[{"floor":9,"key":"Incense Burner"}],"event_choices":[{"damage_healed":0,"gold_gain":0,"player_choice":"Bought 1 Potion","damage_taken":0,"max_hp_gain":0,"max_hp_loss":0,"event_name":"The Woman in Blue","floor":2,"gold_loss":0},{"cards_removed":["Iron Wave"],"damage_healed":0,"gold_gain":0,"player_choice":"Took Card","damage_taken":0,"max_hp_gain":0,"max_hp_loss":0,"event_name":"NoteForYourself","floor":8,"gold_loss":0,"cards_obtained":["Iron Wave"]}],"is_beta":false,"boss_relics":[{"not_picked":["Runic Pyramid","Ectoplasm"],"picked":"Orrery"}],"items_purged_floors":[],"is_endless":false,"potions_floor_spawned":[4,10,11,13,14,16],"killed_by":"Cultist and Chosen","ascension_level":0}