{"gold_per_floor":[12,12,12,27,46,46,46,77,77,77,92,92,19,45,45,148,148,167,147,166,182,193,193,193],"floor_reached":24,"playtime":2721,"items_purged":[],"score":258,"play_id":"a287b09a-21a3-41ca-a829-2bf345b6c89c","local_time":"20190318190533","is_ascension_mode":true,"campfire_choices":[{"data":"1","floor":6.0,"key":"LIFT"},{"data":"2","floor":10.0,"key":"LIFT"},{"floor":15.0,"key":"REST"},{"floor":23,"key":"REST"}],"neow_cost":"NO_GOLD","seed_source_timestamp":267477303285885,"circlet_count":0,"master_deck":["Strike_B","Strike_B","Strike_B","Defend_B","Defend_B","Defend_B","Defend_B","Zap+1","Dualcast","Gash","Sunder","Leap+1","Cold Snap","Gash","Scrape","Melter","Echo Form","Streamline+1","Steam","Gash","Hologram"],"special_seed":0,"relics":["Cracked Core","Girya","Letter Opener","Bottled Flame","Art of War","Centennial Puzzle","Runic Dome"],"potions_floor_usage":[],"damage_taken":[{"damage":2.0,"enemies":"Jaw Worm","floor":1.0,"turns":3.0},{"damage":7.0,"enemies":"Small Slimes","floor":4.0,"turns":3.0},{"damage":0.0,"enemies":"Cultist","floor":5.0,"turns":2.0},{"damage":11.0,"enemies":"Gremlin Nob","floor":8.0,"turns":4.0},{"damage":6.0,"enemies":"Large Slime","floor":11.0,"turns":3.0},{"damage":26.0,"enemies":"Lagavulin","floor":14.0,"turns":4.0},{"damage":25.0,"enemies":"Hexaghost","floor":16.0,"turns":9.0},{"damage":8.0,"enemies":"3 Byrds","floor":18.0,"turns":3.0},{"damage":12,"enemies":"Shell Parasite","floor":20,"turns":2},{"damage":13,"enemies":"Centurion and Healer","floor":21,"turns":6},{"damage":6,"enemies":"3 Cultists","floor":22,"turns":4},{"damage":43,"enemies":"Gremlin Leader","floor":24,"turns":4}],"seed_played":"4250438116984279650","potions_obtained":[{"floor":1.0,"key":"Weak Potion"},{"floor":8.0,"key":"SkillPotion"},{"floor":11.0,"key":"Ancient Potion"},{"floor":16.0,"key":"EntropicBrew"},{"floor":19.0,"key":"Strength Potion"},{"floor":20,"key":"SteroidPotion"},{"floor":22,"key":"Weak Potion"}],"is_trial":false,"path_per_floor":["M","?","?","M","M","R","?","E","T","R","M","T","$","E","R","B",null,"M","?","M","M","M","R","E"],"character_chosen":"DEFECT","items_purchased":["Scrape"],"campfire_rested":2,"item_purchase_floors":[13],"current_hp_per_floor":[73,66,66,59,59,59,59,48,48,48,42,42,42,16,38,13,60,52,52,40,27,21,43,0],"gold":193,"neow_bonus":"ONE_RARE_RELIC","is_prod":false,"is_daily":false,"chose_seed":false,"campfire_upgraded":0,"win_rate":0,"timestamp":1552925133,"path_taken":["M","?","?","M","?","R","?","E","T","R","M","?","$","E","R","BOSS","M","?","?","M","M","R","E"],"build_version":"2019-01-23","purchased_purges":0,"victory":false,"max_hp_per_floor":[75,75,75,75,75,75,75,75,75,75,75,75,75,75,75,75,75,75,75,75,75,75,75,75],"card_choices":[{"not_picked":["Turbo","Rebound"],"picked":"Gash","floor":1.0},{"not_picked":["Steam Power","Barrage"],"picked":"Sunder","floor":4.0},{"not_picked":["Beam Cell","Sweeping Beam"],"picked":"Leap","floor":5.0},{"not_picked":["Skim","Tempest"],"picked":"Cold Snap","floor":8.0},{"not_picked":["Go for the Eyes","Conserve Battery"],"picked":"Gash","floor":11.0},{"not_picked":["Tempest","Capacitor"],"picked":"Melter","floor":14.0},{"not_picked":["Seek","Fission"],"picked":"Echo Form","floor":16.0},{"not_picked":["Steam","Loop+1"],"picked":"Streamline+1","floor":18.0},{"not_picked":["Reprogram","Steam Power"],"picked":"Steam","floor":20},{"not_picked":["Rebound+1","Barrage+1"],"picked":"Gash","floor":21},{"not_picked":["Heatsinks","Tempest+1"],"picked":"Hologram","floor":22}],"player_experience":344718,"relics_obtained":[{"floor":8.0,"key":"Letter Opener"},{"floor":9.0,"key":"Bottled Flame"},{"floor":12.0,"key":"Art of War"},{"floor":14.0,"key":"Centennial Puzzle"}],"event_choices":[{"cards_removed":["Strike_B"],"damage_healed":0.0,"max_hp_gain":0.0,"max_hp_loss":0.0,"gold_gain":0.0,"event_name":"Golden Wing","player_choice":"Card Removal","floor":2.0,"gold_loss":0.0,"damage_taken":7.0},{"damage_healed":0.0,"max_hp_gain":0.0,"max_hp_loss":0.0,"gold_gain":0.0,"event_name":"Accursed Blacksmith","player_choice":"Forge","floor":3.0,"gold_loss":0.0,"damage_taken":0.0,"cards_upgraded":["Zap"]},{"damage_healed":0.0,"max_hp_gain":0.0,"max_hp_loss":0.0,"gold_gain":0.0,"event_name":"Living Wall","player_choice":"Grow","floor":7.0,"gold_loss":0.0,"damage_taken":0.0,"cards_upgraded":["Leap"]},{"damage_healed":0.0,"max_hp_gain":0.0,"max_hp_loss":0.0,"gold_gain":0.0,"event_name":"The Woman in Blue","player_choice":"Bought 1 Potion","floor":19.0,"gold_loss":0.0,"damage_taken":0.0}],"is_beta":false,"boss_relics":[{"not_picked":["Snecko Eye","FrozenCore"],"picked":"Runic Dome"}],"items_purged_floors":[],"is_endless":false,"potions_floor_spawned":[1,8,11,16,20,22],"killed_by":"Gremlin Leader","ascension_level":5}