{"gold_per_floor":[112,131,147,222,240,240,240,240,240,240,259,273,223,237,237,337,337,350,350,350],"floor_reached":20,"playtime":2143,"items_purged":[],"score":166,"play_id":"ab0d4325-826b-42cd-937a-c41c99efe6b9","local_time":"20181206110235","is_ascension_mode":false,"campfire_choices":[{"data":"Neutralize","floor":6,"key":"SMITH"},{"data":"Blur","floor":8,"key":"SMITH"},{"data":"Backflip","floor":10,"key":"SMITH"},{"data":"Dagger Spray","floor":15,"key":"SMITH"}],"neow_cost":"CURSE","seed_source_timestamp":1905537961687134,"circlet_count":0,"master_deck":["Defend_G","Defend_G","Defend_G","Defend_G","Strike_G","Strike_G","Strike_G","Strike_G","Strike_G","Survivor","Neutralize+1","Prepared","Backflip+1","Blur+1","Well Laid Plans","Dagger Spray+1","Corpse Explosion","Outmaneuver"],"relics":["Ring of the Snake","Ginger","Centennial Puzzle","WristBlade","Enchiridion"],"potions_floor_usage":[11,16,20,20],"damage_taken":[{"damage":4,"enemies":"2 Louse","floor":1,"turns":3},{"damage":2,"enemies":"Small Slimes","floor":2,"turns":4},{"damage":0,"enemies":"Cultist","floor":3,"turns":4},{"damage":16,"enemies":"Large Slime","floor":5,"turns":7},{"damage":0,"enemies":"Lots of Slimes","floor":11,"turns":4},{"damage":2,"enemies":"Looter","floor":12,"turns":3},{"damage":0,"enemies":"Exordium Thugs","floor":14,"turns":7},{"damage":3,"enemies":"The Guardian","floor":16,"turns":16},{"damage":3,"enemies":"Shell Parasite","floor":18,"turns":12},{"damage":18,"enemies":"Colosseum Slavers","floor":20,"turns":5},{"damage":42,"enemies":"Colosseum Nobs","floor":20,"turns":4}],"seed_played":"6075102072600749908","potions_obtained":[{"floor":1,"key":"LiquidBronze"},{"floor":3,"key":"Explosive Potion"},{"floor":14,"key":"Weak Potion"},{"floor":16,"key":"SpeedPotion"}],"is_trial":false,"path_per_floor":["M","M","M","?","M","R","?","R","T","R","M","M","?","M","R","B",null,"M","?","?"],"character_chosen":"THE_SILENT","items_purchased":[],"campfire_rested":0,"item_purchase_floors":[],"current_hp_per_floor":[66,64,64,53,37,37,30,30,30,30,30,28,28,28,28,25,70,67,51,0],"gold":350,"neow_bonus":"ONE_RARE_RELIC","is_prod":false,"is_daily":false,"chose_seed":false,"campfire_upgraded":4,"win_rate":0,"timestamp":1544122955,"path_taken":["M","M","M","?","M","R","?","R","T","R","M","M","?","M","R","BOSS","M","?","?"],"build_version":"2018-11-15","purchased_purges":0,"victory":false,"max_hp_per_floor":[70,70,70,70,70,70,70,70,70,70,70,70,70,70,70,70,70,70,70,70],"card_choices":[{"not_picked":["Deadly Poison","Slice"],"picked":"Prepared","floor":1},{"not_picked":["PiercingWail","Eviscerate","Quick Slash"],"picked":"SKIP","floor":2},{"not_picked":["Quick Slash","Skewer"],"picked":"Backflip","floor":3},{"not_picked":["Prepared","Sucker Punch"],"picked":"Blur","floor":5},{"not_picked":["Accuracy","Bouncing Flask"],"picked":"Well Laid Plans","floor":11},{"not_picked":["Prepared","Dagger Spray","Deadly Poison"],"picked":"SKIP","floor":12},{"not_picked":["Dodge and Roll","Slice"],"picked":"Dagger Spray","floor":14},{"not_picked":["Doppelganger","Unload"],"picked":"Corpse Explosion","floor":16},{"not_picked":["Cloak And Dagger","Prepared"],"picked":"Outmaneuver","floor":18}],"player_experience":101603,"relics_obtained":[{"floor":9,"key":"Centennial Puzzle"},{"floor":19,"key":"Enchiridion"}],"event_choices":[{"damage_healed":0,"gold_gain":75,"player_choice":"Gather Gold","damage_taken":11,"max_hp_gain":0,"max_hp_loss":0,"event_name":"World of Goop","floor":4,"gold_loss":0},{"cards_removed":["Regret"],"damage_healed":0,"gold_gain":0,"player_choice":"Card Removal","damage_taken":7,"max_hp_gain":0,"max_hp_loss":0,"event_name":"Golden Wing","floor":7,"gold_loss":0},{"cards_removed":["Defend_G"],"damage_healed":0,"gold_gain":0,"player_choice":"Card Removal","damage_taken":0,"max_hp_gain":0,"max_hp_loss":0,"event_name":"The Cleric","floor":13,"gold_loss":50},{"damage_healed":0,"gold_gain":0,"player_choice":"Obtained Book","damage_taken":16,"max_hp_gain":0,"max_hp_loss":0,"event_name":"Cursed Tome","floor":19,"gold_loss":0},{"damage_healed":0,"gold_gain":0,"player_choice":"Fight","damage_taken":0,"max_hp_gain":0,"max_hp_loss":0,"event_name":"Colosseum","floor":20,"gold_loss":0},{"damage_healed":0,"gold_gain":0,"player_choice":"Fought Nobs","damage_taken":0,"max_hp_gain":0,"max_hp_loss":0,"event_name":"Colosseum","floor":20,"gold_loss":0}],"is_beta":false,"boss_relics":[{"not_picked":["Ectoplasm","HoveringKite"],"picked":"WristBlade"}],"items_purged_floors":[],"is_endless":false,"potions_floor_spawned":[1,3,14,16],"killed_by":"Colosseum Nobs","ascension_level":0}