{"gold_per_floor":[114,114,64,64,64,64,94,132,132,132,170,208,208,227,227,352,352,371,390,15,65,45,45,45,45,95,133,171,509,509,528,528,653,653,672,347,366,491,510,548,586,586,661,611,311,349,368,406,406,406],"floor_reached":51,"playtime":3362,"items_purged":["Twin Strike","Injury","Armaments+1"],"score":1008,"play_id":"426c9fcd-1b7e-441c-8078-82632a42bf4c","local_time":"20190602202627","daily_mods":["Draft","Flight","Terminal"],"is_ascension_mode":false,"campfire_choices":[{"data":"Flame Barrier","floor":6,"key":"SMITH"},{"data":"Armaments","floor":15,"key":"SMITH"},{"data":"Whirlwind","floor":23,"key":"SMITH"},{"data":"Clothesline","floor":24,"key":"SMITH"},{"data":"Metallicize","floor":30,"key":"SMITH"},{"data":"Pommel Strike","floor":32,"key":"SMITH"},{"data":"1","floor":49,"key":"LIFT"}],"neow_cost":"","seed_source_timestamp":0,"circlet_count":0,"master_deck":["Pummel","Pommel Strike+1","Shrug It Off","Headbutt","Flame Barrier+1","Metallicize+1","Twin Strike","Clothesline+1","Shrug It Off","Disarm","Whirlwind+1","Shockwave+1","Double Tap+1","Battle Trance+1","Limit Break+1","Spot Weakness+1","Seeing Red+1","Offering+1","Parasite"],"special_seed":18050,"relics":["Burning Blood","Juzu Bracelet","Golden Idol","Strawberry","Pantograph","Self Forming Clay","Nunchaku","Orichalcum","Toxic Egg 2","Empty Cage","Pocketwatch","Bag of Preparation","Art of War","Shuriken","Letter Opener","Old Coin","Cursed Key","Darkstone Periapt","Mango","Girya","Smiling Mask","Boot","Question Card","Kunai","Bottled Lightning","Regal Pillow"],"potions_floor_usage":[12,28,50,50],"damage_taken":[{"damage":1,"enemies":"Jaw Worm","floor":1,"turns":3},{"damage":9,"enemies":"3 Sentries","floor":8,"turns":9},{"damage":2,"enemies":"Gremlin Nob","floor":11,"turns":5},{"damage":0,"enemies":"Lagavulin","floor":12,"turns":7},{"damage":0,"enemies":"2 Louse","floor":14,"turns":2},{"damage":41,"enemies":"Slime Boss","floor":16,"turns":13},{"damage":0,"enemies":"3 Byrds","floor":18,"turns":4},{"damage":0,"enemies":"Chosen","floor":19,"turns":5},{"damage":0,"enemies":"Book of Stabbing","floor":27,"turns":7},{"damage":24,"enemies":"Slavers","floor":28,"turns":5},{"damage":4,"enemies":"Gremlin Leader","floor":29,"turns":5},{"damage":0,"enemies":"Centurion and Healer","floor":31,"turns":5},{"damage":29,"enemies":"Collector","floor":33,"turns":11},{"damage":12,"enemies":"3 Shapes","floor":35,"turns":2},{"damage":0,"enemies":"Orb Walker","floor":37,"turns":3},{"damage":0,"enemies":"Mind Bloom Boss Battle","floor":38,"turns":7},{"damage":0,"enemies":"Sphere and 2 Shapes","floor":39,"turns":3},{"damage":8,"enemies":"Nemesis","floor":40,"turns":5},{"damage":13,"enemies":"Reptomancer","floor":41,"turns":4},{"damage":6,"enemies":"Giant Head","floor":46,"turns":3},{"damage":6,"enemies":"Jaw Worm Horde","floor":47,"turns":1},{"damage":6,"enemies":"Reptomancer","floor":48,"turns":3},{"damage":18,"enemies":"Awakened One","floor":50,"turns":5}],"seed_played":"4062081595039347148","potions_obtained":[{"floor":1,"key":"Ancient Potion"},{"floor":11,"key":"FearPotion"},{"floor":16,"key":"Dexterity Potion"},{"floor":19,"key":"BloodPotion"},{"floor":22,"key":"Explosive Potion"},{"floor":33,"key":"Strength Potion"},{"floor":39,"key":"FearPotion"},{"floor":46,"key":"Weak Potion"},{"floor":48,"key":"SteroidPotion"}],"is_trial":false,"path_per_floor":["M","?","?","$","?","R","?","E","T","$","E","E","?","M","R","B",null,"M","M","$","T","?","R","R","?","T","E","E","E","R","M","R","B",null,"M","$","M","?","M","E","E","T","T","$","$","E","M","E","R","B",null],"character_chosen":"IRONCLAD","items_purchased":["Whirlwind","Pocketwatch","Darkstone Periapt","Kunai"],"campfire_rested":0,"item_purchase_floors":[20,20,36,45],"current_hp_per_floor":[78,75,75,75,57,57,64,61,61,61,65,71,71,72,71,36,69,68,67,66,65,64,63,62,61,60,59,41,43,43,49,49,31,52,46,46,49,62,61,59,52,58,64,64,64,64,64,64,63,51],"gold":406,"neow_bonus":"","is_prod":false,"is_daily":true,"chose_seed":false,"campfire_upgraded":6,"win_rate":0,"timestamp":1559532387,"path_taken":["M","?","?","?","?","R","?","E","T","$","E","E","?","M","R","BOSS","M","M","$","?","?","R","R","?","T","E","E","E","R","M","R","BOSS","M","$","M","?","M","E","E","?","T","$","$","E","M","E","R","BOSS"],"build_version":"2019-01-23","purchased_purges":3,"victory":true,"max_hp_per_floor":[78,77,76,75,74,73,79,78,77,76,75,74,73,72,71,70,69,68,67,66,65,64,63,62,61,60,59,58,57,56,55,54,53,52,51,50,49,62,61,60,59,64,69,68,67,66,65,64,63,62],"card_choices":[{"not_picked":["Rampage","Wild Strike"],"picked":"Cleave","floor":0},{"not_picked":["Rage","Clash"],"picked":"Pummel","floor":0},{"not_picked":["Rage","Body Slam"],"picked":"Pommel Strike","floor":0},{"not_picked":["Sentinel","Cleave"],"picked":"Shrug It Off","floor":0},{"not_picked":["Pommel Strike","Flex"],"picked":"Headbutt","floor":0},{"not_picked":["Blood for Blood","Iron Wave"],"picked":"Sword Boomerang","floor":0},{"not_picked":["Searing Blow","Cleave"],"picked":"Flame Barrier","floor":0},{"not_picked":["Havoc","Sword Boomerang"],"picked":"Metallicize","floor":0},{"not_picked":["Blood for Blood","Headbutt"],"picked":"Armaments","floor":0},{"not_picked":["Infernal Blade","Flex"],"picked":"Twin Strike","floor":0},{"not_picked":["Sentinel","Iron Wave"],"picked":"Clothesline","floor":0},{"not_picked":["Sentinel","Rage"],"picked":"Armaments","floor":0},{"not_picked":["Perfected Strike","Reckless Charge"],"picked":"Twin Strike","floor":0},{"not_picked":["Sword Boomerang","Entrench"],"picked":"Heavy Blade","floor":0},{"not_picked":["Armaments","Reckless Charge"],"picked":"Shrug It Off","floor":0},{"not_picked":["Anger","Rage"],"picked":"Disarm","floor":1},{"not_picked":["Clothesline","Twin Strike","Thunderclap"],"picked":"SKIP","floor":8},{"not_picked":["Carnage","Rupture","Clash"],"picked":"SKIP","floor":11},{"not_picked":["Clash","Twin Strike","Flex"],"picked":"SKIP","floor":12},{"not_picked":["Combust","Wild Strike","Clash"],"picked":"SKIP","floor":14},{"not_picked":["Heavy Blade","Corruption+1","Feel No Pain+1"],"picked":"SKIP","floor":18},{"not_picked":["Cleave","Sever Soul","Iron Wave+1"],"picked":"SKIP","floor":19},{"not_picked":["Dual Wield+1","Heavy Blade+1"],"picked":"Shockwave+1","floor":27},{"not_picked":["Clash+1","Wild Strike"],"picked":"Double Tap+1","floor":28},{"not_picked":["Power Through+1","True Grit+1","Iron Wave"],"picked":"SKIP","floor":29},{"not_picked":["Warcry+1","Wild Strike"],"picked":"Battle Trance+1","floor":31},{"not_picked":["Exhume+1","Fiend Fire"],"picked":"Limit Break+1","floor":33},{"not_picked":["Shockwave+1","Dual Wield+1"],"picked":"Spot Weakness+1","floor":35},{"not_picked":["Carnage+1","Sword Boomerang","Clash"],"picked":"SKIP","floor":37},{"not_picked":["Disarm+1","Wild Strike+1"],"picked":"Seeing Red+1","floor":38},{"not_picked":["Shrug It Off+1","Iron Wave+1","Headbutt"],"picked":"SKIP","floor":39},{"not_picked":["True Grit+1","Dropkick+1","Ghostly Armor+1"],"picked":"SKIP","floor":40},{"not_picked":["Blood for Blood","Combust"],"picked":"Offering+1","floor":41},{"not_picked":["Reaper","Disarm+1","Sever Soul","Evolve"],"picked":"SKIP","floor":46},{"not_picked":["Perfected Strike","Body Slam+1","True Grit+1","Rampage+1"],"picked":"SKIP","floor":47},{"not_picked":["Carnage+1","Bludgeon","Blood for Blood+1","Dual Wield+1"],"picked":"SKIP","floor":48}],"player_experience":621828,"relics_obtained":[{"floor":8,"key":"Pantograph"},{"floor":9,"key":"Self Forming Clay"},{"floor":11,"key":"Nunchaku"},{"floor":12,"key":"Orichalcum"},{"floor":21,"key":"Bag of Preparation"},{"floor":26,"key":"Art of War"},{"floor":27,"key":"Shuriken"},{"floor":28,"key":"Letter Opener"},{"floor":29,"key":"Old Coin"},{"floor":38,"key":"Mango"},{"floor":40,"key":"Girya"},{"floor":41,"key":"Smiling Mask"},{"floor":42,"key":"Boot"},{"floor":43,"key":"Question Card"},{"floor":46,"key":"Bottled Lightning"},{"floor":48,"key":"Regal Pillow"}],"event_choices":[{"damage_healed":0,"gold_gain":0,"player_choice":"Success","damage_taken":3,"relics_obtained":["Juzu Bracelet"],"max_hp_gain":0,"max_hp_loss":0,"event_name":"Scrap Ooze","floor":2,"gold_loss":0},{"cards_removed":["Cleave"],"damage_healed":0,"gold_gain":0,"player_choice":"Card Removal","damage_taken":0,"max_hp_gain":0,"max_hp_loss":0,"event_name":"The Cleric","floor":3,"gold_loss":50},{"damage_healed":0,"gold_gain":0,"player_choice":"Take Damage","damage_taken":18,"relics_obtained":["Golden Idol"],"max_hp_gain":0,"max_hp_loss":0,"event_name":"Golden Idol","floor":5,"gold_loss":0},{"damage_healed":0,"gold_gain":30,"player_choice":"Searched \u00273\u0027 times","damage_taken":0,"relics_obtained":["Strawberry"],"max_hp_gain":0,"max_hp_loss":0,"event_name":"Dead Adventurer","floor":7,"gold_loss":0},{"damage_healed":0,"gold_gain":0,"player_choice":"Gave Potion","damage_taken":0,"relics_obtained":["Toxic Egg 2"],"max_hp_gain":0,"max_hp_loss":0,"event_name":"WeMeetAgain","floor":13,"gold_loss":0},{"damage_healed":0,"gold_gain":0,"player_choice":"Bought 1 Potion","damage_taken":0,"max_hp_gain":0,"max_hp_loss":0,"event_name":"The Woman in Blue","floor":22,"gold_loss":0},{"cards_removed":["Heavy Blade"],"damage_healed":0,"gold_gain":0,"player_choice":"Elegance","damage_taken":0,"max_hp_gain":0,"max_hp_loss":0,"event_name":"Back to Basics","floor":25,"gold_loss":0},{"damage_healed":0,"gold_gain":0,"player_choice":"Fight","damage_taken":0,"max_hp_gain":0,"max_hp_loss":0,"event_name":"MindBloom","floor":38,"gold_loss":0}],"is_beta":false,"boss_relics":[{"not_picked":["Runic Pyramid","Lizard Tail"],"picked":"Empty Cage"},{"not_picked":["Orrery","Busted Crown"],"picked":"Cursed Key"}],"items_purged_floors":[36,44,45],"is_endless":false,"potions_floor_spawned":[1,11,16,19,33,35,39,46,48],"ascension_level":0}