{"gold_per_floor":[110,40,40,56,74,74,102,121,121,134,134,149,74,89,89,191,191,209,223,58,158,158,191,191,203,203,220,220,420,439,449,449,553,553,567,583,583,583,597,597,623,623,623,623,672,672,699,81,81,81],"floor_reached":51,"playtime":3104,"items_purged":["All Out Attack"],"score":1008,"play_id":"ba5fa345-4c84-42c8-a80e-e3c93c13ca2f","local_time":"20190121230602","is_ascension_mode":true,"campfire_choices":[{"data":"Endless Agony","floor":6,"key":"SMITH"},{"data":"Caltrops","floor":15,"key":"SMITH"},{"data":"Night Terror","floor":24,"key":"SMITH"},{"data":"Catalyst","floor":28,"key":"SMITH"},{"data":"Noxious Fumes","floor":32,"key":"SMITH"},{"data":"Bouncing Flask","floor":40,"key":"SMITH"},{"data":"Footwork","floor":42,"key":"SMITH"},{"data":"Leg Sweep","floor":44,"key":"SMITH"},{"floor":49,"key":"REST"}],"neow_cost":"NONE","seed_source_timestamp":1163308222359071,"circlet_count":0,"master_deck":["Survivor","Neutralize","After Image","Caltrops+1","Endless Agony+1","Backstab","Cloak And Dagger","After Image","Noxious Fumes+1","Crippling Poison","Night Terror+1","Expertise","Dagger Spray","Backstab","Prepared","Catalyst+1","Infinite Blades","Venomology","Leg Sweep+1","Bouncing Flask+1","Backflip+1","Blur","Bandage Up","Footwork+1","Well Laid Plans","Backflip","Noxious Fumes+1","Corpse Explosion","Violence","Acrobatics+1","Predator+1","Noxious Fumes"],"relics":["Ring of the Snake","CultistMask","Centennial Puzzle","Blood Vial","Pantograph","Pandora\u0027s Box","Torii","Dodecahedron","Bag of Preparation","Shuriken","Busted Crown","Lantern","Girya","Du-Vu Doll","Smiling Mask","TwistedFunnel","Bronze Scales","Anchor"],"potions_floor_usage":[16,21,21,21,21,23,23,25,33,33,35,39,41,41,41,45,47,50,50],"damage_taken":[{"damage":0,"enemies":"Cultist","floor":1,"turns":4},{"damage":1,"enemies":"2 Louse","floor":4,"turns":3},{"damage":1,"enemies":"Small Slimes","floor":5,"turns":5},{"damage":36,"enemies":"Lagavulin","floor":7,"turns":9},{"damage":3,"enemies":"Gremlin Gang","floor":8,"turns":6},{"damage":4,"enemies":"Looter","floor":10,"turns":3},{"damage":3,"enemies":"2 Fungi Beasts","floor":12,"turns":3},{"damage":5,"enemies":"Blue Slaver","floor":14,"turns":4},{"damage":5,"enemies":"The Guardian","floor":16,"turns":10},{"damage":4,"enemies":"Spheric Guardian","floor":18,"turns":6},{"damage":0,"enemies":"3 Byrds","floor":19,"turns":3},{"damage":8,"enemies":"Colosseum Slavers","floor":21,"turns":6},{"damage":22,"enemies":"Colosseum Nobs","floor":21,"turns":6},{"damage":7,"enemies":"Book of Stabbing","floor":23,"turns":7},{"damage":28,"enemies":"Centurion and Healer","floor":25,"turns":7},{"damage":8,"enemies":"Shelled Parasite and Fungi","floor":27,"turns":7},{"damage":1,"enemies":"Chosen and Byrds","floor":30,"turns":5},{"damage":15,"enemies":"Snake Plant","floor":31,"turns":4},{"damage":24,"enemies":"Automaton","floor":33,"turns":8},{"damage":0,"enemies":"3 Darklings","floor":35,"turns":1},{"damage":1,"enemies":"Orb Walker","floor":36,"turns":5},{"damage":0,"enemies":"Maw","floor":39,"turns":6},{"damage":53,"enemies":"Reptomancer","floor":41,"turns":5},{"damage":15,"enemies":"2 Orb Walkers","floor":45,"turns":3},{"damage":14,"enemies":"Nemesis","floor":47,"turns":7},{"damage":52,"enemies":"Time Eater","floor":50,"turns":9}],"seed_played":"3136425551021200411","potions_obtained":[{"floor":1,"key":"SpeedPotion"},{"floor":12,"key":"AttackPotion"},{"floor":14,"key":"GhostInAJar"},{"floor":19,"key":"LiquidBronze"},{"floor":21,"key":"Block Potion"},{"floor":33,"key":"Poison Potion"},{"floor":36,"key":"PowerPotion"},{"floor":41,"key":"EssenceOfSteel"},{"floor":47,"key":"AttackPotion"}],"is_trial":false,"path_per_floor":["M","$","?","M","M","R","E","M","T","M","?","M","$","M","R","B",null,"M","M","$","?","?","E","R","M","T","M","R","?","M","M","R","B",null,"M","M","?","?","M","R","E","R","T","R","?","?","E","$","R","B",null],"character_chosen":"THE_SILENT","items_purchased":["Endless Agony","Noxious Fumes","Blur","Bandage Up","Noxious Fumes","TwistedFunnel","Bronze Scales","Anchor"],"campfire_rested":1,"item_purchase_floors":[2,13,20,20,48,48,48,48],"current_hp_per_floor":[63,63,63,62,61,61,25,22,22,20,20,19,19,16,16,38,62,60,62,62,44,44,48,48,38,38,36,36,36,41,32,32,39,62,64,69,69,69,70,70,21,21,21,21,12,12,4,4,23,2],"gold":81,"neow_bonus":"ONE_RANDOM_RARE_CARD","is_prod":false,"is_daily":false,"chose_seed":false,"campfire_upgraded":8,"win_rate":0,"timestamp":1548140762,"path_taken":["M","$","?","M","?","R","E","M","T","M","?","M","$","?","R","BOSS","M","?","$","?","?","E","R","?","T","M","R","?","M","M","R","BOSS","M","?","?","?","M","R","E","R","T","R","?","?","E","$","R","BOSS"],"build_version":"2019-01-17v2","purchased_purges":1,"victory":true,"max_hp_per_floor":[70,70,70,70,70,70,70,70,70,70,70,70,70,70,70,70,70,70,70,70,70,70,70,70,70,70,70,70,70,70,70,70,70,70,70,70,70,70,70,70,70,70,70,70,70,66,66,66,66,66],"card_choices":[{"not_picked":["Concentrate","Setup"],"picked":"Caltrops","floor":1},{"not_picked":["Deflect","Flying Knee","Outmaneuver"],"picked":"SKIP","floor":4},{"not_picked":["Leg Sweep","Dagger Throw"],"picked":"Backstab","floor":5},{"not_picked":["Dagger Throw","Flying Knee","Dodge and Roll"],"picked":"SKIP","floor":7},{"not_picked":["Flying Knee","Deflect","Reflex"],"picked":"SKIP","floor":8},{"not_picked":["Crippling Poison","Infinite Blades"],"picked":"Cloak And Dagger","floor":10},{"not_picked":["Flying Knee","Well Laid Plans"],"picked":"After Image","floor":12},{"not_picked":["Deflect","Sucker Punch"],"picked":"Crippling Poison","floor":14},{"not_picked":["Storm of Steel","Burst"],"picked":"Night Terror","floor":16},{"not_picked":["Deadly Poison","Flying Knee"],"picked":"Bouncing Flask","floor":18},{"not_picked":["Deflect","Infinite Blades"],"picked":"Backflip+1","floor":19},{"not_picked":["Underhanded Strike+1","Acrobatics"],"picked":"Footwork","floor":23},{"not_picked":["Riddle With Holes","Dash"],"picked":"Well Laid Plans","floor":25},{"not_picked":["Distraction","Dagger Throw+1"],"picked":"Backflip","floor":27},{"not_picked":["Reflex","Backflip","Dagger Throw"],"picked":"SKIP","floor":30},{"not_picked":["Sucker Punch","Phantasmal Killer"],"picked":"Noxious Fumes","floor":31},{"not_picked":["Grand Finale","Tools of the Trade"],"picked":"Corpse Explosion","floor":33},{"not_picked":["Underhanded Strike+1"],"picked":"SKIP","floor":35},{"not_picked":["Eviscerate+1"],"picked":"SKIP","floor":36},{"not_picked":[],"picked":"Violence","floor":38},{"not_picked":["Deflect+1"],"picked":"SKIP","floor":39},{"not_picked":[],"picked":"Acrobatics+1","floor":41},{"not_picked":[],"picked":"Predator+1","floor":47}],"player_experience":380413,"relics_obtained":[{"floor":7,"key":"Centennial Puzzle"},{"floor":9,"key":"Blood Vial"},{"floor":21,"key":"Torii"},{"floor":21,"key":"Dodecahedron"},{"floor":23,"key":"Bag of Preparation"},{"floor":26,"key":"Shuriken"},{"floor":41,"key":"Lantern"},{"floor":43,"key":"Girya"},{"floor":45,"key":"Du-Vu Doll"},{"floor":47,"key":"Smiling Mask"}],"event_choices":[{"damage_healed":0,"gold_gain":0,"player_choice":"Trade","damage_taken":0,"relics_obtained":["CultistMask"],"max_hp_gain":0,"max_hp_loss":0,"event_name":"FaceTrader","floor":3,"gold_loss":0},{"damage_healed":0,"gold_gain":0,"player_choice":"Gave Potion","damage_taken":0,"relics_obtained":["Pantograph"],"max_hp_gain":0,"max_hp_loss":0,"event_name":"WeMeetAgain","floor":11,"gold_loss":0},{"damage_healed":0,"gold_gain":0,"player_choice":"Fight","damage_taken":0,"max_hp_gain":0,"max_hp_loss":0,"event_name":"Colosseum","floor":21,"gold_loss":0},{"damage_healed":0,"gold_gain":0,"player_choice":"Fought Nobs","damage_taken":0,"max_hp_gain":0,"max_hp_loss":0,"event_name":"Colosseum","floor":21,"gold_loss":0},{"damage_healed":0,"gold_gain":0,"player_choice":"Forge","damage_taken":0,"max_hp_gain":0,"max_hp_loss":0,"event_name":"Accursed Blacksmith","floor":22,"gold_loss":0,"cards_upgraded":["Noxious Fumes"]},{"damage_healed":0,"gold_gain":250,"player_choice":"Bet on Owner","damage_taken":0,"max_hp_gain":0,"max_hp_loss":0,"event_name":"The Joust","floor":29,"gold_loss":50},{"cards_removed":["Outmaneuver"],"damage_healed":0,"gold_gain":0,"player_choice":"Removed Skill","damage_taken":0,"max_hp_gain":0,"max_hp_loss":0,"event_name":"Falling","floor":37,"gold_loss":0},{"damage_healed":0,"gold_gain":0,"player_choice":"Memory 1","damage_taken":0,"max_hp_gain":0,"max_hp_loss":0,"event_name":"SensoryStone","floor":38,"gold_loss":0},{"damage_healed":0,"gold_gain":0,"player_choice":"Fight","damage_taken":0,"max_hp_gain":0,"max_hp_loss":0,"event_name":"Mysterious Sphere","floor":45,"gold_loss":0},{"damage_healed":0,"gold_gain":0,"player_choice":"Max HP","damage_taken":0,"max_hp_gain":0,"max_hp_loss":4,"event_name":"Winding Halls","floor":46,"gold_loss":0}],"is_beta":false,"boss_relics":[{"not_picked":["Tiny House","Fusion Hammer"],"picked":"Pandora\u0027s Box"},{"not_picked":["White Beast Statue","Snecko Eye"],"picked":"Busted Crown"}],"items_purged_floors":[48],"is_endless":false,"potions_floor_spawned":[1,12,14,19,21,30,33,36,41,47],"ascension_level":8}