{"gold_per_floor":[362,362,378,12,12,29,29,102,102,134,52,72,72,87,87,186,186,205,205,225,52,52,52,79,79,79,79,98,18,43,56,56,156,156,169,169,44,44,126,190,190,224,251,251,269,269,286,319,319,319,319,319,97,129,129],"floor_reached":56,"playtime":5773,"items_purged":["Injury","Strike_G","Pain","Strike_G"],"score":1682,"play_id":"2119492a-4397-4e8b-b743-050b0e22cb2a","local_time":"20190415145229","is_ascension_mode":true,"campfire_choices":[{"data":"Neutralize","floor":7.0,"key":"SMITH"},{"data":"Sucker Punch","floor":13.0,"key":"SMITH"},{"floor":15.0,"key":"REST"},{"data":"Footwork","floor":23.0,"key":"SMITH"},{"data":"Noxious Fumes","floor":25.0,"key":"SMITH"},{"floor":27.0,"key":"REST"},{"data":"Well Laid Plans","floor":32.0,"key":"SMITH"},{"floor":41.0,"key":"RECALL"},{"data":"Wraith Form v2","floor":44.0,"key":"SMITH"},{"data":"Noxious Fumes","floor":49.0,"key":"SMITH"},{"data":"Caltrops","floor":52.0,"key":"SMITH"}],"neow_cost":"CURSE","seed_source_timestamp":0,"circlet_count":0,"master_deck":["Defend_G","Defend_G","Defend_G","Defend_G","Defend_G","Strike_G","Strike_G","Strike_G","Survivor","Neutralize+1","Noxious Fumes+1","Dodge and Roll","Sucker Punch+1","Deadly Poison+1","Footwork+1","Backflip+1","Deflect+1","Corpse Explosion+1","Leg Sweep+1","Blur+1","Well Laid Plans+1","PiercingWail+1","Caltrops+1","Backflip+1","Dodge and Roll+1","Crippling Poison+1","Wraith Form v2+1","Noxious Fumes+1","Caltrops+1","Skewer+1"],"special_seed":0,"relics":["Ring of the Snake","Ginger","Sundial","Toxic Egg 2","Singing Bowl","Bird Faced Urn","Black Star","Meat on the Bone","Art of War","Prayer Wheel","Strawberry","HoveringKite","WarpedTongs","Blue Candle","Tiny Chest","Lantern","Calipers","Bottled Lightning","Centennial Puzzle","Molten Egg 2","Mango","Ancient Tea Set","Dodecahedron","Bag of Marbles"],"potions_floor_usage":[54,54,55],"damage_taken":[{"damage":4.0,"enemies":"Small Slimes","floor":1.0,"turns":5.0},{"damage":0.0,"enemies":"Cultist","floor":3.0,"turns":4.0},{"damage":0.0,"enemies":"2 Louse","floor":6.0,"turns":3.0},{"damage":24.0,"enemies":"Lagavulin","floor":10.0,"turns":12.0},{"damage":5.0,"enemies":"Gremlin Gang","floor":12.0,"turns":2.0},{"damage":0.0,"enemies":"Exordium Wildlife","floor":14.0,"turns":6.0},{"damage":9.0,"enemies":"Slime Boss","floor":16.0,"turns":13.0},{"damage":7.0,"enemies":"3 Byrds","floor":18.0,"turns":6.0},{"damage":5.0,"enemies":"Spheric Guardian","floor":20.0,"turns":6.0},{"damage":40.0,"enemies":"Slavers","floor":24.0,"turns":6.0},{"damage":1.0,"enemies":"Centurion and Healer","floor":28.0,"turns":7.0},{"damage":4.0,"enemies":"Book of Stabbing","floor":30.0,"turns":8.0},{"damage":4.0,"enemies":"Shelled Parasite and Fungi","floor":31.0,"turns":6.0},{"damage":15.0,"enemies":"Automaton","floor":33.0,"turns":10.0},{"damage":1.0,"enemies":"3 Darklings","floor":35.0,"turns":3.0},{"damage":26.0,"enemies":"Giant Head","floor":40.0,"turns":11.0},{"damage":1.0,"enemies":"Reptomancer","floor":42.0,"turns":7.0},{"damage":0.0,"enemies":"3 Shapes","floor":45.0,"turns":3.0},{"damage":16.0,"enemies":"Transient","floor":47.0,"turns":5.0},{"damage":3.0,"enemies":"Giant Head","floor":48.0,"turns":10.0},{"damage":20.0,"enemies":"Time Eater","floor":50.0,"turns":15.0},{"damage":71,"enemies":"Shield and Spear","floor":54,"turns":7},{"damage":53,"enemies":"The Heart","floor":55,"turns":9}],"seed_played":"4862219489656130161","potions_obtained":[{"floor":2.0,"key":"Strength Potion"},{"floor":2.0,"key":"FearPotion"},{"floor":2.0,"key":"Energy Potion"},{"floor":6.0,"key":"Explosive Potion"},{"floor":10.0,"key":"Energy Potion"},{"floor":18.0,"key":"Swift Potion"},{"floor":28.0,"key":"FearPotion"},{"floor":31.0,"key":"LiquidBronze"},{"floor":40.0,"key":"SpeedPotion"},{"floor":47.0,"key":"Block Potion"}],"is_trial":false,"path_per_floor":["M","?","M","$","?","M","R","T","T","E","$","M","R","M","R","B",null,"M","?","M","$","?","R","E","R","T","R","M","$","E","M","R","B",null,"M","?","$","$","T","E","R","E","T","R","M","T","M","E","R","B",null,"R","$","E","B",null],"character_chosen":"THE_SILENT","items_purchased":["Ginger","Footwork","Well Laid Plans","Caltrops","Skewer+1"],"campfire_rested":2,"item_purchase_floors":[4,11,21,29,53],"current_hp_per_floor":[59,59,59,59,59,59,59,59,59,35,35,30,30,34,55,50,65,62,62,61,61,54,54,22,22,22,43,48,48,59,63,63,56,73,76,76,76,76,76,57,57,68,68,68,70,70,68,95,95,89,103,103,103,58,31],"gold":129,"neow_bonus":"TWO_FIFTY_GOLD","is_prod":false,"is_daily":false,"chose_seed":false,"campfire_upgraded":8,"win_rate":0,"timestamp":1555332749,"path_taken":["M","?","?","$","?","?","R","?","T","E","$","M","R","M","R","BOSS","M","?","M","$","?","R","E","R","T","R","?","?","E","M","R","BOSS","M","?","?","$","?","E","R","E","T","R","M","?","M","E","R","BOSS","R","$","E","BOSS"],"build_version":"2019-01-23","purchased_purges":4,"victory":true,"max_hp_per_floor":[70,70,70,70,70,70,70,70,70,70,70,70,70,70,70,70,70,70,70,70,70,70,70,72,72,72,72,72,72,79,79,79,79,79,81,81,81,81,81,83,83,85,85,85,87,87,91,107,107,107,107,107,107,109,109],"card_choices":[{"not_picked":["Poisoned Stab","Deadly Poison"],"picked":"Noxious Fumes","floor":1.0},{"not_picked":["Reflex","Catalyst"],"picked":"Dodge and Roll","floor":3.0},{"not_picked":["Bane","Dagger Spray"],"picked":"Sucker Punch","floor":6.0},{"not_picked":["Acrobatics+1","Cloak And Dagger+1"],"picked":"Deadly Poison+1","floor":10.0},{"not_picked":["Prepared+1","Cloak And Dagger+1"],"picked":"Backflip+1","floor":12.0},{"not_picked":["Burst+1","Backflip+1"],"picked":"Deflect+1","floor":14.0},{"not_picked":["Phantasmal Killer+1","Doppelganger+1"],"picked":"Corpse Explosion+1","floor":16.0},{"not_picked":["Blade Dance+1","Poisoned Stab"],"picked":"Leg Sweep+1","floor":18.0},{"not_picked":["All Out Attack+1","Cloak And Dagger+1"],"picked":"Blur+1","floor":20.0},{"not_picked":["Eviscerate","Dagger Spray","Poisoned Stab"],"picked":"Singing Bowl","floor":24.0},{"not_picked":["Underhanded Strike","Riddle With Holes"],"picked":"PiercingWail+1","floor":28.0},{"not_picked":["Bane","Expertise+1"],"picked":"Backflip+1","floor":30.0},{"not_picked":["Slice","Blade Dance+1"],"picked":"Dodge and Roll+1","floor":31.0},{"not_picked":["Slice+1","Choke+1"],"picked":"Crippling Poison+1","floor":31.0},{"not_picked":["Grand Finale","Envenom"],"picked":"Wraith Form v2","floor":33.0},{"not_picked":["Backstab","Heel Hook","Cloak And Dagger+1"],"picked":"Singing Bowl","floor":35.0},{"not_picked":["Infinite Blades","Terror+1"],"picked":"Noxious Fumes","floor":35.0},{"not_picked":["Blur+1","Dodge and Roll+1","Masterful Stab"],"picked":"Singing Bowl","floor":40.0},{"not_picked":["Backstab+1","Skewer","Sucker Punch+1"],"picked":"Singing Bowl","floor":42.0},{"not_picked":["Predator","Outmaneuver+1","Concentrate+1"],"picked":"Singing Bowl","floor":45.0},{"not_picked":["Flechettes","Dagger Spray+1"],"picked":"Caltrops+1","floor":45.0},{"not_picked":["Blade Dance+1","Setup+1","Terror+1"],"picked":"Singing Bowl","floor":47.0},{"not_picked":["Underhanded Strike+1","Setup+1","Blur+1"],"picked":"Singing Bowl","floor":47.0},{"not_picked":["Masterful Stab+1","Infinite Blades","Poisoned Stab+1"],"picked":"Singing Bowl","floor":48.0},{"not_picked":["Deflect+1","Terror+1","Bane+1"],"picked":"Singing Bowl","floor":54}],"player_experience":431784,"relics_obtained":[{"floor":8.0,"key":"Toxic Egg 2"},{"floor":9.0,"key":"Singing Bowl"},{"floor":10.0,"key":"Bird Faced Urn"},{"floor":24.0,"key":"Meat on the Bone"},{"floor":24.0,"key":"Art of War"},{"floor":30.0,"key":"Prayer Wheel"},{"floor":30.0,"key":"Strawberry"},{"floor":39.0,"key":"Blue Candle"},{"floor":40.0,"key":"Tiny Chest"},{"floor":40.0,"key":"Lantern"},{"floor":42.0,"key":"Calipers"},{"floor":42.0,"key":"Bottled Lightning"},{"floor":43.0,"key":"Centennial Puzzle"},{"floor":46.0,"key":"Molten Egg 2"},{"floor":48.0,"key":"Mango"},{"floor":48.0,"key":"Ancient Tea Set"},{"floor":54,"key":"Dodecahedron"},{"floor":54,"key":"Bag of Marbles"}],"event_choices":[{"damage_healed":0.0,"max_hp_gain":0.0,"max_hp_loss":0.0,"gold_gain":0.0,"event_name":"Lab","player_choice":"Got Potions","floor":2.0,"gold_loss":0.0,"damage_taken":0.0},{"damage_healed":0.0,"max_hp_gain":0.0,"max_hp_loss":0.0,"gold_gain":0.0,"event_name":"WeMeetAgain","player_choice":"Gave Potion","floor":5.0,"gold_loss":0.0,"damage_taken":0.0,"relics_obtained":["Sundial"]},{"damage_healed":0.0,"max_hp_gain":0.0,"max_hp_loss":0.0,"gold_gain":0.0,"event_name":"Vampires","player_choice":"Ignored","floor":19.0,"gold_loss":0.0,"damage_taken":0.0},{"damage_healed":0.0,"max_hp_gain":0.0,"max_hp_loss":0.0,"gold_gain":0.0,"event_name":"Wheel of Change","player_choice":"Damaged","floor":22.0,"gold_loss":0.0,"damage_taken":7.0},{"damage_healed":0.0,"max_hp_gain":0.0,"max_hp_loss":0.0,"gold_gain":0.0,"event_name":"Accursed Blacksmith","player_choice":"Rummage","floor":36.0,"gold_loss":0.0,"damage_taken":0.0,"relics_obtained":["WarpedTongs"],"cards_obtained":["Pain"]}],"is_beta":false,"boss_relics":[{"not_picked":["Ectoplasm","White Beast Statue"],"picked":"Black Star"},{"not_picked":["Orrery","Lizard Tail"],"picked":"HoveringKite"}],"items_purged_floors":[4,21,37,53],"is_endless":false,"potions_floor_spawned":[3,6,10,18,28,31,40,47],"ascension_level":8}