{"gold_per_floor":[113,113,113,126,142,160,160,185,185,2,2,21,21,31,31,126,126,146,156,59,59,59,59,59],"floor_reached":24,"playtime":1659,"items_purged":[],"score":186,"play_id":"06fd9472-c3a1-48b5-865b-c6c971dbf31f","local_time":"20190615013505","is_ascension_mode":false,"campfire_choices":[{"floor":7,"key":"REST"},{"data":"Sever Soul","floor":13,"key":"SMITH"},{"data":"Rage","floor":15,"key":"SMITH"},{"floor":23,"key":"REST"}],"neow_cost":"NONE","seed_source_timestamp":44112515864200,"circlet_count":0,"master_deck":["Strike_R","Strike_R","Strike_R","Strike_R+1","Defend_R","Defend_R+1","Defend_R","Defend_R","Bash","Trip","Rage+1","Clash","Disarm","Inflame","Sever Soul+1","Good Instincts","Flex","Double Tap","Feed","Corruption","Armaments+1","Mind Blast"],"relics":["Burning Blood","Ancient Tea Set","Bird Faced Urn","Runic Pyramid"],"potions_floor_usage":[5,16,16,16,21],"damage_taken":[{"damage":6,"enemies":"Jaw Worm","floor":1,"turns":4},{"damage":0,"enemies":"2 Louse","floor":4,"turns":3},{"damage":5,"enemies":"Small Slimes","floor":5,"turns":3},{"damage":13,"enemies":"Exordium Thugs","floor":6,"turns":3},{"damage":0,"enemies":"3 Louse","floor":12,"turns":2},{"damage":0,"enemies":"Looter","floor":14,"turns":3},{"damage":52,"enemies":"Hexaghost","floor":16,"turns":13},{"damage":6,"enemies":"Chosen","floor":18,"turns":5},{"damage":48,"enemies":"3 Byrds","floor":19,"turns":9},{"damage":25,"enemies":"Colosseum Slavers","floor":21,"turns":4},{"damage":25,"enemies":"Colosseum Nobs","floor":21,"turns":4},{"damage":46,"enemies":"Slavers","floor":24,"turns":4}],"seed_played":"-2599423523907500821","potions_obtained":[{"floor":4,"key":"Ancient Potion"},{"floor":5,"key":"EssenceOfSteel"},{"floor":12,"key":"Energy Potion"},{"floor":19,"key":"SmokeBomb"}],"is_trial":false,"path_per_floor":["M","?","?","M","M","M","R","T","T","$","?","M","R","M","R","B",null,"M","M","$","?","?","R","E"],"character_chosen":"IRONCLAD","items_purchased":["Sever Soul","Good Instincts","Explosive Potion","Mind Blast"],"campfire_rested":2,"item_purchase_floors":[10,10,10,20],"current_hp_per_floor":[80,80,64,70,71,64,80,80,80,80,80,80,80,80,80,36,80,83,44,44,18,18,45,0],"gold":59,"neow_bonus":"RANDOM_COLORLESS","is_prod":false,"is_daily":false,"chose_seed":false,"campfire_upgraded":2,"win_rate":0.0,"timestamp":1560558905,"path_taken":["M","?","?","M","M","M","R","?","T","$","?","?","R","M","R","BOSS","M","M","$","?","?","R","E"],"build_version":"2019-01-23","purchased_purges":0,"victory":false,"max_hp_per_floor":[80,80,80,80,80,80,80,80,80,80,80,80,80,80,80,80,80,83,86,86,92,92,92,92],"card_choices":[{"not_picked":["Power Through","Warcry"],"picked":"Rage","floor":1},{"not_picked":["Warcry","Reckless Charge"],"picked":"Clash","floor":4},{"not_picked":["Headbutt","Thunderclap"],"picked":"Disarm","floor":5},{"not_picked":["Hemokinesis","Perfected Strike"],"picked":"Inflame","floor":6},{"not_picked":["Bloodletting","Burning Pact"],"picked":"Flex","floor":12},{"not_picked":["Perfected Strike","Clash"],"picked":"Double Tap","floor":14},{"not_picked":["Reaper","Barricade"],"picked":"Feed","floor":16},{"not_picked":["Intimidate","Whirlwind"],"picked":"Corruption","floor":18},{"not_picked":["Power Through","Heavy Blade"],"picked":"Armaments+1","floor":19}],"player_experience":21808,"relics_obtained":[{"floor":8,"key":"Ancient Tea Set"},{"floor":9,"key":"Bird Faced Urn"}],"event_choices":[{"damage_healed":0,"gold_gain":0,"player_choice":"Fled","damage_taken":0,"max_hp_gain":0,"max_hp_loss":0,"event_name":"Scrap Ooze","floor":2,"gold_loss":0},{"damage_healed":0,"gold_gain":0,"player_choice":"Entered Light","damage_taken":16,"max_hp_gain":0,"max_hp_loss":0,"event_name":"Shining Light","floor":3,"gold_loss":0,"cards_upgraded":["Defend_R","Strike_R"]},{"cards_removed":["Strike_R"],"damage_healed":0,"gold_gain":0,"player_choice":"Purged","damage_taken":0,"max_hp_gain":0,"max_hp_loss":0,"event_name":"Purifier","floor":11,"gold_loss":0},{"damage_healed":0,"gold_gain":0,"player_choice":"Fight","damage_taken":0,"max_hp_gain":0,"max_hp_loss":0,"event_name":"Colosseum","floor":21,"gold_loss":0},{"damage_healed":0,"gold_gain":0,"player_choice":"Fought Nobs","damage_taken":0,"max_hp_gain":0,"max_hp_loss":0,"event_name":"Colosseum","floor":21,"gold_loss":0},{"damage_healed":0,"gold_gain":0,"player_choice":"Ignored","damage_taken":0,"max_hp_gain":0,"max_hp_loss":0,"event_name":"Beggar","floor":22,"gold_loss":0}],"is_beta":false,"boss_relics":[{"not_picked":["Empty Cage","Sozu"],"picked":"Runic Pyramid"}],"items_purged_floors":[],"is_endless":false,"potions_floor_spawned":[4,5,12,19,21],"killed_by":"Slavers","ascension_level":0}