{"gold_per_floor":[112,129,129,148,73,100,110,110,165,179,198,348,348,118,118,196,196,216,216,216,216,235,235,260,20,44,44,44,72,84,3,3,81,81,99,49,49,149,169,169,184,184,184,200,96,96,116,127,127,127],"floor_reached":50,"playtime":3936,"items_purged":["Doubt","Writhe","Strike_R","Strike_R"],"score":1010,"play_id":"3e434a06-c724-4ea4-9502-a956b05c23ed","local_time":"20190610145822","is_ascension_mode":true,"campfire_choices":[{"data":"Bash","floor":8.0,"key":"SMITH"},{"data":"Clothesline","floor":13.0,"key":"SMITH"},{"data":"Havoc","floor":15.0,"key":"SMITH"},{"floor":23.0,"key":"REST"},{"floor":27.0,"key":"REST"},{"floor":32.0,"key":"REST"},{"floor":40.0,"key":"DIG"},{"floor":42.0,"key":"DIG"},{"floor":46.0,"key":"DIG"},{"floor":49.0,"key":"REST"}],"neow_cost":"NONE","seed_source_timestamp":0,"circlet_count":0,"master_deck":["AscendersBane","Strike_R","Defend_R","Defend_R","Defend_R","Defend_R","Bash+1","Ghostly Armor+1","Metallicize","Cleave","Twin Strike","Clothesline+1","Anger","Feel No Pain+1","Havoc+1","True Grit","Fiend Fire","Rage+1","Spot Weakness","Corruption+1","Shrug It Off","RitualDagger","Offering","Warcry","Demon Form+1","Shrug It Off","Pummel","Flame Barrier+1","Sword Boomerang","Shrug It Off+1","Armaments+1"],"special_seed":0,"relics":["Burning Blood","Pen Nib","Frozen Egg 2","Boot","Runic Pyramid","War Paint","Bag of Marbles","Blood Vial","Bag of Preparation","Smiling Mask","Runic Dome","Sundial","Shovel","Gremlin Horn","Art of War","Toxic Egg 2","Darkstone Periapt"],"potions_floor_usage":[],"damage_taken":[{"damage":3.0,"enemies":"2 Louse","floor":1.0,"turns":4.0},{"damage":0.0,"enemies":"Small Slimes","floor":2.0,"turns":4.0},{"damage":2.0,"enemies":"Jaw Worm","floor":4.0,"turns":4.0},{"damage":33.0,"enemies":"Lagavulin","floor":6.0,"turns":7.0},{"damage":11.0,"enemies":"Large Slime","floor":7.0,"turns":6.0},{"damage":4.0,"enemies":"3 Louse","floor":10.0,"turns":4.0},{"damage":0.0,"enemies":"2 Fungi Beasts","floor":11.0,"turns":2.0},{"damage":42.0,"enemies":"Hexaghost","floor":16.0,"turns":11.0},{"damage":27.0,"enemies":"2 Thieves","floor":18.0,"turns":4.0},{"damage":5.0,"enemies":"Chosen","floor":22.0,"turns":6.0},{"damage":39.0,"enemies":"Gremlin Leader","floor":24.0,"turns":5.0},{"damage":21.0,"enemies":"Slavers","floor":29.0,"turns":7.0},{"damage":0.0,"enemies":"Sentry and Sphere","floor":30.0,"turns":3.0},{"damage":36.0,"enemies":"Collector","floor":33.0,"turns":10.0},{"damage":12.0,"enemies":"3 Darklings","floor":35.0,"turns":4.0},{"damage":6.0,"enemies":"Mind Bloom Boss Battle","floor":38.0,"turns":5.0},{"damage":11.0,"enemies":"3 Shapes","floor":39.0,"turns":3.0},{"damage":28.0,"enemies":"Writhing Mass","floor":41.0,"turns":3.0},{"damage":25.0,"enemies":"3 Darklings","floor":44.0,"turns":6.0},{"damage":6.0,"enemies":"Maw","floor":47.0,"turns":7.0},{"damage":22.0,"enemies":"Spire Growth","floor":48.0,"turns":4.0},{"damage":51,"enemies":"Awakened One","floor":50,"turns":6}],"seed_played":"8936775644807628616","potions_obtained":[{"floor":2.0,"key":"Block Potion"},{"floor":4.0,"key":"AttackPotion"},{"floor":7.0,"key":"Poison Potion"},{"floor":30.0,"key":"SmokeBomb"},{"floor":35.0,"key":"Regen Potion"}],"is_trial":false,"path_per_floor":["M","M","?","M","?","E","M","R","T","M","M","?","R","$","R","B",null,"M","?","?","?","M","R","E","$","T","R","?","E","M","?","R","B",null,"M","$","T","?","M","R","M","R","T","M","$","R","M","M","R","B"],"character_chosen":"IRONCLAD","items_purchased":["Feel No Pain+1","Havoc","True Grit","Block Potion","BloodPotion","Shrug It Off+1"],"campfire_rested":4,"item_purchase_floors":[14,14,14,25,25,45],"current_hp_per_floor":[71,75,68,72,72,45,40,40,40,42,48,48,48,48,48,12,59,38,38,38,17,18,42,9,9,9,33,27,22,30,30,54,26,67,63,63,63,65,62,62,42,42,42,37,37,37,39,25,49,0],"gold":127,"neow_bonus":"RANDOM_COMMON_RELIC","is_prod":false,"is_daily":false,"chose_seed":false,"campfire_upgraded":3,"win_rate":0,"timestamp":1560171502,"path_taken":["M","M","?","M","?","E","M","R","T","M","M","?","R","$","R","BOSS","M","?","?","?","M","R","E","$","T","R","?","E","M","?","R","BOSS","M","?","?","?","M","R","M","R","T","M","$","R","M","M","R","BOSS"],"build_version":"2019-01-23","purchased_purges":4,"victory":false,"max_hp_per_floor":[75,75,75,75,75,75,75,75,75,75,75,75,75,75,75,75,75,75,75,75,80,80,80,80,80,80,80,80,80,80,80,80,80,80,80,80,80,80,80,80,80,80,80,80,80,80,80,80,80,80],"card_choices":[{"not_picked":["Wild Strike","Carnage"],"picked":"Ghostly Armor","floor":1.0},{"not_picked":["Shockwave","Clash"],"picked":"Metallicize","floor":2.0},{"not_picked":["Pommel Strike","Heavy Blade"],"picked":"Cleave","floor":4.0},{"not_picked":["Body Slam","Heavy Blade","Power Through"],"picked":"SKIP","floor":6.0},{"not_picked":["Shrug It Off","Fire Breathing+1"],"picked":"Twin Strike","floor":7.0},{"not_picked":["Sword Boomerang","Fire Breathing+1"],"picked":"Clothesline","floor":10.0},{"not_picked":["Twin Strike","Hemokinesis"],"picked":"Anger","floor":11.0},{"not_picked":["Barricade+1","Bludgeon"],"picked":"Fiend Fire","floor":16.0},{"not_picked":["Carnage","Clash"],"picked":"Rage","floor":18.0},{"not_picked":["Seeing Red","Wild Strike"],"picked":"Corruption+1","floor":22.0},{"not_picked":["Spot Weakness","Bloodletting"],"picked":"Shrug It Off","floor":24.0},{"not_picked":["Power Through","Rage"],"picked":"Offering","floor":29.0},{"not_picked":["Headbutt","Twin Strike"],"picked":"Warcry","floor":30.0},{"not_picked":["Reaper","Offering"],"picked":"Demon Form+1","floor":33.0},{"not_picked":["Pommel Strike","Heavy Blade"],"picked":"Shrug It Off","floor":35.0},{"not_picked":["Havoc","Corruption+1"],"picked":"Pummel","floor":38.0},{"not_picked":["True Grit","Havoc","Thunderclap"],"picked":"SKIP","floor":39.0},{"not_picked":["Burning Pact","Havoc+1"],"picked":"Flame Barrier+1","floor":41.0},{"not_picked":["Anger+1","Perfected Strike"],"picked":"Sword Boomerang","floor":44.0},{"not_picked":["Pommel Strike+1","Clash"],"picked":"Armaments+1","floor":47.0},{"not_picked":["Perfected Strike+1","Cleave+1","Twin Strike+1"],"picked":"SKIP","floor":48.0}],"player_experience":858464,"relics_obtained":[{"floor":6.0,"key":"Frozen Egg 2"},{"floor":9.0,"key":"Boot"},{"floor":24.0,"key":"Bag of Marbles"},{"floor":26.0,"key":"Blood Vial"},{"floor":29.0,"key":"Bag of Preparation"},{"floor":37.0,"key":"Sundial"},{"floor":38.0,"key":"Shovel"},{"floor":40.0,"key":"Gremlin Horn"},{"floor":42.0,"key":"Art of War"},{"floor":43.0,"key":"Toxic Egg 2"},{"floor":46.0,"key":"Darkstone Periapt"}],"event_choices":[{"cards_removed":["Strike_R"],"damage_healed":0.0,"max_hp_gain":0.0,"max_hp_loss":0.0,"gold_gain":0.0,"event_name":"Golden Wing","player_choice":"Card Removal","floor":3.0,"gold_loss":0.0,"damage_taken":7.0},{"cards_removed":["Strike_R"],"damage_healed":0.0,"max_hp_gain":0.0,"max_hp_loss":0.0,"gold_gain":0.0,"event_name":"The Cleric","player_choice":"Card Removal","floor":5.0,"gold_loss":75.0,"damage_taken":0.0},{"damage_healed":0.0,"max_hp_gain":0.0,"max_hp_loss":0.0,"gold_gain":150.0,"event_name":"Liars Game","player_choice":"AGREE","floor":12.0,"gold_loss":0.0,"damage_taken":0.0,"cards_obtained":["Doubt"]},{"damage_healed":0.0,"max_hp_gain":0.0,"max_hp_loss":0.0,"gold_gain":0.0,"event_name":"The Library","player_choice":"Read","floor":19.0,"gold_loss":0.0,"damage_taken":0.0,"cards_obtained":["Spot Weakness"]},{"damage_healed":0.0,"max_hp_gain":0.0,"max_hp_loss":0.0,"gold_gain":0.0,"event_name":"The Mausoleum","player_choice":"Opened","floor":20.0,"gold_loss":0.0,"damage_taken":0.0,"relics_obtained":["War Paint"],"cards_obtained":["Writhe"]},{"damage_healed":0.0,"max_hp_gain":5.0,"max_hp_loss":0.0,"gold_gain":0.0,"event_name":"Forgotten Altar","player_choice":"Shed Blood","floor":21.0,"gold_loss":0.0,"damage_taken":26.0},{"damage_healed":0.0,"max_hp_gain":0.0,"max_hp_loss":0.0,"gold_gain":0.0,"event_name":"Nest","player_choice":"Joined the Cult","floor":28.0,"gold_loss":0.0,"damage_taken":6.0,"cards_obtained":["RitualDagger"]},{"damage_healed":0.0,"max_hp_gain":0.0,"max_hp_loss":0.0,"gold_gain":0.0,"event_name":"WeMeetAgain","player_choice":"Paid Gold","floor":31.0,"gold_loss":81.0,"damage_taken":0.0,"relics_obtained":["Smiling Mask"]},{"damage_healed":0.0,"max_hp_gain":0.0,"max_hp_loss":0.0,"gold_gain":0.0,"event_name":"MindBloom","player_choice":"Fight","floor":38.0,"gold_loss":0.0,"damage_taken":0.0}],"is_beta":false,"boss_relics":[{"not_picked":["Mark of Pain","Calling Bell"],"picked":"Runic Pyramid"},{"not_picked":["Black Star","Empty Cage"],"picked":"Runic Dome"}],"items_purged_floors":[14,25,36,45],"is_endless":false,"potions_floor_spawned":[2,4,7,30,35,41],"killed_by":"Awakened One","ascension_level":20}