{"gold_per_floor":[114,128,0,0,17,42,52,65,65,16,49,65,65,84,84,185,185,197,197,215,231,231,231,263,32,57,57,57,86,86,98,98,203,203,223,98,98,145,155,187,201,234,234,246,96,96,96,96,96,96],"floor_reached":51,"playtime":3760,"items_purged":["Defend_B","Reinforced Body","Strike_B","Writhe"],"score":1078,"play_id":"f19d744a-63ed-4648-b518-f2520e59377d","local_time":"20190320195819","is_ascension_mode":true,"campfire_choices":[{"data":"Zap","floor":15,"key":"SMITH"},{"data":"Double Energy","floor":23,"key":"SMITH"},{"data":"Dualcast","floor":28,"key":"SMITH"},{"data":"Go for the Eyes","floor":30,"key":"SMITH"},{"floor":32,"key":"REST"},{"data":"1","floor":47,"key":"LIFT"},{"data":"2","floor":49,"key":"LIFT"}],"neow_cost":"NONE","seed_source_timestamp":445481553331751,"circlet_count":0,"master_deck":["Strike_B","Strike_B","Defend_B","Defend_B","Defend_B","Zap+1","Dualcast+1","Conserve Battery","Leap","Melter","Self Repair","Gash","Capacitor","Gash","Electrodynamics","Double Energy+1","Leap","Gash","Go for the Eyes+1","Gash","Trip","Storm","All For One","Conserve Battery+1","Dark Shackles","Go for the Eyes+1","Steam+1","Echo Form","Storm+1"],"relics":["Cracked Core","Vajra","Unceasing Top","Question Card","Lantern","Sozu","Girya","MutagenicStrength","Dead Branch","Nilry\u0027s Codex","Bottled Flame","Cursed Key","Ginger","Kunai","Mummified Hand","Sundial"],"potions_floor_usage":[11,11,16,16],"damage_taken":[{"damage":0,"enemies":"Small Slimes","floor":1,"turns":3},{"damage":0,"enemies":"Cultist","floor":2,"turns":4},{"damage":0,"enemies":"2 Louse","floor":5,"turns":2},{"damage":28,"enemies":"Lagavulin","floor":6,"turns":6},{"damage":2,"enemies":"2 Fungi Beasts","floor":7,"turns":3},{"damage":2,"enemies":"Looter","floor":8,"turns":3},{"damage":4,"enemies":"Gremlin Nob","floor":11,"turns":4},{"damage":9,"enemies":"Red Slaver","floor":12,"turns":3},{"damage":6,"enemies":"Exordium Thugs","floor":14,"turns":5},{"damage":16,"enemies":"Slime Boss","floor":16,"turns":11},{"damage":11,"enemies":"Shell Parasite","floor":18,"turns":5},{"damage":7,"enemies":"Chosen","floor":20,"turns":4},{"damage":0,"enemies":"3 Cultists","floor":21,"turns":5},{"damage":0,"enemies":"Gremlin Leader","floor":24,"turns":5},{"damage":20,"enemies":"Slavers","floor":29,"turns":6},{"damage":0,"enemies":"Cultist and Chosen","floor":31,"turns":3},{"damage":35,"enemies":"Automaton","floor":33,"turns":8},{"damage":0,"enemies":"3 Darklings","floor":35,"turns":2},{"damage":0,"enemies":"2 Orb Walkers","floor":38,"turns":4},{"damage":0,"enemies":"Orb Walker","floor":39,"turns":2},{"damage":39,"enemies":"Giant Head","floor":40,"turns":7},{"damage":0,"enemies":"4 Shapes","floor":41,"turns":3},{"damage":0,"enemies":"Reptomancer","floor":42,"turns":3},{"damage":2,"enemies":"3 Darklings","floor":44,"turns":3},{"damage":18,"enemies":"Donu and Deca","floor":50,"turns":5}],"seed_played":"-8316939472678089465","potions_obtained":[{"floor":5,"key":"Explosive Potion"},{"floor":7,"key":"Energy Potion"},{"floor":11,"key":"FocusPotion"},{"floor":12,"key":"GamblersBrew"}],"is_trial":false,"path_per_floor":["M","M","$","?","M","E","M","M","T","$","E","M","?","M","R","B",null,"M","?","M","M","?","R","E","$","T","?","R","E","R","M","R","B",null,"M","$","?","?","M","E","M","E","T","M","$","?","R","?","R","B",null],"character_chosen":"DEFECT","items_purchased":["Leap","SkillPotion","Gash","Trip"],"campfire_rested":1,"item_purchase_floors":[3,10,25,25],"current_hp_per_floor":[68,68,68,68,68,40,38,36,36,36,39,37,62,63,63,54,70,66,66,59,66,66,66,73,73,73,57,57,37,37,44,66,38,66,73,73,73,75,75,43,50,57,57,62,62,62,62,62,62,51],"gold":96,"neow_bonus":"RANDOM_COMMON_RELIC","is_prod":false,"is_daily":false,"chose_seed":false,"campfire_upgraded":4,"win_rate":0,"timestamp":1553101099,"path_taken":["M","M","$","?","?","E","M","M","T","$","E","M","?","M","R","BOSS","M","?","M","?","?","R","E","$","T","?","R","E","R","M","R","BOSS","M","$","?","?","M","E","M","E","T","M","$","?","R","?","R","BOSS"],"build_version":"2019-01-23","purchased_purges":4,"victory":true,"max_hp_per_floor":[75,75,75,75,75,75,75,75,75,75,75,75,75,75,75,75,75,75,75,75,75,75,75,75,75,75,75,75,75,75,75,75,75,75,75,75,75,75,75,75,75,75,75,75,75,71,71,71,71,71],"card_choices":[{"not_picked":["Compile Driver","Stack"],"picked":"Reinforced Body","floor":1},{"not_picked":["Beam Cell","Chill"],"picked":"Conserve Battery","floor":2},{"not_picked":["Barrage","Fission"],"picked":"Melter","floor":5},{"not_picked":["Hologram","Barrage","Stack"],"picked":"SKIP","floor":6},{"not_picked":["Hologram","Streamline"],"picked":"Self Repair","floor":7},{"not_picked":["Amplify","Reprogram"],"picked":"Gash","floor":8},{"not_picked":["Static Discharge","Redo","Beam Cell","Reboot"],"picked":"SKIP","floor":11},{"not_picked":["Compile Driver","Auto Shields","Beam Cell"],"picked":"Capacitor","floor":12},{"not_picked":["Coolheaded","Steam Power","Capacitor"],"picked":"Gash","floor":14},{"not_picked":["Fission","Amplify","Hyperbeam"],"picked":"Electrodynamics","floor":16},{"not_picked":["Barrage","Steam Power+1","Reinforced Body"],"picked":"Double Energy","floor":18},{"not_picked":["Static Discharge","Rebound","Hello World"],"picked":"Leap","floor":20},{"not_picked":["Leap+1","Steam Power+1","Conserve Battery"],"picked":"Gash","floor":21},{"not_picked":["Coolheaded","Static Discharge","Conserve Battery"],"picked":"Go for the Eyes","floor":24},{"not_picked":["Glacier","Undo","Blizzard","Consume"],"picked":"SKIP","floor":29},{"not_picked":["Stack","Coolheaded","Ball Lightning"],"picked":"Storm","floor":31},{"not_picked":["Creative AI","Electrodynamics","Core Surge"],"picked":"All For One","floor":33},{"not_picked":["Hello World","Barrage+1","Hologram"],"picked":"Conserve Battery+1","floor":35},{"not_picked":["Dramatic Entrance","Mind Blast","Bandage Up"],"picked":"Dark Shackles","floor":37},{"not_picked":["Aggregate+1","Redo","Force Field"],"picked":"Go for the Eyes+1","floor":39},{"not_picked":["Barrage+1","Beam Cell","Hyperbeam","Heatsinks"],"picked":"SKIP","floor":40},{"not_picked":["Glacier","Rip and Tear","Blizzard"],"picked":"Steam+1","floor":41},{"not_picked":["Gash+1","Turbo","Coolheaded"],"picked":"Echo Form","floor":42},{"not_picked":["Static Discharge","Rip and Tear+1","Hologram+1"],"picked":"Storm+1","floor":44}],"player_experience":365616,"relics_obtained":[{"floor":6,"key":"Unceasing Top"},{"floor":9,"key":"Question Card"},{"floor":11,"key":"Lantern"},{"floor":19,"key":"Girya"},{"floor":24,"key":"Dead Branch"},{"floor":27,"key":"Nilry\u0027s Codex"},{"floor":29,"key":"Bottled Flame"},{"floor":38,"key":"Ginger"},{"floor":40,"key":"Kunai"},{"floor":42,"key":"Mummified Hand"},{"floor":43,"key":"Sundial"}],"event_choices":[{"cards_removed":["Strike_B"],"damage_healed":0,"gold_gain":0,"player_choice":"Offered Basic","damage_taken":0,"max_hp_gain":0,"max_hp_loss":0,"event_name":"Bonfire Elementals","floor":4,"gold_loss":0},{"damage_healed":25,"gold_gain":0,"player_choice":"Banana","damage_taken":0,"max_hp_gain":0,"max_hp_loss":0,"event_name":"Big Fish","floor":13,"gold_loss":0},{"damage_healed":0,"gold_gain":0,"player_choice":"Relic","damage_taken":0,"max_hp_gain":0,"max_hp_loss":0,"event_name":"Wheel of Change","floor":19,"gold_loss":0},{"damage_healed":0,"gold_gain":0,"player_choice":"Inject Mutagens","damage_taken":0,"relics_obtained":["MutagenicStrength"],"max_hp_gain":0,"max_hp_loss":0,"event_name":"Drug Dealer","floor":22,"gold_loss":0},{"damage_healed":0,"gold_gain":0,"player_choice":"Obtained Book","damage_taken":16,"max_hp_gain":0,"max_hp_loss":0,"event_name":"Cursed Tome","floor":27,"gold_loss":0},{"damage_healed":0,"gold_gain":0,"player_choice":"Memory 1","damage_taken":0,"max_hp_gain":0,"max_hp_loss":0,"event_name":"SensoryStone","floor":37,"gold_loss":0},{"damage_healed":0,"gold_gain":0,"player_choice":"Fight","damage_taken":0,"max_hp_gain":0,"max_hp_loss":0,"event_name":"Mysterious Sphere","floor":38,"gold_loss":0},{"damage_healed":0,"gold_gain":0,"player_choice":"Max HP","damage_taken":0,"max_hp_gain":0,"max_hp_loss":4,"event_name":"Winding Halls","floor":46,"gold_loss":0},{"damage_healed":0,"gold_gain":0,"player_choice":"Got Potions","damage_taken":0,"max_hp_gain":0,"max_hp_loss":0,"event_name":"Lab","floor":48,"gold_loss":0}],"is_beta":false,"boss_relics":[{"not_picked":["Coffee Dripper","Black Star"],"picked":"Sozu"},{"not_picked":["Runic Dome","Lizard Tail"],"picked":"Cursed Key"}],"items_purged_floors":[3,25,36,45],"is_endless":false,"potions_floor_spawned":[5,7,11,12,14,20,21,24,33,35,40,41],"ascension_level":7}