{"gold_per_floor":[113,113,127,141,157,157,170,170,170,120,137,137,157,177,177,177],"floor_reached":16,"playtime":2529,"items_purged":[],"score":96,"play_id":"bad269a9-e23b-4372-ac3e-bd9ef828bbeb","local_time":"20181128172725","is_ascension_mode":false,"campfire_choices":[{"data":"Neutralize","floor":6,"key":"SMITH"},{"data":"Backflip","floor":8,"key":"SMITH"},{"floor":15,"key":"REST"}],"neow_cost":"PERCENT_DAMAGE","seed_source_timestamp":1237047801226330,"circlet_count":0,"master_deck":["Defend_G","Defend_G","Defend_G","Strike_G","Strike_G","Strike_G","Strike_G","Strike_G","Survivor","Neutralize+1","Tools of the Trade","Backflip+1","Finisher","Catalyst","Adrenaline","Backflip"],"relics":["Ring of the Snake","Strawberry","Potion Belt"],"potions_floor_usage":[14,16,16,16],"damage_taken":[{"damage":1,"enemies":"Jaw Worm","floor":1,"turns":6},{"damage":7,"enemies":"Small Slimes","floor":3,"turns":5},{"damage":3,"enemies":"2 Louse","floor":4,"turns":4},{"damage":6,"enemies":"Exordium Wildlife","floor":5,"turns":6},{"damage":3,"enemies":"3 Louse","floor":7,"turns":6},{"damage":8,"enemies":"Large Slime","floor":11,"turns":7},{"damage":0,"enemies":"2 Fungi Beasts","floor":13,"turns":3},{"damage":11,"enemies":"Gremlin Gang","floor":14,"turns":7},{"damage":43,"enemies":"Hexaghost","floor":16,"turns":16}],"seed_played":"2202221316111854395","potions_obtained":[{"floor":3,"key":"Energy Potion"},{"floor":5,"key":"Weak Potion"},{"floor":7,"key":"Explosive Potion"},{"floor":14,"key":"Fruit Juice"}],"is_trial":false,"path_per_floor":["M","?","M","M","M","R","M","R","T","?","M","?","M","M","R","B"],"character_chosen":"THE_SILENT","items_purchased":[],"campfire_rested":1,"item_purchase_floors":[],"current_hp_per_floor":[48,48,41,38,32,32,29,29,36,36,28,25,25,19,43,0],"gold":177,"neow_bonus":"THREE_RARE_CARDS","is_prod":false,"is_daily":false,"chose_seed":false,"campfire_upgraded":2,"win_rate":0.0,"timestamp":1543454845,"path_taken":["M","?","M","M","M","R","M","R","T","?","M","?","?","M","R","BOSS"],"build_version":"2018-11-15","purchased_purges":0,"victory":false,"max_hp_per_floor":[70,70,70,70,70,70,70,70,77,77,77,77,77,82,82,82],"card_choices":[{"not_picked":["Storm of Steel","Doppelganger"],"picked":"Tools of the Trade","floor":0},{"not_picked":["Quick Slash","Catalyst"],"picked":"Backflip","floor":1},{"not_picked":["Endless Agony","Skewer"],"picked":"Finisher","floor":3},{"not_picked":["Dodge and Roll","Predator"],"picked":"Catalyst","floor":4},{"not_picked":["Cloak And Dagger","Escape Plan","Dagger Spray"],"picked":"SKIP","floor":5},{"not_picked":["Cloak And Dagger","Escape Plan","Dagger Spray"],"picked":"SKIP","floor":5},{"not_picked":["Deadly Poison","Choke"],"picked":"Adrenaline","floor":7},{"not_picked":["Slice","Bane","PiercingWail"],"picked":"SKIP","floor":11},{"not_picked":["Caltrops","Prepared","Cloak And Dagger"],"picked":"SKIP","floor":13},{"not_picked":["Eviscerate","Masterful Stab"],"picked":"Backflip","floor":14}],"player_experience":39010,"relics_obtained":[{"floor":9,"key":"Strawberry"}],"event_choices":[{"cards_removed":["Defend_G"],"damage_healed":0,"gold_gain":0,"player_choice":"Forget","damage_taken":0,"max_hp_gain":0,"max_hp_loss":0,"event_name":"Living Wall","floor":2,"gold_loss":0},{"cards_removed":["Defend_G"],"damage_healed":0,"gold_gain":0,"player_choice":"Card Removal","damage_taken":0,"max_hp_gain":0,"max_hp_loss":0,"event_name":"The Cleric","floor":10,"gold_loss":50},{"damage_healed":0,"gold_gain":0,"player_choice":"Success","damage_taken":3,"relics_obtained":["Potion Belt"],"max_hp_gain":0,"max_hp_loss":0,"event_name":"Scrap Ooze","floor":12,"gold_loss":0}],"is_beta":false,"boss_relics":[],"items_purged_floors":[],"is_endless":false,"potions_floor_spawned":[3,5,7,14],"killed_by":"Hexaghost","ascension_level":0}