{"gold_per_floor":[116,41,141,151,69,69,80,80,80,80,80,90,90,124,124,228,278,293,96,113,125,125,125,125],"floor_reached":24,"playtime":7739,"items_purged":["Strike_G"],"score":301,"play_id":"495182c9-78e0-4159-a287-ff2c4a256a42","local_time":"20190128134300","is_ascension_mode":true,"campfire_choices":[{"data":"Riddle With Holes","floor":6,"key":"SMITH"},{"data":"Bouncing Flask","floor":8,"key":"SMITH"},{"data":"Calculated Gamble","floor":10,"key":"SMITH"},{"floor":15,"key":"REST"},{"data":"RitualDagger","floor":23,"key":"SMITH"}],"neow_cost":"NONE","seed_source_timestamp":1729690378987882,"circlet_count":0,"master_deck":["AscendersBane","Defend_G","Defend_G","Defend_G+1","Defend_G+1","Defend_G","Strike_G","Strike_G","Strike_G+1","Strike_G","Survivor+1","Neutralize","Dramatic Entrance+1","Riddle With Holes+1","Terror","Bouncing Flask+1","Calculated Gamble+1","Backflip","Corpse Explosion","Acrobatics","Acrobatics","Panache","Footwork","RitualDagger+1"],"relics":["Ring of the Snake","Tingsha","Meat on the Bone","Whetstone","Tiny House"],"potions_floor_usage":[16,21,24],"damage_taken":[{"damage":8,"enemies":"2 Louse","floor":1,"turns":4},{"damage":2,"enemies":"Cultist","floor":4,"turns":4},{"damage":4,"enemies":"Jaw Worm","floor":7,"turns":2},{"damage":4,"enemies":"Exordium Wildlife","floor":12,"turns":3},{"damage":24,"enemies":"3 Sentries","floor":14,"turns":7},{"damage":21,"enemies":"Hexaghost","floor":16,"turns":8},{"damage":16,"enemies":"Chosen","floor":18,"turns":5},{"damage":0,"enemies":"3 Byrds","floor":20,"turns":2},{"damage":13,"enemies":"Centurion and Healer","floor":21,"turns":9},{"damage":42,"enemies":"Shelled Parasite and Fungi","floor":24,"turns":5}],"seed_played":"-2465737772330203981","potions_obtained":[{"floor":7,"key":"Energy Potion"},{"floor":14,"key":"Explosive Potion"},{"floor":17,"key":"SneckoOil"},{"floor":21,"key":"Poison Potion"}],"is_trial":false,"path_per_floor":["M","$","?","M","$","R","M","R","T","R","T","M","?","E","R","B",null,"M","$","M","M","?","R","M"],"character_chosen":"THE_SILENT","items_purchased":["Bouncing Flask","Panache"],"campfire_rested":1,"item_purchase_floors":[5,19],"current_hp_per_floor":[55,55,55,53,53,53,49,49,49,49,49,45,31,19,40,31,65,49,49,49,48,42,42,0],"gold":125,"neow_bonus":"RANDOM_COLORLESS","is_prod":false,"is_daily":false,"chose_seed":false,"campfire_upgraded":4,"win_rate":0,"timestamp":1548711780,"path_taken":["M","$","?","M","?","R","?","R","T","R","?","M","?","E","R","BOSS","M","$","M","M","?","R","M"],"build_version":"2019-01-23","purchased_purges":1,"victory":false,"max_hp_per_floor":[70,70,70,70,70,70,70,70,70,70,70,70,70,70,70,70,75,75,75,75,75,75,75,75],"card_choices":[{"not_picked":["Acrobatics","Sucker Punch"],"picked":"Riddle With Holes","floor":1},{"not_picked":["All Out Attack","Bane"],"picked":"Terror","floor":4},{"not_picked":["Sucker Punch","Tactician"],"picked":"Calculated Gamble","floor":7},{"not_picked":["Sucker Punch","Eviscerate"],"picked":"Backflip","floor":12},{"not_picked":["Eviscerate","Underhanded Strike","Cloak And Dagger"],"picked":"SKIP","floor":14},{"not_picked":["Storm of Steel","Envenom"],"picked":"Corpse Explosion","floor":16},{"not_picked":["Dodge and Roll","Sucker Punch"],"picked":"Acrobatics","floor":17},{"not_picked":["Flying Knee","Dagger Throw"],"picked":"Acrobatics","floor":18},{"not_picked":["Dagger Spray+1","Masterful Stab"],"picked":"Footwork","floor":20},{"not_picked":["Heel Hook","Acrobatics","Accuracy"],"picked":"SKIP","floor":21}],"player_experience":422075,"relics_obtained":[{"floor":9,"key":"Tingsha"},{"floor":11,"key":"Meat on the Bone"},{"floor":14,"key":"Whetstone"}],"event_choices":[{"damage_healed":0,"gold_gain":100,"player_choice":"Pray","damage_taken":0,"max_hp_gain":0,"max_hp_loss":0,"event_name":"Golden Shrine","floor":3,"gold_loss":0},{"damage_healed":0,"gold_gain":0,"player_choice":"Entered Light","damage_taken":14,"max_hp_gain":0,"max_hp_loss":0,"event_name":"Shining Light","floor":13,"gold_loss":0,"cards_upgraded":["Defend_G","Defend_G"]},{"damage_healed":0,"gold_gain":0,"player_choice":"Joined the Cult","damage_taken":6,"max_hp_gain":0,"max_hp_loss":0,"event_name":"Nest","floor":22,"gold_loss":0,"cards_obtained":["RitualDagger"]}],"is_beta":false,"boss_relics":[{"not_picked":["Fusion Hammer","Calling Bell"],"picked":"Tiny House"}],"items_purged_floors":[2],"is_endless":false,"potions_floor_spawned":[7,14,21],"killed_by":"Shelled Parasite and Fungi","ascension_level":11}