{"gold_per_floor":[114,114,129,45,60,90,120,120,170,185,185,215,101,116,116,216,216,231,246,176,191,206,206,221,221,246,246,261,291,306,231,231,331,331,346,361,111,111,126,126,156,171,171,186,201,201,201,201,201,201],"floor_reached":51,"playtime":2117,"items_purged":[],"score":911,"play_id":"6dabf134-e9d3-488b-b319-ed787c645ec0","local_time":"20190518183943","daily_mods":["SealedDeck","Vintage","Lethality"],"is_ascension_mode":false,"campfire_choices":[{"data":"Heavy Blade","floor":8,"key":"SMITH"},{"data":"Uppercut","floor":11,"key":"SMITH"},{"data":"Inflame","floor":15,"key":"SMITH"},{"data":"Feed","floor":23,"key":"SMITH"},{"data":"Metallicize","floor":25,"key":"SMITH"},{"floor":32,"key":"REST"},{"data":"Bloodletting","floor":40,"key":"SMITH"},{"data":"Sword Boomerang","floor":46,"key":"SMITH"},{"data":"Armaments","floor":49,"key":"SMITH"}],"neow_cost":"","seed_source_timestamp":0,"circlet_count":0,"master_deck":["Sword Boomerang+1","Headbutt+1","Iron Wave","Pommel Strike+1","Uppercut+1","Clothesline+1","Armaments+1","Pommel Strike","Heavy Blade+1","Metallicize+1","Sword Boomerang+1","Inflame+1","Feed+1","Bloodletting+1","Ghostly Armor+1"],"special_seed":18035,"relics":["Burning Blood","Pen Nib","Centennial Puzzle","Mummified Hand","Champion Belt","Regal Pillow","Mercury Hourglass","Blue Candle","Letter Opener","Kunai","White Beast Statue","Bottled Flame","Gambling Chip","Pocketwatch","Sundial","Lantern","Omamori","Potion Belt","Orichalcum","Toxic Egg 2","Velvet Choker","Meat on the Bone","Molten Egg 2","Shuriken","Bronze Scales","Charon\u0027s Ashes","FossilizedHelix","Bottled Lightning","Whetstone","Juzu Bracelet"],"potions_floor_usage":[6,10,21,24,29,33,33,33,33,50,50],"damage_taken":[{"damage":6,"enemies":"Small Slimes","floor":1,"turns":2},{"damage":9,"enemies":"Jaw Worm","floor":3,"turns":2},{"damage":0,"enemies":"2 Louse","floor":5,"turns":1},{"damage":14,"enemies":"3 Sentries","floor":6,"turns":3},{"damage":4,"enemies":"Gremlin Gang","floor":10,"turns":3},{"damage":7,"enemies":"Lagavulin","floor":12,"turns":5},{"damage":5,"enemies":"Exordium Thugs","floor":14,"turns":2},{"damage":0,"enemies":"Slime Boss","floor":16,"turns":4},{"damage":9,"enemies":"Shell Parasite","floor":18,"turns":2},{"damage":6,"enemies":"2 Thieves","floor":19,"turns":2},{"damage":6,"enemies":"Centurion and Healer","floor":21,"turns":3},{"damage":21,"enemies":"Snake Plant","floor":22,"turns":3},{"damage":12,"enemies":"Cultist and Chosen","floor":24,"turns":2},{"damage":0,"enemies":"Snecko","floor":28,"turns":2},{"damage":19,"enemies":"Book of Stabbing","floor":29,"turns":3},{"damage":15,"enemies":"Snake Plant","floor":30,"turns":2},{"damage":5,"enemies":"Collector","floor":33,"turns":5},{"damage":3,"enemies":"3 Shapes","floor":35,"turns":1},{"damage":20,"enemies":"3 Darklings","floor":36,"turns":2},{"damage":3,"enemies":"Transient","floor":39,"turns":5},{"damage":0,"enemies":"Reptomancer","floor":41,"turns":3},{"damage":7,"enemies":"Jaw Worm Horde","floor":42,"turns":3},{"damage":25,"enemies":"4 Shapes","floor":44,"turns":3},{"damage":0,"enemies":"Spire Growth","floor":45,"turns":2},{"damage":15,"enemies":"Time Eater","floor":50,"turns":2}],"seed_played":"-6451152529473643589","potions_obtained":[{"floor":3,"key":"Strength Potion"},{"floor":10,"key":"Fruit Juice"},{"floor":14,"key":"Dexterity Potion"},{"floor":19,"key":"PowerPotion"},{"floor":21,"key":"AttackPotion"},{"floor":22,"key":"Poison Potion"},{"floor":24,"key":"BloodPotion"},{"floor":28,"key":"Ancient Potion"},{"floor":29,"key":"EssenceOfSteel"},{"floor":30,"key":"EssenceOfSteel"},{"floor":33,"key":"Regen Potion"},{"floor":35,"key":"SteroidPotion"},{"floor":36,"key":"Energy Potion"},{"floor":39,"key":"GamblersBrew"},{"floor":41,"key":"Energy Potion"}],"is_trial":false,"path_per_floor":["M","?","M","$","M","E","?","R","T","M","R","E","?","M","R","B",null,"M","M","$","M","M","R","M","R","T","?","M","E","M","?","R","B",null,"M","M","$","?","M","R","E","M","T","M","M","R","?","?","R","B",null],"character_chosen":"IRONCLAD","items_purchased":["Metallicize","Sword Boomerang","Bloodletting","Shuriken"],"campfire_rested":1,"item_purchase_floors":[4,4,20,37],"current_hp_per_floor":[80,64,61,61,67,59,59,59,59,66,66,65,65,66,66,72,85,85,88,88,91,76,76,74,74,74,74,80,71,66,66,106,106,106,106,92,92,92,95,95,105,108,108,93,99,99,99,99,99,90],"gold":201,"neow_bonus":"","is_prod":false,"is_daily":true,"chose_seed":false,"campfire_upgraded":8,"win_rate":0,"timestamp":1558229983,"path_taken":["M","?","M","$","M","E","?","R","T","M","R","E","?","M","R","BOSS","M","M","$","?","M","R","M","R","T","?","M","E","?","?","R","BOSS","M","M","$","?","M","R","E","?","T","M","M","R","?","?","R","BOSS"],"build_version":"2019-01-23","purchased_purges":0,"victory":true,"max_hp_per_floor":[80,80,80,80,80,80,80,80,80,85,85,85,85,85,85,85,85,88,91,91,94,94,94,98,98,98,98,98,102,106,106,106,106,106,106,106,106,106,106,106,110,114,114,118,118,118,112,112,112,112],"card_choices":[{"not_picked":["Twin Strike","Shrug It Off","Armaments"],"picked":"SKIP","floor":6},{"not_picked":["Havoc","Shrug It Off"],"picked":"Inflame","floor":12},{"not_picked":["Double Tap","Berserk"],"picked":"Feed","floor":16},{"not_picked":["Power Through","Headbutt","Dual Wield"],"picked":"SKIP","floor":29},{"not_picked":["Clash+1","Wild Strike+1"],"picked":"Ghostly Armor+1","floor":41}],"player_experience":585806,"relics_obtained":[{"floor":1,"key":"Pen Nib"},{"floor":3,"key":"Centennial Puzzle"},{"floor":5,"key":"Mummified Hand"},{"floor":6,"key":"Champion Belt"},{"floor":9,"key":"Regal Pillow"},{"floor":10,"key":"Mercury Hourglass"},{"floor":12,"key":"Blue Candle"},{"floor":14,"key":"Kunai"},{"floor":18,"key":"Bottled Flame"},{"floor":19,"key":"Gambling Chip"},{"floor":21,"key":"Pocketwatch"},{"floor":22,"key":"Sundial"},{"floor":24,"key":"Lantern"},{"floor":26,"key":"Omamori"},{"floor":28,"key":"Potion Belt"},{"floor":29,"key":"Orichalcum"},{"floor":30,"key":"Toxic Egg 2"},{"floor":35,"key":"Meat on the Bone"},{"floor":36,"key":"Molten Egg 2"},{"floor":39,"key":"Bronze Scales"},{"floor":41,"key":"Charon\u0027s Ashes"},{"floor":42,"key":"FossilizedHelix"},{"floor":43,"key":"Bottled Lightning"},{"floor":44,"key":"Whetstone"},{"floor":45,"key":"Juzu Bracelet"}],"event_choices":[{"damage_healed":0,"gold_gain":0,"player_choice":"Entered Light","damage_taken":16,"max_hp_gain":0,"max_hp_loss":0,"event_name":"Shining Light","floor":2,"gold_loss":0,"cards_upgraded":["Pommel Strike","Clothesline"]},{"damage_healed":0,"gold_gain":30,"player_choice":"Searched \u00272\u0027 times","damage_taken":0,"max_hp_gain":0,"max_hp_loss":0,"event_name":"Dead Adventurer","floor":7,"gold_loss":0},{"damage_healed":0,"gold_gain":0,"player_choice":"Paid Gold","damage_taken":0,"relics_obtained":["Letter Opener"],"max_hp_gain":0,"max_hp_loss":0,"event_name":"WeMeetAgain","floor":13,"gold_loss":114},{"damage_healed":0,"gold_gain":0,"cards_transformed":["Armaments"],"player_choice":"Transformed","damage_taken":0,"max_hp_gain":0,"max_hp_loss":0,"event_name":"Transmorgrifier","floor":27,"gold_loss":0,"cards_obtained":["Twin Strike"]},{"cards_removed":["Twin Strike"],"damage_healed":0,"gold_gain":0,"player_choice":"Gave Gold","damage_taken":0,"max_hp_gain":0,"max_hp_loss":0,"event_name":"Beggar","floor":31,"gold_loss":75},{"damage_healed":0,"gold_gain":0,"player_choice":"Ignored","damage_taken":0,"max_hp_gain":0,"max_hp_loss":0,"event_name":"Purifier","floor":38,"gold_loss":0},{"damage_healed":0,"gold_gain":0,"player_choice":"Max HP","damage_taken":0,"max_hp_gain":0,"max_hp_loss":6,"event_name":"Winding Halls","floor":47,"gold_loss":0},{"damage_healed":0,"gold_gain":0,"player_choice":"Memory 1","damage_taken":0,"max_hp_gain":0,"max_hp_loss":0,"event_name":"SensoryStone","floor":48,"gold_loss":0}],"is_beta":false,"boss_relics":[{"not_picked":["Runic Dome","Philosopher\u0027s Stone"],"picked":"White Beast Statue"},{"not_picked":["Empty Cage","Runic Pyramid"],"picked":"Velvet Choker"}],"items_purged_floors":[],"is_endless":false,"potions_floor_spawned":[3,10,14,18,19,21,22,24,28,29,30,33,35,36,39,41,42,44,45],"ascension_level":0}