{"gold_per_floor":[116,127,5,5,22,22,42,54,54,54,73,73,90,121,121,121],"floor_reached":16,"playtime":1027,"items_purged":["Strike_G"],"score":135,"play_id":"3ec80816-cee4-4460-9e2c-31f6580fb555","local_time":"20190105120445","is_ascension_mode":true,"campfire_choices":[{"data":"Dagger Spray","floor":6,"key":"SMITH"},{"data":"Dodge and Roll","floor":10,"key":"SMITH"},{"data":"Crippling Poison","floor":12,"key":"SMITH"},{"data":"Bullet Time","floor":15,"key":"SMITH"}],"neow_cost":"TEN_PERCENT_HP_LOSS","seed_source_timestamp":1312590757606685,"circlet_count":0,"master_deck":["Defend_G","Defend_G","Defend_G","Defend_G","Defend_G","Strike_G","Strike_G","Strike_G","Strike_G","Survivor","Neutralize","Madness","Dagger Spray+1","Leg Sweep","Dodge and Roll+1","Outmaneuver","Backflip","Escape Plan","Crippling Poison+1","Bullet Time+1","Terror"],"relics":["Ring of the Snake","Shuriken","Molten Egg 2"],"potions_floor_usage":[8,14,16,16],"damage_taken":[{"damage":10,"enemies":"Small Slimes","floor":1,"turns":4},{"damage":0,"enemies":"Cultist","floor":2,"turns":4},{"damage":0,"enemies":"Jaw Worm","floor":5,"turns":6},{"damage":0,"enemies":"Looter","floor":7,"turns":4},{"damage":5,"enemies":"Exordium Thugs","floor":8,"turns":4},{"damage":2,"enemies":"Blue Slaver","floor":11,"turns":4},{"damage":1,"enemies":"Exordium Wildlife","floor":13,"turns":3},{"damage":14,"enemies":"Lagavulin","floor":14,"turns":9},{"damage":46,"enemies":"Slime Boss","floor":16,"turns":11}],"seed_played":"8905126458723270888","potions_obtained":[{"floor":1,"key":"Weak Potion"},{"floor":2,"key":"Explosive Potion"},{"floor":7,"key":"FearPotion"},{"floor":11,"key":"GamblersBrew"}],"is_trial":false,"path_per_floor":["M","M","$","?","M","R","M","M","T","R","M","R","M","E","R","B"],"character_chosen":"THE_SILENT","items_purchased":["Dodge and Roll"],"campfire_rested":0,"item_purchase_floors":[3],"current_hp_per_floor":[53,53,53,63,63,63,63,58,58,58,56,56,55,41,41,0],"gold":121,"neow_bonus":"RANDOM_COLORLESS_2","is_prod":false,"is_daily":false,"chose_seed":false,"campfire_upgraded":4,"win_rate":0,"timestamp":1546718685,"path_taken":["M","M","$","?","M","R","?","M","T","R","M","R","M","E","R","BOSS"],"build_version":"2019-01-03v4","purchased_purges":1,"victory":false,"max_hp_per_floor":[63,63,63,63,63,63,63,63,63,63,63,63,63,63,63,63],"card_choices":[{"not_picked":["Eviscerate","Sucker Punch"],"picked":"Dagger Spray","floor":1},{"not_picked":["PiercingWail","Heel Hook"],"picked":"Leg Sweep","floor":2},{"not_picked":["Slice","Dagger Spray"],"picked":"Outmaneuver","floor":5},{"not_picked":["Masterful Stab","Outmaneuver"],"picked":"Backflip","floor":7},{"not_picked":["Tactician","Infinite Blades"],"picked":"Escape Plan","floor":8},{"not_picked":["Infinite Blades","Dagger Throw"],"picked":"Crippling Poison","floor":11},{"not_picked":["Dagger Throw","Dodge and Roll"],"picked":"Bullet Time","floor":13},{"not_picked":["Reflex","Sucker Punch"],"picked":"Terror","floor":14}],"player_experience":269481,"relics_obtained":[{"floor":9,"key":"Shuriken"},{"floor":14,"key":"Molten Egg 2"}],"event_choices":[{"cards_removed":["Purity"],"damage_healed":10,"gold_gain":0,"player_choice":"Offered Uncommon","damage_taken":0,"max_hp_gain":0,"max_hp_loss":0,"event_name":"Bonfire Elementals","floor":4,"gold_loss":0}],"is_beta":false,"boss_relics":[],"items_purged_floors":[3],"is_endless":false,"potions_floor_spawned":[1,2,7,11],"killed_by":"Slime Boss","ascension_level":6}