{"gold_per_floor":[109,109,121,121,121,121,155,155,155,185,212,224,248,274,286,372,384,412,424,453,465,477,489,368,399,399,419,432,452,452,465,465,465],"floor_reached":33,"playtime":2459,"items_purged":["Writhe"],"score":511,"play_id":"adb38f1b-43ea-45ae-89e2-0dcd9770a030","local_time":"20190325224824","is_ascension_mode":true,"campfire_choices":[{"floor":6.0,"key":"REST"},{"data":"Metallicize","floor":8.0,"key":"SMITH"},{"data":"Disarm","floor":12.0,"key":"SMITH"},{"data":"Demon Form","floor":15.0,"key":"SMITH"},{"floor":23,"key":"REST"},{"data":"Armaments","floor":32,"key":"SMITH"}],"neow_cost":"NONE","seed_source_timestamp":892598475377993,"circlet_count":0,"master_deck":["AscendersBane","Strike_R","Strike_R","Strike_R","Strike_R","Strike_R","Defend_R","Defend_R+1","Defend_R+1","Defend_R","Bash+1","Cleave","Metallicize+1","Twin Strike","Disarm+1","Clothesline","Demon Form+1","Offering","Iron Wave+1","Armaments+1","Impervious","Pommel Strike","Ghostly Armor","Ghostly","Ghostly","Ghostly"],"special_seed":0,"relics":["Burning Blood","Shuriken","MawBank","Velvet Choker","Girya","Enchiridion","PreservedInsect","Matryoshka"],"potions_floor_usage":[28],"damage_taken":[{"damage":9.0,"enemies":"2 Louse","floor":1.0,"turns":3.0},{"damage":12.0,"enemies":"Small Slimes","floor":3.0,"turns":4.0},{"damage":29.0,"enemies":"Lagavulin","floor":7.0,"turns":9.0},{"damage":2.0,"enemies":"Cultist","floor":10.0,"turns":3.0},{"damage":0.0,"enemies":"Lots of Slimes","floor":11.0,"turns":2.0},{"damage":7.0,"enemies":"Blue Slaver","floor":13.0,"turns":4.0},{"damage":6.0,"enemies":"Red Slaver","floor":14.0,"turns":5.0},{"damage":41.0,"enemies":"Slime Boss","floor":16.0,"turns":13.0},{"damage":13.0,"enemies":"3 Byrds","floor":18.0,"turns":7.0},{"damage":20.0,"enemies":"2 Thieves","floor":20.0,"turns":4.0},{"damage":29,"enemies":"Gremlin Leader","floor":25,"turns":8},{"damage":6,"enemies":"Snake Plant","floor":27,"turns":4},{"damage":3,"enemies":"Snecko","floor":28,"turns":6},{"damage":9,"enemies":"Centurion and Healer","floor":29,"turns":6},{"damage":6,"enemies":"Snake Plant","floor":31,"turns":6},{"damage":34,"enemies":"Automaton","floor":33,"turns":6}],"seed_played":"4336783768505039098","potions_obtained":[{"floor":0.0,"key":"SneckoOil"},{"floor":0.0,"key":"Explosive Potion"},{"floor":0.0,"key":"SkillPotion"},{"floor":1.0,"key":"Weak Potion"},{"floor":7.0,"key":"SkillPotion"},{"floor":10.0,"key":"GamblersBrew"},{"floor":18.0,"key":"Strength Potion"},{"floor":19.0,"key":"Energy Potion"},{"floor":20.0,"key":"Dexterity Potion"}],"is_trial":false,"path_per_floor":["M","?","M","?","?","R","E","R","T","M","M","R","M","M","R","B",null,"M","?","M","?","?","R","$","E","T","M","M","M","?","M","R","B"],"character_chosen":"IRONCLAD","items_purchased":["Armaments"],"campfire_rested":2,"item_purchase_floors":[24],"current_hp_per_floor":[65,65,59,36,36,58,35,35,35,39,45,45,44,44,44,9,59,52,52,38,38,17,39,39,16,16,16,19,16,16,16,16,0],"gold":465,"neow_bonus":"THREE_SMALL_POTIONS","is_prod":false,"is_daily":false,"chose_seed":false,"campfire_upgraded":4,"win_rate":0,"timestamp":1553546904,"path_taken":["M","?","M","?","?","R","E","R","T","M","M","R","?","?","R","BOSS","M","?","?","?","?","R","$","E","T","M","M","M","?","M","R","BOSS"],"build_version":"2019-01-23","purchased_purges":1,"victory":false,"max_hp_per_floor":[75,75,75,75,75,75,75,75,75,75,75,75,75,75,75,75,75,75,75,75,75,75,75,75,75,75,75,75,75,37,37,37,37],"card_choices":[{"not_picked":["Rupture","Heavy Blade"],"picked":"Cleave","floor":1.0},{"not_picked":["Sever Soul","Whirlwind"],"picked":"Metallicize","floor":3.0},{"not_picked":["Evolve","Thunderclap","Bloodletting"],"picked":"SKIP","floor":7.0},{"not_picked":["Warcry","Anger"],"picked":"Twin Strike","floor":10.0},{"not_picked":["Reckless Charge","True Grit"],"picked":"Disarm","floor":11.0},{"not_picked":["Perfected Strike","Iron Wave"],"picked":"Clothesline","floor":13.0},{"not_picked":["Perfected Strike","Heavy Blade"],"picked":"Demon Form","floor":14.0},{"not_picked":["Demon Form","Fiend Fire"],"picked":"Offering","floor":16.0},{"not_picked":["Cleave","Uppercut"],"picked":"Iron Wave+1","floor":18.0},{"not_picked":["True Grit+1","Body Slam","Bloodletting+1"],"picked":"SKIP","floor":20.0},{"not_picked":["Armaments","Second Wind"],"picked":"Impervious","floor":25},{"not_picked":["Second Wind","Wild Strike"],"picked":"Pommel Strike","floor":27},{"not_picked":["Blood for Blood","Entrench","Havoc"],"picked":"SKIP","floor":28},{"not_picked":["Sword Boomerang","Intimidate"],"picked":"Ghostly Armor","floor":29},{"not_picked":["Blood for Blood","Rage","Evolve"],"picked":"SKIP","floor":31}],"player_experience":381223,"relics_obtained":[{"floor":7.0,"key":"Shuriken"},{"floor":9.0,"key":"MawBank"},{"floor":22,"key":"Enchiridion"},{"floor":25,"key":"PreservedInsect"},{"floor":26,"key":"Matryoshka"}],"event_choices":[{"damage_healed":0.0,"max_hp_gain":0.0,"max_hp_loss":0.0,"gold_gain":0.0,"event_name":"Liars Game","player_choice":"Ignored","floor":2.0,"gold_loss":0.0,"damage_taken":0.0},{"damage_healed":0.0,"max_hp_gain":0.0,"max_hp_loss":0.0,"gold_gain":0.0,"event_name":"Shining Light","player_choice":"Entered Light","floor":4.0,"gold_loss":0.0,"damage_taken":23.0,"cards_upgraded":["Defend_R","Defend_R"]},{"damage_healed":0.0,"max_hp_gain":0.0,"max_hp_loss":0.0,"gold_gain":0.0,"event_name":"Accursed Blacksmith","player_choice":"Forge","floor":5.0,"gold_loss":0.0,"damage_taken":0.0,"cards_upgraded":["Bash"]},{"damage_healed":0.0,"max_hp_gain":0.0,"max_hp_loss":0.0,"gold_gain":0.0,"event_name":"Lab","player_choice":"Got Potions","floor":19.0,"gold_loss":0.0,"damage_taken":0.0},{"damage_healed":0.0,"max_hp_gain":0.0,"max_hp_loss":0.0,"gold_gain":0.0,"event_name":"The Mausoleum","player_choice":"Opened","floor":21.0,"gold_loss":0.0,"damage_taken":0.0,"relics_obtained":["Girya"],"cards_obtained":["Writhe"]},{"damage_healed":0,"gold_gain":0,"player_choice":"Obtained Book","damage_taken":21,"max_hp_gain":0,"max_hp_loss":0,"event_name":"Cursed Tome","floor":22,"gold_loss":0},{"damage_healed":0,"gold_gain":0,"player_choice":"Became a Ghost","damage_taken":0,"max_hp_gain":0,"max_hp_loss":38,"event_name":"Ghosts","floor":30,"gold_loss":0,"cards_obtained":["Ghostly","Ghostly","Ghostly"]}],"is_beta":false,"boss_relics":[{"not_picked":["Coffee Dripper","Fusion Hammer"],"picked":"Velvet Choker"}],"items_purged_floors":[24],"is_endless":false,"potions_floor_spawned":[1,7,10,18,20],"killed_by":"Automaton","ascension_level":18}