{"gold_per_floor":[13,13,13,31,49,80,80,80,103,121,137,153,153,153,153,228,278,293,311,311,181,201,201,235,235,286,302,313,313,77,77],"floor_reached":31,"playtime":2377,"items_purged":["Strike_R","Strike_R"],"score":488,"play_id":"b10c7422-0642-4be5-8e5d-2d847cd61ea6","local_time":"20190528020249","is_ascension_mode":true,"campfire_choices":[{"data":"Shrug It Off","floor":8.0,"key":"SMITH"},{"floor":13.0,"key":"REST"},{"floor":15.0,"key":"REST"},{"floor":23.0,"key":"REST"},{"floor":25,"key":"REST"}],"neow_cost":"NO_GOLD","seed_source_timestamp":1059607397565876,"circlet_count":0,"master_deck":["AscendersBane","Strike_R","Defend_R","Defend_R","Defend_R+1","Defend_R","Bash","Juggernaut+1","Shrug It Off+1","Feel No Pain","Havoc","Fiend Fire","Clothesline","Disarm+1","Metallicize","Evolve","Metallicize","Iron Wave"],"special_seed":0,"relics":["Burning Blood","Blood Vial","Tiny House","CultistMask","Bronze Scales","PreservedInsect"],"potions_floor_usage":[24,24,27,31,31],"damage_taken":[{"damage":7.0,"enemies":"Cultist","floor":1.0,"turns":4.0},{"damage":4.0,"enemies":"Small Slimes","floor":4.0,"turns":3.0},{"damage":9.0,"enemies":"2 Louse","floor":5.0,"turns":2.0},{"damage":58.0,"enemies":"Gremlin Nob","floor":6.0,"turns":6.0},{"damage":26.0,"enemies":"Large Slime","floor":10.0,"turns":6.0},{"damage":14.0,"enemies":"Lots of Slimes","floor":11.0,"turns":11.0},{"damage":2.0,"enemies":"Blue Slaver","floor":12.0,"turns":5.0},{"damage":39.0,"enemies":"The Guardian","floor":16.0,"turns":15.0},{"damage":7.0,"enemies":"Spheric Guardian","floor":18.0,"turns":4.0},{"damage":54.0,"enemies":"3 Byrds","floor":19.0,"turns":6.0},{"damage":26.0,"enemies":"Cultist and Chosen","floor":22.0,"turns":7.0},{"damage":40,"enemies":"Book of Stabbing","floor":24,"turns":7},{"damage":4,"enemies":"3 Cultists","floor":27,"turns":5},{"damage":8,"enemies":"Centurion and Healer","floor":28,"turns":9},{"damage":57,"enemies":"Slavers","floor":31,"turns":4}],"seed_played":"6120268469801977191","potions_obtained":[{"floor":10.0,"key":"Swift Potion"},{"floor":11.0,"key":"Block Potion"},{"floor":12.0,"key":"Regen Potion"},{"floor":16.0,"key":"PowerPotion"},{"floor":17.0,"key":"GamblersBrew"},{"floor":18.0,"key":"Fruit Juice"},{"floor":19.0,"key":"SteroidPotion"},{"floor":24,"key":"Fire Potion"},{"floor":27,"key":"Strength Potion"}],"is_trial":false,"path_per_floor":["M","?","?","M","M","E","?","R","T","M","M","M","R","?","R","B",null,"M","M","?","$","M","R","E","R","T","M","M","?","$","E"],"character_chosen":"IRONCLAD","items_purchased":["SpeedPotion","Regen Potion","Iron Wave"],"campfire_rested":4,"item_purchase_floors":[21,30,30],"current_hp_per_floor":[67,60,60,62,59,7,32,32,32,14,8,14,36,36,58,42,72,73,32,32,32,14,39,7,32,32,36,36,36,36,0],"gold":77,"neow_bonus":"THREE_RARE_CARDS","is_prod":false,"is_daily":false,"chose_seed":false,"campfire_upgraded":1,"win_rate":0,"timestamp":1559001769,"path_taken":["M","?","?","?","M","E","?","R","T","M","M","M","R","?","R","BOSS","M","M","?","$","M","R","E","R","T","?","M","?","$","E"],"build_version":"2019-01-23","purchased_purges":2,"victory":false,"max_hp_per_floor":[75,75,75,75,75,75,75,75,75,75,75,75,75,75,75,75,80,80,85,85,85,85,85,85,85,85,85,85,85,85,85],"card_choices":[{"not_picked":["Dark Embrace","Impervious"],"picked":"Juggernaut","floor":0.0},{"not_picked":["Perfected Strike","Warcry","Pommel Strike"],"picked":"SKIP","floor":1.0},{"not_picked":["Havoc","Heavy Blade","Perfected Strike"],"picked":"SKIP","floor":4.0},{"not_picked":["Headbutt","Warcry"],"picked":"Shrug It Off","floor":5.0},{"not_picked":["Sever Soul","Twin Strike","Combust"],"picked":"SKIP","floor":6.0},{"not_picked":["Heavy Blade","Hemokinesis","Clash"],"picked":"SKIP","floor":10.0},{"not_picked":["Clash","Warcry"],"picked":"Feel No Pain","floor":11.0},{"not_picked":["Berserk","Headbutt"],"picked":"Havoc","floor":12.0},{"not_picked":["Double Tap","Immolate"],"picked":"Fiend Fire","floor":16.0},{"not_picked":["Shockwave","Twin Strike"],"picked":"Clothesline","floor":17.0},{"not_picked":["Seeing Red","Rage"],"picked":"Disarm+1","floor":18.0},{"not_picked":["Sever Soul","Perfected Strike","Clothesline"],"picked":"SKIP","floor":19.0},{"not_picked":["Shockwave","Headbutt"],"picked":"Metallicize","floor":22.0},{"not_picked":["Flex","Double Tap"],"picked":"Evolve","floor":24},{"not_picked":["Clash","Headbutt","Havoc"],"picked":"SKIP","floor":27},{"not_picked":["Sever Soul","Shockwave"],"picked":"Metallicize","floor":28}],"player_experience":669332,"relics_obtained":[{"floor":6.0,"key":"Blood Vial"},{"floor":24,"key":"Bronze Scales"},{"floor":26,"key":"PreservedInsect"}],"event_choices":[{"cards_removed":["Strike_R"],"damage_healed":0.0,"max_hp_gain":0.0,"max_hp_loss":0.0,"gold_gain":0.0,"event_name":"Golden Wing","player_choice":"Card Removal","floor":2.0,"gold_loss":0.0,"damage_taken":7.0},{"damage_healed":0.0,"max_hp_gain":0.0,"max_hp_loss":0.0,"gold_gain":0.0,"event_name":"Accursed Blacksmith","player_choice":"Forge","floor":3.0,"gold_loss":0.0,"damage_taken":0.0,"cards_upgraded":["Juggernaut"]},{"damage_healed":25.0,"max_hp_gain":0.0,"max_hp_loss":0.0,"gold_gain":0.0,"event_name":"Big Fish","player_choice":"Banana","floor":7.0,"gold_loss":0.0,"damage_taken":0.0},{"damage_healed":0.0,"max_hp_gain":0.0,"max_hp_loss":0.0,"gold_gain":0.0,"event_name":"Liars Game","player_choice":"Ignored","floor":14.0,"gold_loss":0.0,"damage_taken":0.0},{"damage_healed":0.0,"max_hp_gain":0.0,"max_hp_loss":0.0,"gold_gain":0.0,"event_name":"FaceTrader","player_choice":"Trade","floor":20.0,"gold_loss":0.0,"damage_taken":0.0,"relics_obtained":["CultistMask"]},{"cards_removed":["Strike_R"],"damage_healed":0,"gold_gain":0,"player_choice":"Elegance","damage_taken":0,"max_hp_gain":0,"max_hp_loss":0,"event_name":"Back to Basics","floor":29,"gold_loss":0}],"is_beta":false,"boss_relics":[{"not_picked":["Calling Bell","Lizard Tail"],"picked":"Tiny House"}],"items_purged_floors":[21,30],"is_endless":false,"potions_floor_spawned":[10,11,12,16,18,19,24,27],"killed_by":"Slavers","ascension_level":18}