{"gold_per_floor":[117,131,131,131,131,56,56,94,94,94,125,144,44,60,60,181,181,206,206,206,206,230,230,253,253,253,271,305,305,329,204,204,325,325,340,354,13,13,13,46,64,64,64,85,85,85,101,101,101,101],"floor_reached":50,"playtime":7230,"items_purged":["Strike_R","Strike_R","Pain","Writhe"],"score":523,"play_id":"440bbe42-5550-4469-a411-2a8f02a83cab","local_time":"20190111031322","is_ascension_mode":false,"campfire_choices":[{"data":"Bash","floor":7.0,"key":"SMITH"},{"floor":10.0,"key":"REST"},{"data":"Body Slam","floor":15.0,"key":"SMITH"},{"data":"RitualDagger","floor":23.0,"key":"SMITH"},{"data":"Body Slam","floor":29.0,"key":"SMITH"},{"data":"Pommel Strike","floor":32.0,"key":"SMITH"},{"data":"Shrug It Off","floor":42.0,"key":"SMITH"},{"data":"Rage","floor":45.0,"key":"SMITH"},{"floor":49.0,"key":"REST"}],"neow_cost":"","seed_source_timestamp":0,"circlet_count":0,"master_deck":["Strike_R","Strike_R","Strike_R","Defend_R","Defend_R+1","Defend_R","Defend_R+1","Bash+1","Shrug It Off+1","Headbutt","Inflame","Clash","Headbutt","Body Slam+1","Warcry+1","Pommel Strike+1","Iron Wave","RitualDagger+1","Shrug It Off","Flame Barrier+1","Body Slam+1","Flame Barrier+1","Pommel Strike+1","Body Slam+1","Inflame+1","Shockwave+1","Pain","Rage+1"],"special_seed":0,"relics":["Burning Blood","Golden Idol","Pantograph","Dream Catcher","Vajra","Paper Frog","Cursed Key","Blood Vial","Ice Cream","Matryoshka","Black Star","Brimstone","Juzu Bracelet","Boot","Strawberry","Pear"],"potions_floor_usage":[50,50,50],"damage_taken":[{"damage":6.0,"enemies":"Cultist","floor":1.0,"turns":3.0},{"damage":6.0,"enemies":"2 Louse","floor":2.0,"turns":3.0},{"damage":19.0,"enemies":"Lagavulin","floor":8.0,"turns":8.0},{"damage":12.0,"enemies":"Gremlin Nob","floor":11.0,"turns":4.0},{"damage":0.0,"enemies":"Jaw Worm","floor":12.0,"turns":3.0},{"damage":0.0,"enemies":"3 Louse","floor":14.0,"turns":2.0},{"damage":41.0,"enemies":"The Guardian","floor":16.0,"turns":9.0},{"damage":7.0,"enemies":"3 Byrds","floor":18.0,"turns":6.0},{"damage":17.0,"enemies":"Colosseum Slavers","floor":21.0,"turns":4.0},{"damage":0.0,"enemies":"2 Thieves","floor":22.0,"turns":3.0},{"damage":0.0,"enemies":"Chosen and Byrds","floor":24.0,"turns":6.0},{"damage":14.0,"enemies":"Snecko","floor":27.0,"turns":5.0},{"damage":25.0,"enemies":"Gremlin Leader","floor":28.0,"turns":7.0},{"damage":14.0,"enemies":"Centurion and Healer","floor":30.0,"turns":6.0},{"damage":66.0,"enemies":"Champ","floor":33.0,"turns":8.0},{"damage":17.0,"enemies":"3 Darklings","floor":35.0,"turns":6.0},{"damage":10.0,"enemies":"Orb Walker","floor":36.0,"turns":2.0},{"damage":24.0,"enemies":"Reptomancer","floor":40.0,"turns":4.0},{"damage":7.0,"enemies":"Maw","floor":41.0,"turns":4.0},{"damage":33.0,"enemies":"Sphere and 2 Shapes","floor":44.0,"turns":4.0},{"damage":2.0,"enemies":"Transient","floor":47.0,"turns":5.0},{"damage":116,"enemies":"Awakened One","floor":50,"turns":7}],"seed_played":"2403959470387539199","potions_obtained":[{"floor":1.0,"key":"FearPotion"},{"floor":8.0,"key":"SneckoOil"},{"floor":14.0,"key":"Weak Potion"},{"floor":22.0,"key":"SteroidPotion"},{"floor":33.0,"key":"Poison Potion"},{"floor":40.0,"key":"Fire Potion"},{"floor":41.0,"key":"Swift Potion"}],"is_trial":false,"path_per_floor":["M","M","?","T","?","$","R","E","T","R","E","M","$","M","R","B",null,"M","?","?","?","M","R","M","?","T","M","E","R","M","$","R","B",null,"M","M","$","?","?","E","M","R","T","M","R","$","M","$","R","B"],"character_chosen":"IRONCLAD","items_purchased":["Brimstone"],"campfire_rested":2,"item_purchase_floors":[37],"current_hp_per_floor":[80,80,60,60,44,44,44,31,31,55,49,55,55,61,61,45,80,79,79,73,62,68,68,74,74,74,68,51,51,45,45,45,12,80,69,67,67,67,67,51,52,52,69,44,44,44,50,50,77,0],"gold":101,"neow_bonus":"","is_prod":false,"is_daily":false,"chose_seed":false,"campfire_upgraded":7,"win_rate":0.0,"timestamp":1547169202,"path_taken":["M","?","?","?","?","?","R","E","T","R","E","M","$","M","R","BOSS","M","?","?","?","?","R","M","?","T","M","E","R","M","$","R","BOSS","M","M","$","?","?","E","M","R","T","M","R","$","M","$","R","BOSS"],"build_version":"2019-01-10","purchased_purges":4,"victory":false,"max_hp_per_floor":[80,80,80,80,80,80,80,80,80,80,80,80,80,80,80,80,80,80,80,80,80,80,80,80,80,80,80,80,80,80,80,80,80,80,80,80,80,76,76,76,76,76,93,93,93,93,93,93,93,93],"card_choices":[{"not_picked":["Clash","Thunderclap"],"picked":"Shrug It Off","floor":1.0},{"not_picked":["Fire Breathing","Perfected Strike"],"picked":"Headbutt","floor":2.0},{"not_picked":["Shockwave","Flame Barrier"],"picked":"Inflame","floor":8.0},{"not_picked":["Bloodletting","Rupture"],"picked":"Clash","floor":10.0},{"not_picked":["Perfected Strike","Warcry"],"picked":"Headbutt","floor":11.0},{"not_picked":["Flex","Cleave"],"picked":"Body Slam","floor":12.0},{"not_picked":["Cleave","Whirlwind"],"picked":"Warcry","floor":14.0},{"not_picked":["Twin Strike","Iron Wave"],"picked":"Pommel Strike+1","floor":18.0},{"not_picked":["Thunderclap","True Grit+1"],"picked":"Shrug It Off","floor":22.0},{"not_picked":["Disarm","Headbutt"],"picked":"Flame Barrier+1","floor":24.0},{"not_picked":["Disarm","Entrench"],"picked":"Body Slam","floor":27.0},{"not_picked":["Shrug It Off","Dropkick"],"picked":"Flame Barrier+1","floor":28.0},{"not_picked":["Disarm+1","Searing Blow"],"picked":"Pommel Strike","floor":30.0},{"not_picked":["Warcry","Corruption+1"],"picked":"Body Slam+1","floor":35.0},{"not_picked":["Cleave+1","Thunderclap"],"picked":"Inflame+1","floor":36.0},{"not_picked":["Battle Trance+1","Sword Boomerang"],"picked":"Shockwave+1","floor":40.0},{"not_picked":["Bloodletting+1","Feel No Pain","Second Wind+1"],"picked":"SKIP","floor":41.0},{"not_picked":["Shrug It Off","Fiend Fire"],"picked":"Rage","floor":44.0},{"not_picked":["Sword Boomerang+1","Cleave","Body Slam"],"picked":"SKIP","floor":47.0}],"player_experience":0,"relics_obtained":[{"floor":4.0,"key":"Pantograph"},{"floor":8.0,"key":"Dream Catcher"},{"floor":9.0,"key":"Vajra"},{"floor":11.0,"key":"Paper Frog"},{"floor":26.0,"key":"Ice Cream"},{"floor":28.0,"key":"Matryoshka"},{"floor":40.0,"key":"Juzu Bracelet"},{"floor":40.0,"key":"Boot"},{"floor":43.0,"key":"Strawberry"},{"floor":43.0,"key":"Pear"}],"event_choices":[{"damage_healed":0.0,"max_hp_gain":0.0,"max_hp_loss":0.0,"gold_gain":0.0,"event_name":"Golden Idol","player_choice":"Take Damage","floor":3.0,"gold_loss":0.0,"damage_taken":20.0,"relics_obtained":["Golden Idol"]},{"damage_healed":0.0,"max_hp_gain":0.0,"max_hp_loss":0.0,"gold_gain":0.0,"event_name":"Shining Light","player_choice":"Entered Light","floor":5.0,"gold_loss":0.0,"damage_taken":16.0,"cards_upgraded":["Defend_R","Defend_R"]},{"damage_healed":0.0,"max_hp_gain":0.0,"max_hp_loss":0.0,"gold_gain":0.0,"event_name":"The Library","player_choice":"Read","floor":19.0,"gold_loss":0.0,"damage_taken":0.0,"cards_obtained":["Iron Wave"]},{"damage_healed":0.0,"max_hp_gain":0.0,"max_hp_loss":0.0,"gold_gain":0.0,"event_name":"Nest","player_choice":"Joined the Cult","floor":20.0,"gold_loss":0.0,"damage_taken":6.0,"cards_obtained":["RitualDagger"]},{"damage_healed":0.0,"max_hp_gain":0.0,"max_hp_loss":0.0,"gold_gain":0.0,"event_name":"Colosseum","player_choice":"Fight","floor":21.0,"gold_loss":0.0,"damage_taken":0.0},{"damage_healed":0.0,"max_hp_gain":0.0,"max_hp_loss":0.0,"gold_gain":0.0,"event_name":"Colosseum","player_choice":"Fled From Nobs","floor":21.0,"gold_loss":0.0,"damage_taken":0.0},{"damage_healed":0.0,"max_hp_gain":0.0,"max_hp_loss":0.0,"gold_gain":0.0,"event_name":"The Mausoleum","player_choice":"Opened","floor":25.0,"gold_loss":0.0,"damage_taken":0.0,"relics_obtained":["Blood Vial"],"cards_obtained":["Writhe"]},{"damage_healed":0.0,"max_hp_gain":0.0,"max_hp_loss":4.0,"gold_gain":0.0,"event_name":"Winding Halls","player_choice":"Max HP","floor":38.0,"gold_loss":0.0,"damage_taken":0.0},{"damage_healed":0.0,"max_hp_gain":0.0,"max_hp_loss":0.0,"gold_gain":0.0,"event_name":"Upgrade Shrine","player_choice":"Upgraded","floor":39.0,"gold_loss":0.0,"damage_taken":0.0,"cards_upgraded":["Warcry"]}],"is_beta":false,"boss_relics":[{"not_picked":["Ectoplasm","Eternal Feather"],"picked":"Cursed Key"},{"not_picked":["Astrolabe","Black Blood"],"picked":"Black Star"}],"items_purged_floors":[6,13,31,37],"is_endless":false,"potions_floor_spawned":[1,8,14,22,24,30,33,40,41],"killed_by":"Awakened One","ascension_level":0}