{"gold_per_floor":[114,129,54,69,84,99,99,114,114,129,129,129,129,129,129,229,229,244,244,259,213,228,228,243,258,258,258],"floor_reached":27,"playtime":1250,"items_purged":[],"score":259,"play_id":"1c30c8fe-2f5d-4283-aec6-db8f6b613014","local_time":"20190120003315","daily_mods":["SealedDeck","Colorless Cards","Terminal"],"is_ascension_mode":false,"campfire_choices":[{"data":"Noxious Fumes","floor":7,"key":"SMITH"},{"data":"Noxious Fumes","floor":11,"key":"SMITH"},{"data":"Catalyst","floor":13,"key":"SMITH"},{"data":"Cloak And Dagger","floor":15,"key":"SMITH"},{"data":"Dodge and Roll","floor":23,"key":"SMITH"}],"neow_cost":"","seed_source_timestamp":997074985784535,"circlet_count":0,"master_deck":["Quick Slash","Terror","Backflip","Infinite Blades","Cloak And Dagger","Cloak And Dagger+1","Infinite Blades","Dash","Backflip","Noxious Fumes+1","Catalyst+1","Noxious Fumes+1","Panacea","Well Laid Plans","Accuracy","Deadly Poison","The Bomb","Calculated Gamble+1","Noxious Fumes+1","Finesse+1","Dodge and Roll+1","Madness+1","Dark Shackles"],"special_seed":17916,"relics":["Ring of the Snake","Ninja Scroll","Frozen Egg 2","White Beast Statue","Smiling Mask"],"potions_floor_usage":[16,22,22,25,25,27,27],"damage_taken":[{"damage":0,"enemies":"2 Louse","floor":1,"turns":2},{"damage":0,"enemies":"Cultist","floor":2,"turns":4},{"damage":0,"enemies":"Jaw Worm","floor":4,"turns":4},{"damage":0,"enemies":"Blue Slaver","floor":5,"turns":4},{"damage":0,"enemies":"Red Slaver","floor":6,"turns":4},{"damage":2,"enemies":"Exordium Thugs","floor":8,"turns":5},{"damage":0,"enemies":"Exordium Wildlife","floor":10,"turns":3},{"damage":0,"enemies":"Slime Boss","floor":16,"turns":6},{"damage":3,"enemies":"3 Byrds","floor":18,"turns":4},{"damage":14,"enemies":"2 Thieves","floor":20,"turns":5},{"damage":4,"enemies":"Centurion and Healer","floor":22,"turns":5},{"damage":13,"enemies":"3 Cultists","floor":24,"turns":5},{"damage":4,"enemies":"Snecko","floor":25,"turns":4},{"damage":17,"enemies":"Slavers","floor":27,"turns":1}],"seed_played":"7558609228470536765","potions_obtained":[{"floor":4,"key":"SmokeBomb"},{"floor":6,"key":"Weak Potion"},{"floor":8,"key":"SteroidPotion"},{"floor":16,"key":"Strength Potion"},{"floor":18,"key":"Dexterity Potion"},{"floor":22,"key":"Strength Potion"},{"floor":24,"key":"AttackPotion"},{"floor":25,"key":"Swift Potion"}],"is_trial":false,"path_per_floor":["M","M","$","M","M","M","R","M","T","M","R","?","R","?","R","B",null,"M","?","M","$","M","R","M","M","T","E"],"character_chosen":"THE_SILENT","items_purchased":["Noxious Fumes","Dodge and Roll"],"campfire_rested":0,"item_purchase_floors":[3,21],"current_hp_per_floor":[68,67,66,65,64,63,62,60,60,59,58,57,56,55,54,53,52,49,49,35,35,31,31,18,14,14,0],"gold":258,"neow_bonus":"","is_prod":false,"is_daily":true,"chose_seed":false,"campfire_upgraded":5,"win_rate":0,"timestamp":1547973195,"path_taken":["M","M","$","M","M","M","R","M","T","M","R","?","R","?","R","BOSS","M","?","M","$","M","R","M","M","T","E"],"build_version":"2019-01-17v2","purchased_purges":0,"victory":false,"max_hp_per_floor":[68,67,66,65,64,63,62,61,60,59,58,57,56,55,54,53,52,51,50,49,48,47,46,45,44,43,43],"card_choices":[{"not_picked":["Crippling Poison","Predator"],"picked":"Catalyst","floor":1},{"not_picked":["Dagger Throw","Outmaneuver","Reflex"],"picked":"SKIP","floor":2},{"not_picked":["Sucker Punch","PiercingWail"],"picked":"Panacea","floor":4},{"not_picked":["Deflect","Deep Breath"],"picked":"Well Laid Plans","floor":5},{"not_picked":["Poisoned Stab","Blade Dance"],"picked":"Accuracy","floor":6},{"not_picked":["Blade Dance","Sucker Punch"],"picked":"Deadly Poison","floor":8},{"not_picked":["Bouncing Flask","Impatience","Infinite Blades"],"picked":"SKIP","floor":10},{"not_picked":["Secret Weapon","Chrysalis"],"picked":"The Bomb","floor":16},{"not_picked":["Poisoned Stab","Prepared"],"picked":"Calculated Gamble+1","floor":18},{"not_picked":["Flying Knee","PanicButton"],"picked":"Finesse+1","floor":20},{"not_picked":["Poisoned Stab","Deep Breath"],"picked":"Madness+1","floor":22},{"not_picked":["Unload","Finisher","Acrobatics"],"picked":"SKIP","floor":24},{"not_picked":["Deep Breath","Backflip"],"picked":"Dark Shackles","floor":25}],"player_experience":374769,"relics_obtained":[{"floor":9,"key":"Ninja Scroll"},{"floor":26,"key":"Smiling Mask"}],"event_choices":[{"damage_healed":0,"gold_gain":0,"player_choice":"Leave","damage_taken":0,"max_hp_gain":0,"max_hp_loss":0,"event_name":"The Cleric","floor":12,"gold_loss":0},{"damage_healed":0,"gold_gain":0,"player_choice":"Gave Potion","damage_taken":0,"relics_obtained":["Frozen Egg 2"],"max_hp_gain":0,"max_hp_loss":0,"event_name":"WeMeetAgain","floor":14,"gold_loss":0},{"damage_healed":0,"gold_gain":0,"player_choice":"Copied","damage_taken":0,"max_hp_gain":0,"max_hp_loss":0,"event_name":"Duplicator","floor":19,"gold_loss":0,"cards_obtained":["Noxious Fumes"]}],"is_beta":false,"boss_relics":[{"not_picked":["Philosopher\u0027s Stone","Runic Pyramid"],"picked":"White Beast Statue"}],"items_purged_floors":[],"is_endless":false,"potions_floor_spawned":[4,6,8,16,18,20,22,24,25],"killed_by":"Slavers","ascension_level":0}