{"gold_per_floor":[116,41,52,66,80,80,42,42,42,42,16,29,59,71,71,146,146,158,172,172,172,172],"floor_reached":22,"playtime":1322,"items_purged":[],"score":369,"play_id":"a12fcb3f-6e14-40c8-bc18-a056dd2cd56c","local_time":"20190531005120","is_ascension_mode":true,"campfire_choices":[{"data":"Zap","floor":6.0,"key":"SMITH"},{"data":"Steam","floor":8.0,"key":"SMITH"},{"floor":15.0,"key":"REST"}],"neow_cost":"NONE","seed_source_timestamp":0,"circlet_count":0,"master_deck":["AscendersBane","Strike_B","Strike_B","Strike_B","Defend_B","Defend_B","Defend_B","Defend_B","Zap+1","Dualcast","Rip and Tear","Cold Snap","Gash","Steam+1","FTL","Regret","Compile Driver","Defragment","Hologram","Creative AI","Reinforced Body+1"],"special_seed":0,"relics":["Cracked Core","Darkstone Periapt","Sundial","Mummified Hand","Fusion Hammer","Art of War"],"potions_floor_usage":[22],"damage_taken":[{"damage":8.0,"enemies":"2 Louse","floor":1.0,"turns":2.0},{"damage":4.0,"enemies":"Small Slimes","floor":3.0,"turns":3.0},{"damage":4.0,"enemies":"Cultist","floor":4.0,"turns":3.0},{"damage":11.0,"enemies":"3 Louse","floor":5.0,"turns":3.0},{"damage":17.0,"enemies":"Lots of Slimes","floor":12.0,"turns":3.0},{"damage":0.0,"enemies":"Gremlin Nob","floor":13.0,"turns":2.0},{"damage":1.0,"enemies":"Blue Slaver","floor":14.0,"turns":3.0},{"damage":18.0,"enemies":"The Guardian","floor":16.0,"turns":11.0},{"damage":24.0,"enemies":"3 Byrds","floor":18.0,"turns":5.0},{"damage":22.0,"enemies":"2 Thieves","floor":19.0,"turns":5.0},{"damage":30,"enemies":"Centurion and Healer","floor":22,"turns":4}],"seed_played":"7322582768774287788","potions_obtained":[{"floor":1.0,"key":"SteroidPotion"},{"floor":13.0,"key":"EssenceOfSteel"},{"floor":14.0,"key":"Regen Potion"},{"floor":16.0,"key":"EssenceOfSteel"}],"is_trial":false,"path_per_floor":["M","?","M","M","M","R","$","R","T","?","$","M","E","M","R","B",null,"M","M","?","?","M"],"character_chosen":"DEFECT","items_purchased":["FTL","Compile Driver"],"campfire_rested":1,"item_purchase_floors":[7,11],"current_hp_per_floor":[63,63,59,55,44,44,44,44,44,50,50,33,33,32,57,39,73,49,27,27,27,0],"gold":172,"neow_bonus":"TEN_PERCENT_HP_BONUS","is_prod":false,"is_daily":false,"chose_seed":false,"campfire_upgraded":2,"win_rate":0,"timestamp":1559256680,"path_taken":["M","?","M","M","M","R","$","R","T","?","$","M","E","M","R","BOSS","M","M","?","?","M"],"build_version":"2019-01-23","purchased_purges":0,"victory":false,"max_hp_per_floor":[78,78,78,78,78,78,78,78,78,84,84,84,84,84,84,84,84,84,84,84,84,84],"card_choices":[{"not_picked":["Beam Cell","Barrage"],"picked":"Rip and Tear","floor":1.0},{"not_picked":["Ball Lightning","Redo"],"picked":"Cold Snap","floor":3.0},{"not_picked":["Steam","Go for the Eyes"],"picked":"Gash","floor":4.0},{"not_picked":["Capacitor","Beam Cell"],"picked":"Steam","floor":5.0},{"not_picked":["Sweeping Beam","Go for the Eyes"],"picked":"Defragment","floor":12.0},{"not_picked":["Turbo","Hologram"],"picked":"Ball Lightning","floor":13.0},{"not_picked":["Ball Lightning","Rebound"],"picked":"Hologram","floor":14.0},{"not_picked":["Biased Cognition","Core Surge"],"picked":"Creative AI","floor":16.0},{"not_picked":["Reprogram","Cold Snap","Redo"],"picked":"SKIP","floor":18.0},{"not_picked":["Force Field+1","Recycle"],"picked":"Reinforced Body+1","floor":19.0}],"player_experience":740056,"relics_obtained":[{"floor":9.0,"key":"Darkstone Periapt"},{"floor":13.0,"key":"Mummified Hand"}],"event_choices":[{"cards_removed":["Strike_B"],"damage_healed":0.0,"max_hp_gain":0.0,"max_hp_loss":0.0,"gold_gain":0.0,"event_name":"The Cleric","player_choice":"Card Removal","floor":2.0,"gold_loss":75.0,"damage_taken":0.0},{"damage_healed":0.0,"max_hp_gain":0.0,"max_hp_loss":0.0,"gold_gain":0.0,"event_name":"Big Fish","player_choice":"Box","floor":10.0,"gold_loss":0.0,"damage_taken":0.0,"relics_obtained":["Sundial"],"cards_obtained":["Regret"]},{"damage_healed":0.0,"max_hp_gain":0.0,"max_hp_loss":0.0,"gold_gain":0.0,"event_name":"Ghosts","player_choice":"Ignored","floor":20.0,"gold_loss":0.0,"damage_taken":0.0},{"cards_removed":["Ball Lightning"],"damage_healed":0.0,"max_hp_gain":0.0,"max_hp_loss":0.0,"gold_gain":0.0,"event_name":"WeMeetAgain","player_choice":"Gave Card","floor":21.0,"gold_loss":0.0,"damage_taken":0.0,"relics_obtained":["Art of War"]}],"is_beta":false,"boss_relics":[{"not_picked":["Orrery","Inserter"],"picked":"Fusion Hammer"}],"items_purged_floors":[],"is_endless":false,"potions_floor_spawned":[1,13,14,16,18],"killed_by":"Centurion and Healer","ascension_level":15}