{"gold_per_floor":[114,114,214,214,228,254,269,269,269,269,280,298,310,345,345,450,450,461,461,461,475,70,70,82,82,82,100,117,117,132,147,147,245,245,258,80,96,143,143,143,155,155,207,34,34,44,61,0,0,0],"floor_reached":50,"playtime":5711,"items_purged":["Defend_G","Defend_G"],"score":508,"play_id":"d528b1c1-9928-4a3b-a1a2-cba610d6dec8","local_time":"20181206150215","is_ascension_mode":false,"campfire_choices":[{"data":"Endless Agony","floor":8,"key":"SMITH"},{"data":"Tactician","floor":10,"key":"SMITH"},{"floor":15,"key":"REST"},{"data":"RitualDagger","floor":23,"key":"SMITH"},{"data":"Tactician","floor":25,"key":"SMITH"},{"floor":29,"key":"REST"},{"data":"Neutralize","floor":32,"key":"SMITH"},{"data":"Noxious Fumes","floor":40,"key":"SMITH"},{"floor":42,"key":"REST"},{"data":"Malaise","floor":49,"key":"SMITH"}],"neow_cost":"TEN_PERCENT_HP_LOSS","seed_source_timestamp":1916351718820025,"circlet_count":0,"master_deck":["Defend_G","Defend_G","Defend_G","Survivor","Neutralize+1","Tools of the Trade","Endless Agony+1","Finisher","Tactician+1","Predator","Acrobatics","Backflip","Choke","Malaise+1","Backflip+1","Blur+1","Expertise+1","Acrobatics","RitualDagger+1","Bite","Bite","Bite","Bite","Bite","Tactician+1","Escape Plan+1","Underhanded Strike+1","Outmaneuver","Burst","Well Laid Plans","Noxious Fumes+1","Calculated Gamble+1","Secret Weapon","Parasite","Footwork+1","Panache","Writhe"],"relics":["Ring of the Snake","Mercury Hourglass","Bottled Lightning","Ornamental Fan","Astrolabe","Shuriken","Molten Egg 2","HoveringKite","FossilizedHelix","Red Mask"],"potions_floor_usage":[6,14,16,16,24,33,37,41,50,50,50],"damage_taken":[{"damage":7,"enemies":"Small Slimes","floor":1,"turns":5},{"damage":0,"enemies":"Cultist","floor":4,"turns":3},{"damage":0,"enemies":"Jaw Worm","floor":5,"turns":4},{"damage":13,"enemies":"Lagavulin","floor":6,"turns":6},{"damage":5,"enemies":"2 Fungi Beasts","floor":7,"turns":3},{"damage":0,"enemies":"Large Slime","floor":11,"turns":3},{"damage":5,"enemies":"Exordium Wildlife","floor":12,"turns":3},{"damage":7,"enemies":"3 Louse","floor":13,"turns":3},{"damage":14,"enemies":"3 Sentries","floor":14,"turns":5},{"damage":29,"enemies":"Slime Boss","floor":16,"turns":11},{"damage":0,"enemies":"Chosen","floor":18,"turns":6},{"damage":18,"enemies":"3 Byrds","floor":21,"turns":7},{"damage":16,"enemies":"3 Cultists","floor":24,"turns":5},{"damage":26,"enemies":"Cultist and Chosen","floor":27,"turns":8},{"damage":18,"enemies":"Snecko","floor":28,"turns":5},{"damage":12,"enemies":"Sentry and Sphere","floor":30,"turns":5},{"damage":13,"enemies":"Centurion and Healer","floor":31,"turns":5},{"damage":49,"enemies":"Collector","floor":33,"turns":9},{"damage":39,"enemies":"3 Darklings","floor":35,"turns":4},{"damage":0,"enemies":"Orb Walker","floor":37,"turns":4},{"damage":22,"enemies":"2 Orb Walkers","floor":38,"turns":6},{"damage":16,"enemies":"Writhing Mass","floor":41,"turns":5},{"damage":0,"enemies":"Jaw Worm Horde","floor":46,"turns":5},{"damage":22,"enemies":"Transient","floor":47,"turns":5},{"damage":77,"enemies":"Time Eater","floor":50,"turns":12}],"seed_played":"8502285929010016861","potions_obtained":[{"floor":1,"key":"SteroidPotion"},{"floor":4,"key":"Ancient Potion"},{"floor":7,"key":"SkillPotion"},{"floor":11,"key":"PowerPotion"},{"floor":21,"key":"AttackPotion"},{"floor":28,"key":"GhostInAJar"},{"floor":33,"key":"Regen Potion"},{"floor":38,"key":"Swift Potion"},{"floor":41,"key":"EntropicBrew"},{"floor":46,"key":"LiquidBronze"}],"is_trial":false,"path_per_floor":["M","?","?","M","M","E","M","R","T","R","M","M","M","E","R","B",null,"M","?","?","M","$","R","M","R","T","M","M","R","M","M","R","B",null,"M","$","M","?","?","R","M","R","T","$","?","M","M","?","R","B"],"character_chosen":"THE_SILENT","items_purchased":["Tactician","Shuriken","Noxious Fumes","Panache"],"campfire_rested":3,"item_purchase_floors":[22,22,36,44],"current_hp_per_floor":[56,49,49,49,49,36,33,33,33,33,35,32,27,15,33,6,63,63,57,57,55,55,55,49,49,49,39,27,45,43,42,42,9,63,29,29,40,30,30,30,20,38,38,38,54,58,47,47,47,0],"gold":0,"neow_bonus":"THREE_RARE_CARDS","is_prod":false,"is_daily":false,"chose_seed":false,"campfire_upgraded":7,"win_rate":0,"timestamp":1544137335,"path_taken":["M","?","?","?","M","E","M","R","T","R","M","M","?","E","R","BOSS","M","?","?","M","$","R","M","R","T","M","M","R","M","M","R","BOSS","M","$","M","?","?","R","M","R","T","$","?","M","M","?","R","BOSS"],"build_version":"2018-11-15","purchased_purges":2,"victory":false,"max_hp_per_floor":[63,63,63,63,63,63,63,63,63,63,63,63,63,63,63,63,63,63,63,63,63,63,63,63,63,63,63,63,63,63,63,63,63,63,63,63,63,63,63,63,63,63,63,63,63,63,63,63,63,63],"card_choices":[{"not_picked":["Envenom","Glass Knife"],"picked":"Tools of the Trade","floor":0},{"not_picked":["Heel Hook","Quick Slash"],"picked":"Endless Agony","floor":1},{"not_picked":["Deadly Poison","Flechettes"],"picked":"Finisher","floor":4},{"not_picked":["Dodge and Roll","Sucker Punch"],"picked":"Tactician","floor":5},{"not_picked":["Phantasmal Killer","Storm of Steel"],"picked":"Predator","floor":6},{"not_picked":["Dodge and Roll","Deflect"],"picked":"Acrobatics","floor":7},{"not_picked":["Dodge and Roll","Cloak And Dagger"],"picked":"Backflip","floor":11},{"not_picked":["Distraction","Deflect","All Out Attack"],"picked":"SKIP","floor":12},{"not_picked":["Storm of Steel","Flechettes","Sucker Punch"],"picked":"SKIP","floor":13},{"not_picked":["Bane","Poisoned Stab"],"picked":"Choke","floor":14},{"not_picked":["Storm of Steel","Bullet Time"],"picked":"Malaise","floor":16},{"not_picked":["PiercingWail","Deflect"],"picked":"Acrobatics","floor":18},{"not_picked":["Dodge and Roll","Dash","Poisoned Stab"],"picked":"SKIP","floor":21},{"not_picked":["Backstab","Envenom"],"picked":"Escape Plan+1","floor":24},{"not_picked":["Infinite Blades+1","Heel Hook+1"],"picked":"Underhanded Strike+1","floor":27},{"not_picked":["Prepared","Reflex+1"],"picked":"Outmaneuver","floor":28},{"not_picked":["Setup+1","Underhanded Strike+1","Deflect"],"picked":"SKIP","floor":30},{"not_picked":["Accuracy","Infinite Blades+1","Acrobatics"],"picked":"SKIP","floor":31},{"not_picked":["Unload+1","Doppelganger"],"picked":"Burst","floor":33},{"not_picked":["Acrobatics+1","Concentrate+1"],"picked":"Well Laid Plans","floor":35},{"not_picked":["Prepared","Tactician+1"],"picked":"Calculated Gamble+1","floor":37},{"not_picked":["Violence","HandOfGreed+1"],"picked":"Secret Weapon","floor":39},{"not_picked":["Dodge and Roll","Choke+1"],"picked":"Footwork+1","floor":41},{"not_picked":["Acrobatics","Bane+1","Dagger Throw+1"],"picked":"SKIP","floor":46},{"not_picked":["Choke+1","Skewer+1","PiercingWail+1"],"picked":"SKIP","floor":47}],"player_experience":105631,"relics_obtained":[{"floor":6,"key":"Blood Vial"},{"floor":9,"key":"Bottled Lightning"},{"floor":14,"key":"Ornamental Fan"},{"floor":26,"key":"Molten Egg 2"},{"floor":38,"key":"FossilizedHelix"}],"event_choices":[{"damage_healed":0,"gold_gain":0,"player_choice":"Success","damage_taken":7,"relics_obtained":["Mercury Hourglass"],"max_hp_gain":0,"max_hp_loss":0,"event_name":"Scrap Ooze","floor":2,"gold_loss":0},{"damage_healed":0,"gold_gain":100,"player_choice":"Pray","damage_taken":0,"max_hp_gain":0,"max_hp_loss":0,"event_name":"Golden Shrine","floor":3,"gold_loss":0},{"damage_healed":0,"gold_gain":0,"player_choice":"Joined the Cult","damage_taken":6,"max_hp_gain":0,"max_hp_loss":0,"event_name":"Nest","floor":19,"gold_loss":0,"cards_obtained":["RitualDagger"]},{"damage_healed":0,"gold_gain":0,"player_choice":"Became a vampire (Vial)","damage_taken":0,"max_hp_gain":0,"max_hp_loss":0,"event_name":"Vampires","floor":20,"relics_lost":["Blood Vial"],"gold_loss":0,"cards_obtained":["Bite","Bite","Bite","Bite","Bite"]},{"damage_healed":0,"gold_gain":0,"player_choice":"Fight","damage_taken":0,"max_hp_gain":0,"max_hp_loss":0,"event_name":"Mysterious Sphere","floor":38,"gold_loss":0},{"damage_healed":0,"gold_gain":0,"player_choice":"Memory 1","damage_taken":0,"max_hp_gain":0,"max_hp_loss":0,"event_name":"SensoryStone","floor":39,"gold_loss":0},{"damage_healed":16,"gold_gain":0,"player_choice":"Writhe","damage_taken":0,"max_hp_gain":0,"max_hp_loss":0,"event_name":"Winding Halls","floor":45,"gold_loss":0,"cards_obtained":["Writhe"]},{"damage_healed":0,"gold_gain":0,"player_choice":"Paid","damage_taken":0,"relics_obtained":["Red Mask"],"max_hp_gain":0,"max_hp_loss":0,"event_name":"Tomb of Lord Red Mask","floor":48,"gold_loss":61}],"is_beta":false,"boss_relics":[{"not_picked":["Orrery","Snecko Eye"],"picked":"Astrolabe"},{"not_picked":["Runic Dome","White Beast Statue"],"picked":"HoveringKite"}],"items_purged_floors":[22,36],"is_endless":false,"potions_floor_spawned":[1,4,7,11,21,28,33,38,41,46],"killed_by":"Time Eater","ascension_level":0}