{"gold_per_floor":[109,109,41,116,135,135,153,153,153,153,172,172,207,220,220,341,341,364,364,168,93,93,93,117,117,117,117,142,142],"floor_reached":29,"playtime":814,"items_purged":["Strike_G"],"score":406,"play_id":"59f2d89a-87cc-48d7-8b72-b84a57491a86","local_time":"20190130220040","is_ascension_mode":true,"campfire_choices":[{"data":"Noxious Fumes","floor":6,"key":"SMITH"},{"data":"Catalyst","floor":10,"key":"SMITH"},{"floor":12,"key":"REST"},{"floor":15,"key":"REST"},{"data":"RitualDagger","floor":23,"key":"SMITH"},{"data":"Footwork","floor":25,"key":"SMITH"},{"data":"Corpse Explosion","floor":27,"key":"SMITH"}],"neow_cost":"NONE","seed_source_timestamp":1939297469347291,"circlet_count":0,"master_deck":["AscendersBane","Defend_G","Defend_G","Defend_G","Defend_G","Defend_G","Strike_G","Strike_G","Strike_G","Survivor","Neutralize","Catalyst+1","Dash","Cloak And Dagger","Noxious Fumes+1","Corpse Explosion+1","Terror","Deadly Poison","Accuracy","Corpse Explosion","RitualDagger+1","Footwork+1","Backflip","Writhe","Noxious Fumes"],"relics":["Orrery","Golden Idol","Pantograph","Regal Pillow","Sozu","Mango","Kunai"],"potions_floor_usage":[11,16,28],"damage_taken":[{"damage":0,"enemies":"2 Louse","floor":1,"turns":3},{"damage":4,"enemies":"Small Slimes","floor":5,"turns":4},{"damage":5,"enemies":"Jaw Worm","floor":7,"turns":5},{"damage":18,"enemies":"Gremlin Gang","floor":11,"turns":3},{"damage":9,"enemies":"Lagavulin","floor":13,"turns":5},{"damage":17,"enemies":"3 Louse","floor":14,"turns":2},{"damage":30,"enemies":"The Guardian","floor":16,"turns":8},{"damage":0,"enemies":"Spheric Guardian","floor":18,"turns":3},{"damage":14,"enemies":"Shell Parasite","floor":24,"turns":8},{"damage":30,"enemies":"Snecko","floor":28,"turns":6},{"damage":34,"enemies":"Chosen and Byrds","floor":29,"turns":5}],"seed_played":"-8675415129277659203","potions_obtained":[{"floor":5,"key":"Dexterity Potion"},{"floor":7,"key":"Ancient Potion"},{"floor":14,"key":"PowerPotion"}],"is_trial":false,"path_per_floor":["M","?","$","?","M","R","M","?","T","R","M","R","E","M","R","B",null,"M","?","$","?","?","R","M","R","T","R","M","M"],"character_chosen":"THE_SILENT","items_purchased":["Noxious Fumes","Footwork","Backflip"],"campfire_rested":2,"item_purchase_floors":[3,20,20],"current_hp_per_floor":[63,68,68,57,53,53,48,30,30,30,12,34,25,8,45,40,66,66,60,60,60,74,74,60,60,60,60,30,0],"gold":142,"neow_bonus":"BOSS_RELIC","is_prod":false,"is_daily":false,"chose_seed":false,"campfire_upgraded":5,"win_rate":0,"timestamp":1548914440,"path_taken":["M","?","$","?","M","R","M","?","T","R","?","R","E","?","R","BOSS","M","?","$","?","?","R","M","R","T","R","M","M"],"build_version":"2019-01-23","purchased_purges":1,"victory":false,"max_hp_per_floor":[70,75,75,75,75,75,75,75,75,75,75,75,75,75,75,75,75,75,75,75,75,89,89,89,89,89,89,89,89],"card_choices":[{"not_picked":["Prepared","Blade Dance"],"picked":"Catalyst","floor":0},{"not_picked":["Acrobatics","Riddle With Holes"],"picked":"Dash","floor":0},{"not_picked":["Bane","Skewer"],"picked":"Cloak And Dagger","floor":0},{"not_picked":["Distraction","Flying Knee","Outmaneuver"],"picked":"SKIP","floor":1},{"not_picked":["Masterful Stab","Bane"],"picked":"Corpse Explosion","floor":5},{"not_picked":["Masterful Stab","Outmaneuver"],"picked":"Terror","floor":7},{"not_picked":["Slice","Masterful Stab","Accuracy"],"picked":"SKIP","floor":11},{"not_picked":["Dagger Spray","Cloak And Dagger"],"picked":"Deadly Poison","floor":13},{"not_picked":["Slice","PiercingWail"],"picked":"Accuracy","floor":14},{"not_picked":["Night Terror","Grand Finale"],"picked":"Corpse Explosion","floor":16},{"not_picked":["Endless Agony+1","Deadly Poison","Quick Slash"],"picked":"SKIP","floor":18},{"not_picked":["PiercingWail+1","Dodge and Roll","All Out Attack"],"picked":"SKIP","floor":24},{"not_picked":["Dodge and Roll+1","Dagger Spray"],"picked":"Noxious Fumes","floor":28}],"player_experience":444004,"relics_obtained":[{"floor":9,"key":"Pantograph"},{"floor":13,"key":"Regal Pillow"},{"floor":26,"key":"Kunai"}],"event_choices":[{"damage_healed":0,"gold_gain":0,"player_choice":"Donut","damage_taken":0,"max_hp_gain":5,"max_hp_loss":0,"event_name":"Big Fish","floor":2,"gold_loss":0},{"damage_healed":0,"gold_gain":75,"player_choice":"Gather Gold","damage_taken":11,"max_hp_gain":0,"max_hp_loss":0,"event_name":"World of Goop","floor":4,"gold_loss":0},{"damage_healed":0,"gold_gain":0,"player_choice":"Take Damage","damage_taken":18,"relics_obtained":["Golden Idol"],"max_hp_gain":0,"max_hp_loss":0,"event_name":"Golden Idol","floor":8,"gold_loss":0},{"damage_healed":0,"gold_gain":0,"player_choice":"Joined the Cult","damage_taken":6,"max_hp_gain":0,"max_hp_loss":0,"event_name":"Nest","floor":19,"gold_loss":0,"cards_obtained":["RitualDagger"]},{"cards_removed":["Strike_G"],"damage_healed":0,"gold_gain":0,"player_choice":"Gave Gold","damage_taken":0,"max_hp_gain":0,"max_hp_loss":0,"event_name":"Beggar","floor":21,"gold_loss":75},{"damage_healed":0,"gold_gain":0,"player_choice":"Opened","damage_taken":0,"relics_obtained":["Mango"],"max_hp_gain":0,"max_hp_loss":0,"event_name":"The Mausoleum","floor":22,"gold_loss":0,"cards_obtained":["Writhe"]}],"is_beta":false,"boss_relics":[{"not_picked":["WristBlade","Busted Crown"],"picked":"Sozu"}],"items_purged_floors":[20],"is_endless":false,"potions_floor_spawned":[5,7,14,18,28],"killed_by":"Chosen and Byrds","ascension_level":11}