{"gold_per_floor":[113,132,147,19,34,34,44,44,116,133,147,5,5,38,38,140,140,158,158,158,170,189,189,200,200,226,237,237,237,251,280,280,378,378,389,389,409,425,8,8,28,41,41,41,41],"floor_reached":45,"playtime":4459,"items_purged":[],"score":466,"play_id":"ba69a125-c80b-4d46-9f39-88701b1e17b2","local_time":"20190614234346","is_ascension_mode":false,"campfire_choices":[{"floor":6,"key":"REST"},{"floor":13,"key":"REST"},{"floor":15,"key":"REST"},{"floor":23,"key":"REST"},{"floor":25,"key":"REST"},{"floor":32,"key":"REST"},{"floor":40,"key":"REST"}],"neow_cost":"NONE","seed_source_timestamp":34627953885800,"circlet_count":0,"master_deck":["Defend_G","Defend_G","Defend_G","Defend_G","Defend_G","Strike_G","Strike_G","Strike_G+1","Strike_G","Strike_G","Survivor","Neutralize","Glass Knife","Sucker Punch","Blade Dance","Deflect","Well Laid Plans","Flying Knee","Dodge and Roll","Underhanded Strike","PiercingWail","Backstab+1","After Image","Trip+1","Poisoned Stab","Escape Plan","Phantasmal Killer","Noxious Fumes","Prepared","Predator+1","All Out Attack","Venomology","RitualDagger","Dagger Spray+1","Wraith Form v2","Night Terror","Outmaneuver","RitualDagger","Riddle With Holes+1","Deflect+1","Slice","Jack Of All Trades","Metamorphosis","Choke+1","Dagger Throw+1"],"relics":["Ring of the Snake","Pantograph","Thread and Needle","Lizard Tail","Enchiridion","Whetstone","MutagenicStrength","Bag of Preparation","Black Star","Tough Bandages"],"potions_floor_usage":[16,16,24,30,30,33,33,33,37,38,42,42,45,45],"damage_taken":[{"damage":0,"enemies":"Small Slimes","floor":1,"turns":4},{"damage":0,"enemies":"Cultist","floor":2,"turns":3},{"damage":3,"enemies":"Jaw Worm","floor":3,"turns":4},{"damage":21,"enemies":"Gremlin Gang","floor":5,"turns":8},{"damage":10,"enemies":"Large Slime","floor":7,"turns":6},{"damage":5,"enemies":"3 Louse","floor":10,"turns":4},{"damage":0,"enemies":"Exordium Wildlife","floor":11,"turns":3},{"damage":22,"enemies":"Lagavulin","floor":14,"turns":7},{"damage":29,"enemies":"The Guardian","floor":16,"turns":18},{"damage":7,"enemies":"Chosen","floor":18,"turns":5},{"damage":2,"enemies":"Spheric Guardian","floor":21,"turns":5},{"damage":0,"enemies":"Centurion and Healer","floor":22,"turns":13},{"damage":8,"enemies":"Snecko","floor":24,"turns":5},{"damage":9,"enemies":"Snake Plant","floor":27,"turns":4},{"damage":0,"enemies":"3 Cultists","floor":30,"turns":4},{"damage":16,"enemies":"Slavers","floor":31,"turns":5},{"damage":32,"enemies":"Collector","floor":33,"turns":8},{"damage":18,"enemies":"3 Shapes","floor":35,"turns":3},{"damage":12,"enemies":"3 Darklings","floor":37,"turns":4},{"damage":23,"enemies":"Writhing Mass","floor":38,"turns":5},{"damage":24,"enemies":"Sphere and 2 Shapes","floor":41,"turns":4},{"damage":9,"enemies":"Jaw Worm Horde","floor":42,"turns":5},{"damage":50,"enemies":"Spire Growth","floor":45,"turns":5}],"seed_played":"8334411103636470432","potions_obtained":[{"floor":5,"key":"Swift Potion"},{"floor":7,"key":"SpeedPotion"},{"floor":8,"key":"LiquidBronze"},{"floor":14,"key":"Regen Potion"},{"floor":21,"key":"Poison Potion"},{"floor":22,"key":"AttackPotion"},{"floor":27,"key":"Strength Potion"},{"floor":30,"key":"PowerPotion"},{"floor":33,"key":"GhostInAJar"},{"floor":35,"key":"FearPotion"},{"floor":42,"key":"FearPotion"}],"is_trial":false,"path_per_floor":["M","M","M","$","M","R","M","?","T","M","M","$","R","E","R","B",null,"M","?","?","M","M","R","M","R","T","M","?","?","M","E","R","B",null,"M","?","M","M","$","R","M","M","T","?","M"],"character_chosen":"THE_SILENT","items_purchased":["Well Laid Plans","Flying Knee","Dodge and Roll","Trip","Poisoned Stab","Slice","Jack Of All Trades","Metamorphosis","Explosive Potion","Energy Potion"],"campfire_rested":7,"item_purchase_floors":[4,4,4,12,12,39,39,39,39,39],"current_hp_per_floor":[70,70,67,67,46,67,57,57,57,52,52,52,70,48,69,56,70,63,47,47,45,45,66,58,70,70,61,61,55,55,39,60,38,70,52,52,40,17,17,38,14,5,5,5,0],"gold":41,"neow_bonus":"ONE_RANDOM_RARE_CARD","is_prod":false,"is_daily":false,"chose_seed":false,"campfire_upgraded":0,"win_rate":0.0,"timestamp":1560552226,"path_taken":["M","M","M","$","M","R","M","?","T","M","?","$","R","E","R","BOSS","M","?","?","?","M","R","M","R","T","M","?","?","M","E","R","BOSS","M","?","M","M","$","R","?","M","T","?","M"],"build_version":"2019-01-23","purchased_purges":0,"victory":false,"max_hp_per_floor":[70,70,70,70,70,70,70,70,70,70,70,70,70,70,70,70,70,70,70,70,70,70,70,70,70,70,70,70,70,70,70,70,70,70,70,70,70,70,70,70,70,70,70,70,70],"card_choices":[{"not_picked":["Slice","Dagger Throw"],"picked":"Sucker Punch","floor":1},{"not_picked":["Reflex","Riddle With Holes"],"picked":"Blade Dance","floor":2},{"not_picked":["Choke","Outmaneuver"],"picked":"Deflect","floor":3},{"not_picked":["Sucker Punch","Deflect"],"picked":"Underhanded Strike","floor":5},{"not_picked":["Calculated Gamble","Outmaneuver"],"picked":"PiercingWail","floor":7},{"not_picked":["Dodge and Roll","Deflect"],"picked":"Backstab","floor":10},{"not_picked":["Sucker Punch","Dagger Throw"],"picked":"After Image","floor":11},{"not_picked":["Deflect","PiercingWail"],"picked":"Escape Plan","floor":14},{"not_picked":["Glass Knife","Unload"],"picked":"Phantasmal Killer","floor":16},{"not_picked":["Prepared","Masterful Stab+1"],"picked":"Noxious Fumes","floor":18},{"not_picked":["Blade Dance+1","Quick Slash"],"picked":"Prepared","floor":21},{"not_picked":["Dagger Spray","Footwork"],"picked":"Predator+1","floor":22},{"not_picked":["Flying Knee","Acrobatics+1"],"picked":"All Out Attack","floor":24},{"not_picked":["Quick Slash","Flying Knee"],"picked":"Venomology","floor":27},{"not_picked":["Quick Slash","Deadly Poison"],"picked":"Dagger Spray+1","floor":30},{"not_picked":["Quick Slash","Sucker Punch+1"],"picked":"Wraith Form v2","floor":31},{"not_picked":["Malaise","Unload"],"picked":"Night Terror","floor":33},{"not_picked":["Quick Slash","Eviscerate"],"picked":"Outmaneuver","floor":35},{"not_picked":["Dagger Spray","Quick Slash+1"],"picked":"Riddle With Holes+1","floor":37},{"not_picked":["Prepared+1","Leg Sweep"],"picked":"Deflect+1","floor":38},{"not_picked":["Skewer","Bouncing Flask+1"],"picked":"Choke+1","floor":41},{"not_picked":["Eviscerate+1","Infinite Blades"],"picked":"Dagger Throw+1","floor":42}],"player_experience":12507,"relics_obtained":[{"floor":9,"key":"Pantograph"},{"floor":14,"key":"Thread and Needle"},{"floor":19,"key":"Enchiridion"},{"floor":26,"key":"Whetstone"},{"floor":31,"key":"Bag of Preparation"},{"floor":43,"key":"Tough Bandages"}],"event_choices":[{"damage_healed":0,"gold_gain":0,"player_choice":"Got Potions","damage_taken":0,"max_hp_gain":0,"max_hp_loss":0,"event_name":"Lab","floor":8,"gold_loss":0},{"damage_healed":0,"gold_gain":0,"player_choice":"Obtained Book","damage_taken":16,"max_hp_gain":0,"max_hp_loss":0,"event_name":"Cursed Tome","floor":19,"gold_loss":0},{"damage_healed":0,"gold_gain":0,"player_choice":"Upgraded","damage_taken":0,"max_hp_gain":0,"max_hp_loss":0,"event_name":"Upgrade Shrine","floor":20,"gold_loss":0,"cards_upgraded":["Trip"]},{"damage_healed":0,"gold_gain":0,"player_choice":"Inject Mutagens","damage_taken":0,"relics_obtained":["MutagenicStrength"],"max_hp_gain":0,"max_hp_loss":0,"event_name":"Drug Dealer","floor":28,"gold_loss":0},{"damage_healed":0,"gold_gain":0,"player_choice":"Joined the Cult","damage_taken":6,"max_hp_gain":0,"max_hp_loss":0,"event_name":"Nest","floor":29,"gold_loss":0,"cards_obtained":["RitualDagger"]},{"damage_healed":0,"gold_gain":0,"player_choice":"Copied","damage_taken":0,"max_hp_gain":0,"max_hp_loss":0,"event_name":"Duplicator","floor":36,"gold_loss":0,"cards_obtained":["RitualDagger"]},{"damage_healed":0,"gold_gain":0,"player_choice":"Ignored","damage_taken":0,"max_hp_gain":0,"max_hp_loss":0,"event_name":"Mysterious Sphere","floor":44,"gold_loss":0}],"is_beta":false,"boss_relics":[{"not_picked":["Runic Dome","Velvet Choker"],"picked":"Lizard Tail"},{"not_picked":["Astrolabe","Orrery"],"picked":"Black Star"}],"items_purged_floors":[],"is_endless":false,"potions_floor_spawned":[5,7,10,14,21,22,27,30,33,35,42],"killed_by":"Spire Growth","ascension_level":0}