{"gold_per_floor":[115,265,284,15,28,28,53,53,78,92,106,121,176,194,194,269,269,288,10,10,10,21,21,41,41,110,141,151,151,66,97,97,174,174,184,203,203,0,0,0,32,42,42,42,53,64,164,184,184,184],"floor_reached":51,"playtime":6040,"items_purged":["Doubt","Eviscerate"],"score":1263,"play_id":"ddaebdfb-0316-4697-a1e6-e77b5a3a0303","local_time":"20190605010805","is_ascension_mode":true,"campfire_choices":[{"data":"Crippling Poison","floor":6.0,"key":"SMITH"},{"data":"Footwork","floor":8.0,"key":"SMITH"},{"floor":15.0,"key":"REST"},{"data":"Crippling Poison","floor":23.0,"key":"SMITH"},{"data":"Corpse Explosion","floor":25,"key":"SMITH"},{"floor":32,"key":"REST"},{"data":"Noxious Fumes","floor":40,"key":"SMITH"},{"floor":44,"key":"REST"},{"floor":49,"key":"REST"}],"neow_cost":"NONE","seed_source_timestamp":1744070058835830,"circlet_count":0,"master_deck":["AscendersBane","Survivor","Neutralize+1","Dash","Footwork+1","Crippling Poison+1","Crippling Poison+1","Deflect","Escape Plan","Deadly Poison","Dagger Spray","Escape Plan","Backflip","Venomology","Blade Dance","Backstab","Deadly Poison","Quick Slash","Corpse Explosion+1","Poisoned Stab","Malaise","Expertise","Deflect","Blur","Cloak And Dagger","Cloak And Dagger","Noxious Fumes+1","Acrobatics","Adrenaline+1","Leg Sweep","PiercingWail","Enlightenment","Finesse","After Image","Concentrate","Noxious Fumes","Escape Plan"],"special_seed":0,"relics":["Ring of the Snake","Vajra","Smiling Mask","Matryoshka","Pandora\u0027s Box","PreservedInsect","Mummified Hand","Potion Belt","Darkstone Periapt","Peace Pipe","Runic Pyramid","Red Mask","Mercury Hourglass","Art of War","Blue Candle","Dead Branch"],"potions_floor_usage":[24,27,28,33,33,33,36,41,41,46,47,48,50,50,50],"damage_taken":[{"damage":1.0,"enemies":"2 Louse","floor":1.0,"turns":4.0},{"damage":1.0,"enemies":"Small Slimes","floor":3.0,"turns":5.0},{"damage":4.0,"enemies":"Cultist","floor":5.0,"turns":4.0},{"damage":13.0,"enemies":"3 Sentries","floor":7.0,"turns":10.0},{"damage":4.0,"enemies":"Lots of Slimes","floor":10.0,"turns":3.0},{"damage":3.0,"enemies":"Looter","floor":11.0,"turns":3.0},{"damage":4.0,"enemies":"Large Slime","floor":12.0,"turns":6.0},{"damage":8.0,"enemies":"3 Sentries","floor":13.0,"turns":4.0},{"damage":0.0,"enemies":"Red Slaver","floor":14.0,"turns":4.0},{"damage":37.0,"enemies":"Slime Boss","floor":16.0,"turns":11.0},{"damage":26.0,"enemies":"Spheric Guardian","floor":18.0,"turns":6.0},{"damage":0.0,"enemies":"Chosen","floor":22.0,"turns":5.0},{"damage":6,"enemies":"Shelled Parasite and Fungi","floor":24,"turns":8},{"damage":3,"enemies":"Slavers","floor":27,"turns":5},{"damage":20,"enemies":"Chosen and Byrds","floor":28,"turns":8},{"damage":9,"enemies":"Book of Stabbing","floor":31,"turns":7},{"damage":34,"enemies":"Collector","floor":33,"turns":10},{"damage":10,"enemies":"3 Shapes","floor":35,"turns":4},{"damage":8,"enemies":"Orb Walker","floor":36,"turns":4},{"damage":12,"enemies":"Giant Head","floor":41,"turns":9},{"damage":0,"enemies":"Maw","floor":42,"turns":8},{"damage":2,"enemies":"Jaw Worm Horde","floor":45,"turns":3},{"damage":4,"enemies":"Sphere and 2 Shapes","floor":46,"turns":4},{"damage":0,"enemies":"Mind Bloom Boss Battle","floor":47,"turns":7},{"damage":6,"enemies":"Spire Growth","floor":48,"turns":5},{"damage":18,"enemies":"Time Eater","floor":50,"turns":14}],"seed_played":"-8696347661782439045","potions_obtained":[{"floor":13.0,"key":"Fire Potion"},{"floor":14.0,"key":"Strength Potion"},{"floor":16.0,"key":"Fruit Juice"},{"floor":18.0,"key":"AttackPotion"},{"floor":22.0,"key":"Dexterity Potion"},{"floor":31,"key":"Ancient Potion"},{"floor":36,"key":"SkillPotion"},{"floor":46,"key":"Poison Potion"},{"floor":47,"key":"Weak Potion"}],"is_trial":false,"path_per_floor":["M","?","M","$","M","R","E","R","T","M","M","M","?","M","R","B",null,"M","$","?","$","M","R","M","R","T","E","M","?","?","E","R","B",null,"M","M","?","?","?","R","E","M","T","R","M","M","?","M","R","B",null],"character_chosen":"THE_SILENT","items_purchased":["Crippling Poison","FearPotion","SkillPotion","Blur","Cloak And Dagger","GhostInAJar"],"campfire_rested":4,"item_purchase_floors":[4,4,4,19,19,19],"current_hp_per_floor":[58,58,57,57,53,53,40,40,40,36,33,29,21,21,40,8,55,29,29,81,81,81,81,75,75,75,72,52,52,52,43,67,33,69,59,51,41,41,41,41,29,29,29,53,51,47,47,41,65,47],"gold":184,"neow_bonus":"UPGRADE_CARD","is_prod":false,"is_daily":false,"chose_seed":false,"campfire_upgraded":5,"win_rate":0,"timestamp":1559689685,"path_taken":["M","?","M","$","M","R","E","R","T","M","M","M","?","M","R","BOSS","M","$","?","$","?","R","M","R","T","E","?","?","?","E","R","BOSS","M","M","?","?","?","R","E","M","T","R","?","M","?","M","R","BOSS"],"build_version":"2019-01-23","purchased_purges":2,"victory":true,"max_hp_per_floor":[66,66,66,66,66,66,66,66,66,66,66,66,66,66,66,71,71,71,71,81,81,81,81,81,81,81,81,81,81,81,81,81,81,81,81,81,81,81,81,81,81,81,81,81,81,81,81,81,81,81],"card_choices":[{"not_picked":["Prepared","Dagger Throw"],"picked":"Dash","floor":1.0},{"not_picked":["Deflect","Poisoned Stab"],"picked":"Footwork","floor":3.0},{"not_picked":["Caltrops","Underhanded Strike"],"picked":"Crippling Poison","floor":5.0},{"not_picked":["Underhanded Strike","Flying Knee"],"picked":"Deflect","floor":7.0},{"not_picked":["Flying Knee","Tools of the Trade"],"picked":"Escape Plan","floor":10.0},{"not_picked":["Dagger Throw","Quick Slash"],"picked":"Deadly Poison","floor":11.0},{"not_picked":["Sucker Punch","Acrobatics"],"picked":"Dagger Spray","floor":12.0},{"not_picked":["Accuracy","Deadly Poison"],"picked":"Escape Plan","floor":13.0},{"not_picked":["Underhanded Strike","Dagger Spray"],"picked":"Backflip","floor":14.0},{"not_picked":["Phantasmal Killer","Grand Finale"],"picked":"Venomology","floor":16.0},{"not_picked":["Dagger Spray","Prepared"],"picked":"Deflect","floor":18.0},{"not_picked":["Slice","Accuracy"],"picked":"Cloak And Dagger","floor":22.0},{"not_picked":["Poisoned Stab","Calculated Gamble","Eviscerate"],"picked":"SKIP","floor":24},{"not_picked":["Blade Dance","Flechettes+1","Acrobatics"],"picked":"SKIP","floor":27},{"not_picked":["Prepared","Dagger Spray"],"picked":"Noxious Fumes","floor":28},{"not_picked":["Reflex","Sucker Punch"],"picked":"Acrobatics","floor":31},{"not_picked":["Corpse Explosion","Tools of the Trade"],"picked":"Adrenaline","floor":33},{"not_picked":["Dodge and Roll","Finisher+1"],"picked":"Leg Sweep","floor":35},{"not_picked":["Well Laid Plans","Flying Knee"],"picked":"PiercingWail","floor":36},{"not_picked":["Impatience","Purity"],"picked":"Enlightenment","floor":37},{"not_picked":["Mind Blast","Panacea"],"picked":"Finesse","floor":37},{"not_picked":["Concentrate","Dagger Spray"],"picked":"After Image","floor":41},{"not_picked":["Quick Slash+1","Flying Knee","Leg Sweep"],"picked":"SKIP","floor":42},{"not_picked":["Dodge and Roll+1","Dagger Spray"],"picked":"Concentrate","floor":45},{"not_picked":["Flechettes","Tactician"],"picked":"Noxious Fumes","floor":46},{"not_picked":["Deadly Poison","Riddle With Holes+1"],"picked":"Escape Plan","floor":47},{"not_picked":["Sucker Punch","Slice+1","Dodge and Roll"],"picked":"SKIP","floor":48}],"player_experience":794270,"relics_obtained":[{"floor":7.0,"key":"Vajra"},{"floor":9.0,"key":"Smiling Mask"},{"floor":13.0,"key":"Matryoshka"},{"floor":26,"key":"PreservedInsect"},{"floor":26,"key":"Mummified Hand"},{"floor":27,"key":"Potion Belt"},{"floor":31,"key":"Peace Pipe"},{"floor":41,"key":"Mercury Hourglass"},{"floor":43,"key":"Art of War"},{"floor":43,"key":"Blue Candle"},{"floor":47,"key":"Dead Branch"}],"event_choices":[{"damage_healed":0.0,"max_hp_gain":0.0,"max_hp_loss":0.0,"gold_gain":150.0,"event_name":"Liars Game","player_choice":"AGREE","floor":2.0,"gold_loss":0.0,"damage_taken":0.0,"cards_obtained":["Doubt"]},{"damage_healed":0.0,"max_hp_gain":0.0,"max_hp_loss":0.0,"gold_gain":30.0,"event_name":"Dead Adventurer","player_choice":"Searched \u00272\u0027 times","floor":13.0,"gold_loss":0.0,"damage_taken":0.0},{"cards_removed":["Storm of Steel"],"damage_healed":42.0,"max_hp_gain":10.0,"max_hp_loss":0.0,"gold_gain":0.0,"event_name":"Bonfire Elementals","player_choice":"Offered Rare","floor":20.0,"gold_loss":0.0,"damage_taken":0.0},{"damage_healed":0,"gold_gain":0,"player_choice":"Ignored","damage_taken":0,"max_hp_gain":0,"max_hp_loss":0,"event_name":"Vampires","floor":29,"gold_loss":0},{"damage_healed":0,"gold_gain":0,"player_choice":"Obtained Relic","damage_taken":0,"relics_obtained":["Darkstone Periapt"],"max_hp_gain":0,"max_hp_loss":0,"event_name":"Addict","floor":30,"gold_loss":85},{"damage_healed":0,"gold_gain":0,"player_choice":"Memory 3","damage_taken":10,"max_hp_gain":0,"max_hp_loss":0,"event_name":"SensoryStone","floor":37,"gold_loss":0},{"damage_healed":0,"gold_gain":0,"player_choice":"Paid","damage_taken":0,"relics_obtained":["Red Mask"],"max_hp_gain":0,"max_hp_loss":0,"event_name":"Tomb of Lord Red Mask","floor":38,"gold_loss":203},{"damage_healed":0,"gold_gain":0,"player_choice":"Forge","damage_taken":0,"max_hp_gain":0,"max_hp_loss":0,"event_name":"Accursed Blacksmith","floor":39,"gold_loss":0,"cards_upgraded":["Adrenaline"]},{"damage_healed":0,"gold_gain":0,"player_choice":"Fight","damage_taken":0,"max_hp_gain":0,"max_hp_loss":0,"event_name":"MindBloom","floor":47,"gold_loss":0}],"is_beta":false,"boss_relics":[{"not_picked":["Sozu","Eternal Feather"],"picked":"Pandora\u0027s Box"},{"not_picked":["Coffee Dripper","Astrolabe"],"picked":"Runic Pyramid"}],"items_purged_floors":[4,19],"is_endless":false,"potions_floor_spawned":[7,11,13,14,16,18,22,31,36,46,47],"ascension_level":17}