{"gold_per_floor":[414,429,104,119,119,157,157,15,65,84,103,122,88,107,107,232,232,281,281,281,281,31,31,69,69,69,88,126,126,164,195,207,344,356,387,399,171,101,101,101,139,139,139,177,196,196,215,253,253,253],"floor_reached":51,"playtime":2638,"items_purged":["Strike_G"],"score":916,"play_id":"31206c68-67ea-4424-9bcb-1a2af5a2c76e","local_time":"20190523221345","daily_mods":["Heirloom","Vintage","DeadlyEvents"],"is_ascension_mode":false,"campfire_choices":[{"floor":15,"key":"REST"},{"data":"RitualDagger","floor":23,"key":"SMITH"},{"floor":25,"key":"REST"},{"floor":29,"key":"REST"},{"data":"Cloak And Dagger","floor":32,"key":"SMITH"},{"data":"Infinite Blades","floor":40,"key":"SMITH"},{"floor":42,"key":"REST"},{"data":"Infinite Blades","floor":46,"key":"SMITH"},{"data":"Catalyst","floor":49,"key":"SMITH"}],"neow_cost":"","seed_source_timestamp":0,"circlet_count":0,"master_deck":["Defend_G","Defend_G","Defend_G","Defend_G","Defend_G","Strike_G","Strike_G+1","Strike_G","Survivor","Neutralize+1","Terror","After Image","All Out Attack","Corpse Explosion","Doubt","RitualDagger+1","Infinite Blades+1","Catalyst+1","Cloak And Dagger+1","Bullet Time","Deadly Poison","Dash","Infinite Blades+1","Cloak And Dagger+1","Writhe","Bouncing Flask+1"],"special_seed":18040,"relics":["Ring of the Snake","Old Coin","Singing Bowl","Bottled Flame","Mummified Hand","Gremlin Horn","Golden Idol","Potion Belt","Blood Vial","Whetstone","Sundial","Bottled Tornado","Omamori","Calling Bell","Art of War","Paper Crane","Thread and Needle","Tiny Chest","Ninja Scroll","Shuriken","Ancient Tea Set","Dodecahedron","Du-Vu Doll","Blue Candle","MawBank","StoneCalendar","Cursed Key","Anchor","Oddly Smooth Stone","Toxic Egg 2","Kunai","Bag of Preparation","Ornamental Fan","Regal Pillow","Snake Skull"],"potions_floor_usage":[6,10,14,14,16,30,50,50,50,50],"damage_taken":[{"damage":6,"enemies":"2 Louse","floor":1,"turns":3},{"damage":2,"enemies":"Small Slimes","floor":2,"turns":4},{"damage":5,"enemies":"Cultist","floor":4,"turns":5},{"damage":33,"enemies":"3 Sentries","floor":6,"turns":13},{"damage":4,"enemies":"Large Slime","floor":10,"turns":5},{"damage":4,"enemies":"Blue Slaver","floor":11,"turns":3},{"damage":0,"enemies":"2 Fungi Beasts","floor":12,"turns":4},{"damage":0,"enemies":"Gremlin Gang","floor":14,"turns":5},{"damage":18,"enemies":"The Guardian","floor":16,"turns":17},{"damage":15,"enemies":"Spheric Guardian","floor":18,"turns":8},{"damage":18,"enemies":"Slavers","floor":24,"turns":2},{"damage":1,"enemies":"Shell Parasite","floor":27,"turns":4},{"damage":23,"enemies":"Book of Stabbing","floor":28,"turns":6},{"damage":16,"enemies":"Gremlin Leader","floor":30,"turns":6},{"damage":0,"enemies":"Centurion and Healer","floor":31,"turns":4},{"damage":5,"enemies":"Champ","floor":33,"turns":8},{"damage":0,"enemies":"3 Darklings","floor":35,"turns":2},{"damage":23,"enemies":"Nemesis","floor":41,"turns":7},{"damage":6,"enemies":"Reptomancer","floor":44,"turns":4},{"damage":1,"enemies":"Orb Walker","floor":45,"turns":2},{"damage":1,"enemies":"4 Shapes","floor":47,"turns":4},{"damage":0,"enemies":"Giant Head","floor":48,"turns":6},{"damage":30,"enemies":"Awakened One","floor":50,"turns":9}],"seed_played":"8609571646194855566","potions_obtained":[{"floor":2,"key":"GhostInAJar"},{"floor":6,"key":"Poison Potion"},{"floor":10,"key":"PowerPotion"},{"floor":14,"key":"Block Potion"},{"floor":27,"key":"Energy Potion"},{"floor":28,"key":"SkillPotion"},{"floor":33,"key":"EssenceOfSteel"},{"floor":35,"key":"Dexterity Potion"},{"floor":44,"key":"LiquidBronze"},{"floor":45,"key":"SteroidPotion"}],"is_trial":false,"path_per_floor":["M","M","$","M","?","E","?","$","T","M","M","M","?","M","R","B",null,"M","?","?","T","$","R","E","R","T","M","E","R","E","M","R","B",null,"M","?","$","$","?","R","E","R","T","E","M","R","M","E","R","B",null],"character_chosen":"THE_SILENT","items_purchased":["Mummified Hand","All Out Attack","Regen Potion","Shuriken","Oddly Smooth Stone","Deadly Poison","Dash","Infinite Blades"],"campfire_rested":4,"item_purchase_floors":[3,8,8,22,37,37,37,38],"current_hp_per_floor":[64,62,62,57,40,7,7,7,7,19,17,19,19,21,42,26,70,55,49,49,49,49,49,33,54,54,55,34,55,41,43,43,40,70,70,66,66,66,60,60,39,58,58,54,55,55,56,60,60,32],"gold":253,"neow_bonus":"","is_prod":false,"is_daily":true,"chose_seed":false,"campfire_upgraded":5,"win_rate":0,"timestamp":1558674825,"path_taken":["M","M","$","M","?","E","?","$","T","M","M","M","?","M","R","BOSS","M","?","?","?","$","R","?","R","T","M","?","R","E","M","R","BOSS","M","?","?","$","?","R","?","R","T","?","M","R","M","E","R","BOSS"],"build_version":"2019-01-23","purchased_purges":1,"victory":true,"max_hp_per_floor":[70,70,70,70,70,70,70,70,70,70,70,70,70,70,70,70,70,70,70,70,70,70,70,70,70,70,70,70,70,70,70,70,70,70,70,66,66,66,66,66,66,66,66,66,66,66,66,68,68,68],"card_choices":[{"not_picked":["Cloak And Dagger","Backflip"],"picked":"Terror","floor":6},{"not_picked":["Doppelganger","After Image"],"picked":"Corpse Explosion","floor":16},{"not_picked":["Catalyst","All Out Attack"],"picked":"Infinite Blades","floor":24},{"not_picked":["Outmaneuver","Bane"],"picked":"Catalyst","floor":28},{"not_picked":["Prepared","Underhanded Strike"],"picked":"Cloak And Dagger","floor":30},{"not_picked":["Envenom","Glass Knife"],"picked":"Bullet Time","floor":33},{"not_picked":["Backstab+1","Underhanded Strike+1"],"picked":"Cloak And Dagger+1","floor":41},{"not_picked":["Deflect+1","Slice"],"picked":"Bouncing Flask+1","floor":44},{"not_picked":["Riddle With Holes+1","Dodge and Roll+1","Underhanded Strike+1"],"picked":"Singing Bowl","floor":48}],"player_experience":603625,"relics_obtained":[{"floor":1,"key":"Singing Bowl"},{"floor":2,"key":"Bottled Flame"},{"floor":4,"key":"Gremlin Horn"},{"floor":6,"key":"Potion Belt"},{"floor":9,"key":"Blood Vial"},{"floor":10,"key":"Whetstone"},{"floor":11,"key":"Sundial"},{"floor":12,"key":"Bottled Tornado"},{"floor":14,"key":"Omamori"},{"floor":17,"key":"Art of War"},{"floor":17,"key":"Paper Crane"},{"floor":17,"key":"Thread and Needle"},{"floor":18,"key":"Tiny Chest"},{"floor":21,"key":"Ninja Scroll"},{"floor":24,"key":"Ancient Tea Set"},{"floor":26,"key":"Dodecahedron"},{"floor":27,"key":"Du-Vu Doll"},{"floor":28,"key":"Blue Candle"},{"floor":30,"key":"MawBank"},{"floor":31,"key":"StoneCalendar"},{"floor":35,"key":"Anchor"},{"floor":41,"key":"Toxic Egg 2"},{"floor":43,"key":"Kunai"},{"floor":44,"key":"Bag of Preparation"},{"floor":45,"key":"Ornamental Fan"},{"floor":47,"key":"Regal Pillow"},{"floor":48,"key":"Snake Skull"}],"event_choices":[{"damage_healed":0,"gold_gain":0,"player_choice":"Take Damage","damage_taken":17,"relics_obtained":["Golden Idol"],"max_hp_gain":0,"max_hp_loss":0,"event_name":"Golden Idol","floor":5,"gold_loss":0},{"damage_healed":0,"gold_gain":0,"cards_transformed":["Strike_G"],"player_choice":"Change","damage_taken":0,"max_hp_gain":0,"max_hp_loss":0,"event_name":"Living Wall","floor":7,"gold_loss":0,"cards_obtained":["After Image"]},{"damage_healed":0,"gold_gain":0,"player_choice":"Left Gold","damage_taken":0,"max_hp_gain":0,"max_hp_loss":0,"event_name":"World of Goop","floor":13,"gold_loss":34},{"damage_healed":0,"gold_gain":0,"player_choice":"Joined the Cult","damage_taken":6,"max_hp_gain":0,"max_hp_loss":0,"event_name":"Nest","floor":19,"gold_loss":0,"cards_obtained":["RitualDagger"]},{"damage_healed":0,"gold_gain":0,"player_choice":"Ignored","damage_taken":0,"max_hp_gain":0,"max_hp_loss":0,"event_name":"Ghosts","floor":20,"gold_loss":0},{"damage_healed":0,"gold_gain":0,"player_choice":"Max HP","damage_taken":0,"max_hp_gain":0,"max_hp_loss":4,"event_name":"Winding Halls","floor":36,"gold_loss":0},{"damage_healed":0,"gold_gain":0,"player_choice":"Damaged","damage_taken":6,"max_hp_gain":0,"max_hp_loss":0,"event_name":"Wheel of Change","floor":39,"gold_loss":0}],"is_beta":false,"boss_relics":[{"not_picked":["Eternal Feather","Sozu"],"picked":"Calling Bell"},{"not_picked":["White Beast Statue","Runic Pyramid"],"picked":"Cursed Key"}],"items_purged_floors":[3],"is_endless":false,"potions_floor_spawned":[2,6,10,14,27,28,33,35,44,45,48],"ascension_level":0}