{"gold_per_floor":[111,111,130,22,22,22,49,49,94,107,130,149,184,184],"floor_reached":14,"playtime":578,"items_purged":[],"score":176,"play_id":"dcba4520-8821-4109-a1aa-302057171c03","local_time":"20190604130226","is_ascension_mode":true,"campfire_choices":[{"floor":6,"key":"REST"},{"data":"Defragment","floor":8,"key":"SMITH"}],"neow_cost":"TEN_PERCENT_HP_LOSS","seed_source_timestamp":1706055615510082,"circlet_count":0,"master_deck":["AscendersBane","Strike_B+1","Strike_B+1","Defend_B","Defend_B","Defend_B","Defend_B","Zap","Dualcast","Compile Driver","Defragment+1","Conserve Battery","Coolheaded","Coolheaded","Defragment","Lockon"],"relics":["Cracked Core","Dodecahedron","Golden Idol","Ancient Tea Set","Whetstone","Boot"],"potions_floor_usage":[13,13],"damage_taken":[{"damage":4,"enemies":"Jaw Worm","floor":1,"turns":4},{"damage":4,"enemies":"Small Slimes","floor":3,"turns":3},{"damage":0,"enemies":"2 Louse","floor":10,"turns":2},{"damage":8,"enemies":"Blue Slaver","floor":11,"turns":3},{"damage":8,"enemies":"Gremlin Gang","floor":12,"turns":7},{"damage":18,"enemies":"Gremlin Nob","floor":13,"turns":4},{"damage":1,"enemies":"Red Slaver","floor":14,"turns":2}],"seed_played":"-8017396561883540914","potions_obtained":[{"floor":11,"key":"Ancient Potion"},{"floor":12,"key":"SkillPotion"}],"is_trial":false,"path_per_floor":["M","?","M","$","?","R","T","R","T","M","M","M","E","M"],"character_chosen":"DEFECT","items_purchased":["Conserve Battery","PowerPotion"],"campfire_rested":1,"item_purchase_floors":[4,4],"current_hp_per_floor":[60,42,38,38,16,35,35,35,35,35,27,19,1,0],"gold":184,"neow_bonus":"REMOVE_TWO","is_prod":false,"is_daily":false,"chose_seed":false,"campfire_upgraded":1,"win_rate":0,"timestamp":1559646146,"path_taken":["M","?","M","$","?","R","?","R","T","M","M","M","E","M"],"build_version":"2019-01-23","purchased_purges":0,"victory":false,"max_hp_per_floor":[64,64,64,64,64,64,64,64,64,64,64,64,64,64],"card_choices":[{"not_picked":["Barrage","Recycle"],"picked":"Compile Driver","floor":1},{"not_picked":["Coolheaded","Chaos"],"picked":"Defragment","floor":3},{"not_picked":["Hologram","Sweeping Beam"],"picked":"Coolheaded","floor":10},{"not_picked":["Hologram","Go for the Eyes"],"picked":"Coolheaded","floor":11},{"not_picked":["Coolheaded","All For One"],"picked":"Defragment","floor":12},{"not_picked":["Fission","Streamline"],"picked":"Lockon","floor":13}],"player_experience":792136,"relics_obtained":[{"floor":7,"key":"Ancient Tea Set"},{"floor":9,"key":"Whetstone"},{"floor":13,"key":"Boot"}],"event_choices":[{"damage_healed":0,"gold_gain":0,"player_choice":"Success","damage_taken":18,"relics_obtained":["Dodecahedron"],"max_hp_gain":0,"max_hp_loss":0,"event_name":"Scrap Ooze","floor":2,"gold_loss":0},{"damage_healed":0,"gold_gain":0,"player_choice":"Take Damage","damage_taken":22,"relics_obtained":["Golden Idol"],"max_hp_gain":0,"max_hp_loss":0,"event_name":"Golden Idol","floor":5,"gold_loss":0}],"is_beta":false,"boss_relics":[],"items_purged_floors":[],"is_endless":false,"potions_floor_spawned":[11,12],"killed_by":"Red Slaver","ascension_level":19}