{"gold_per_floor":[115,128,148,168,132,132,144,144,144,144,144,144,222,240,240,338,338,278,295,313,313],"floor_reached":21,"playtime":1635,"items_purged":[],"score":171,"play_id":"a7e249df-88fd-4d66-bd54-55e3c966b307","local_time":"20190616173628","is_ascension_mode":false,"campfire_choices":[{"data":"Redo","floor":6,"key":"SMITH"},{"data":"Zap","floor":8,"key":"SMITH"},{"data":"Stack","floor":15,"key":"SMITH"}],"neow_cost":"NONE","seed_source_timestamp":18361912291000,"circlet_count":0,"master_deck":["Strike_B","Strike_B","Strike_B","Strike_B","Defend_B","Defend_B","Defend_B","Defend_B","Zap+1","Dualcast","Beam Cell","Coolheaded","Redo+1","Stack+1","Leap","Rebound+1","Buffer","Capacitor","Sweeping Beam+1","Steam"],"relics":["Cracked Core","NeowsBlessing","Ornamental Fan","Molten Egg 2","Bottled Lightning","White Beast Statue"],"potions_floor_usage":[14,16,20,20,21],"damage_taken":[{"damage":0,"enemies":"2 Louse","floor":1,"turns":1},{"damage":0,"enemies":"Small Slimes","floor":2,"turns":1},{"damage":0,"enemies":"Cultist","floor":3,"turns":1},{"damage":2,"enemies":"Blue Slaver","floor":4,"turns":5},{"damage":0,"enemies":"Large Slime","floor":7,"turns":6},{"damage":0,"enemies":"Exordium Thugs","floor":14,"turns":5},{"damage":48,"enemies":"The Guardian","floor":16,"turns":19},{"damage":16,"enemies":"2 Thieves","floor":18,"turns":4},{"damage":5,"enemies":"3 Byrds","floor":19,"turns":7},{"damage":26,"enemies":"Centurion and Healer","floor":20,"turns":15},{"damage":32,"enemies":"3 Cultists","floor":21,"turns":4}],"seed_played":"214487088067014948","potions_obtained":[{"floor":3,"key":"Explosive Potion"},{"floor":14,"key":"Swift Potion"},{"floor":18,"key":"Strength Potion"},{"floor":19,"key":"EssenceOfSteel"},{"floor":20,"key":"SneckoOil"}],"is_trial":false,"path_per_floor":["M","M","M","M","?","R","M","R","T","?","?","T","T","M","R","B",null,"M","M","M","M"],"character_chosen":"DEFECT","items_purchased":[],"campfire_rested":0,"item_purchase_floors":[],"current_hp_per_floor":[75,75,75,73,73,73,73,73,73,73,73,73,73,73,73,25,75,59,54,28,0],"gold":313,"neow_bonus":"THREE_ENEMY_KILL","is_prod":false,"is_daily":false,"chose_seed":false,"campfire_upgraded":3,"win_rate":0.0,"timestamp":1560702988,"path_taken":["M","M","M","M","?","R","M","R","T","?","?","?","?","M","R","BOSS","M","M","M","M"],"build_version":"2019-01-23","purchased_purges":0,"victory":false,"max_hp_per_floor":[75,75,75,75,75,75,75,75,75,75,75,75,75,75,75,75,75,75,75,75,75],"card_choices":[{"not_picked":["Turbo","White Noise"],"picked":"Beam Cell","floor":1},{"not_picked":["Compile Driver","Leap"],"picked":"Coolheaded","floor":2},{"not_picked":["Coolheaded","Thunder Strike"],"picked":"Redo","floor":3},{"not_picked":["Consume","Beam Cell"],"picked":"Stack","floor":4},{"not_picked":["Beam Cell","Skim"],"picked":"Leap","floor":7},{"not_picked":["Steam","Hologram"],"picked":"Rebound+1","floor":14},{"not_picked":["Thunder Strike+1","Amplify"],"picked":"Buffer","floor":16},{"not_picked":["Turbo","Rebound+1"],"picked":"Capacitor","floor":18},{"not_picked":["Go for the Eyes+1","Steam"],"picked":"Sweeping Beam+1","floor":19},{"not_picked":["Tempest","Rainbow"],"picked":"Steam","floor":20}],"player_experience":70305,"relics_obtained":[{"floor":9,"key":"Ornamental Fan"},{"floor":12,"key":"Molten Egg 2"},{"floor":13,"key":"Bottled Lightning"}],"event_choices":[{"damage_healed":0,"gold_gain":0,"player_choice":"Left Gold","damage_taken":0,"max_hp_gain":0,"max_hp_loss":0,"event_name":"World of Goop","floor":5,"gold_loss":36},{"damage_healed":0,"gold_gain":0,"player_choice":"Searched \u00270\u0027 times","damage_taken":0,"max_hp_gain":0,"max_hp_loss":0,"event_name":"Dead Adventurer","floor":10,"gold_loss":0},{"damage_healed":0,"gold_gain":0,"player_choice":"Leave","damage_taken":0,"max_hp_gain":0,"max_hp_loss":0,"event_name":"The Cleric","floor":11,"gold_loss":0}],"is_beta":false,"boss_relics":[{"not_picked":["Runic Pyramid","Coffee Dripper"],"picked":"White Beast Statue"}],"items_purged_floors":[],"is_endless":false,"potions_floor_spawned":[3,14,18,19,20],"killed_by":"3 Cultists","ascension_level":0}