{"gold_per_floor":[118,138,55,72,72,97,97,109,109,109,143,159,309,340,340,340],"floor_reached":16,"playtime":814,"items_purged":[],"score":228,"play_id":"f99776d2-fa1b-4427-889b-0fae5b9ff878","local_time":"20190529182513","is_ascension_mode":true,"campfire_choices":[{"data":"Immolate","floor":7.0,"key":"SMITH"},{"data":"Bash","floor":15.0,"key":"SMITH"}],"neow_cost":"NONE","seed_source_timestamp":1206540219870360,"circlet_count":0,"master_deck":["AscendersBane","Strike_R","Strike_R","Strike_R","Strike_R","Defend_R","Defend_R","Defend_R","Defend_R","Bash+1","Immolate+1","Clothesline","Disarm","Battle Trance","Shrug It Off","Thunderclap","Doubt","Combust"],"special_seed":0,"relics":["Burning Blood","Ancient Tea Set","Blue Candle","Gremlin Horn","Mummified Hand","Mercury Hourglass"],"potions_floor_usage":[16],"damage_taken":[{"damage":0.0,"enemies":"Small Slimes","floor":1.0,"turns":2.0},{"damage":0.0,"enemies":"2 Louse","floor":2.0,"turns":2.0},{"damage":5.0,"enemies":"Cultist","floor":4.0,"turns":5.0},{"damage":20.0,"enemies":"3 Sentries","floor":6.0,"turns":4.0},{"damage":0.0,"enemies":"Lots of Slimes","floor":8.0,"turns":1.0},{"damage":16.0,"enemies":"Lagavulin","floor":11.0,"turns":5.0},{"damage":9.0,"enemies":"Large Slime","floor":12.0,"turns":4.0},{"damage":21.0,"enemies":"3 Sentries","floor":14.0,"turns":4.0},{"damage":35,"enemies":"Hexaghost","floor":16,"turns":11}],"seed_played":"-8576366194624539553","potions_obtained":[{"floor":1.0,"key":"Ancient Potion"},{"floor":4.0,"key":"Swift Potion"},{"floor":6.0,"key":"FearPotion"}],"is_trial":false,"path_per_floor":["M","M","$","M","?","E","R","M","T","?","E","M","?","E","R","B"],"character_chosen":"IRONCLAD","items_purchased":["Battle Trance"],"campfire_rested":0,"item_purchase_floors":[3],"current_hp_per_floor":[74,75,75,75,70,56,56,62,62,62,52,49,49,34,34,0],"gold":340,"neow_bonus":"ONE_RANDOM_RARE_CARD","is_prod":false,"is_daily":false,"chose_seed":false,"campfire_upgraded":2,"win_rate":0,"timestamp":1559147113,"path_taken":["M","M","$","M","?","E","R","M","T","?","E","M","?","E","R","BOSS"],"build_version":"2019-01-23","purchased_purges":0,"victory":false,"max_hp_per_floor":[75,75,75,75,75,75,75,75,75,75,75,75,75,75,75,75],"card_choices":[{"not_picked":["Headbutt","Heavy Blade"],"picked":"Clothesline","floor":1.0},{"not_picked":["True Grit","Iron Wave"],"picked":"Disarm","floor":2.0},{"not_picked":["Pommel Strike","Havoc","Clash"],"picked":"SKIP","floor":4.0},{"not_picked":["Hemokinesis","Body Slam","Berserk"],"picked":"SKIP","floor":6.0},{"not_picked":["Twin Strike","Whirlwind"],"picked":"Shrug It Off","floor":8.0},{"not_picked":["Blood for Blood","Heavy Blade","Brutality"],"picked":"SKIP","floor":11.0},{"not_picked":["Iron Wave","Havoc"],"picked":"Thunderclap","floor":12.0},{"not_picked":["Blood for Blood","Infernal Blade"],"picked":"Combust","floor":14.0}],"player_experience":706380,"relics_obtained":[{"floor":6.0,"key":"Blue Candle"},{"floor":9.0,"key":"Gremlin Horn"},{"floor":11.0,"key":"Mummified Hand"},{"floor":14.0,"key":"Mercury Hourglass"}],"event_choices":[{"damage_healed":0.0,"max_hp_gain":0.0,"max_hp_loss":0.0,"gold_gain":0.0,"event_name":"Scrap Ooze","player_choice":"Success","floor":5.0,"gold_loss":0.0,"damage_taken":5.0,"relics_obtained":["Ancient Tea Set"]},{"cards_removed":["Strike_R"],"damage_healed":0.0,"max_hp_gain":0.0,"max_hp_loss":0.0,"gold_gain":0.0,"event_name":"Living Wall","player_choice":"Forget","floor":10.0,"gold_loss":0.0,"damage_taken":0.0},{"damage_healed":0.0,"max_hp_gain":0.0,"max_hp_loss":0.0,"gold_gain":150.0,"event_name":"Liars Game","player_choice":"AGREE","floor":13.0,"gold_loss":0.0,"damage_taken":0.0,"cards_obtained":["Doubt"]}],"is_beta":false,"boss_relics":[],"items_purged_floors":[],"is_endless":false,"potions_floor_spawned":[1,4,6,8],"killed_by":"Hexaghost","ascension_level":18}