{"gold_per_floor":[114,129,48,66,20,20,33,68,68,68,78,95,60,71,71,71],"floor_reached":16,"playtime":754,"items_purged":[],"score":135,"play_id":"9315e820-3d47-4d2e-8ce4-33f360194630","local_time":"20190105030550","is_ascension_mode":true,"campfire_choices":[{"data":"Deadly Poison","floor":6,"key":"SMITH"},{"data":"Glass Knife","floor":15,"key":"SMITH"}],"neow_cost":"NONE","seed_source_timestamp":1280529351822788,"circlet_count":0,"master_deck":["Defend_G","Defend_G","Defend_G","Defend_G","Defend_G","Strike_G","Strike_G","Strike_G","Strike_G","Strike_G","Survivor","Neutralize","Backflip","Caltrops","Leg Sweep","Deadly Poison+1","Poisoned Stab","Parasite","Caltrops","Glass Knife+1","Poisoned Stab"],"relics":["Ring of the Snake","Regal Pillow","PreservedInsect","Art of War"],"potions_floor_usage":[8,16],"damage_taken":[{"damage":0,"enemies":"2 Louse","floor":1,"turns":3},{"damage":0,"enemies":"Jaw Worm","floor":2,"turns":5},{"damage":10,"enemies":"Small Slimes","floor":4,"turns":5},{"damage":4,"enemies":"Blue Slaver","floor":7,"turns":5},{"damage":27,"enemies":"Gremlin Nob","floor":8,"turns":5},{"damage":10,"enemies":"3 Louse","floor":11,"turns":4},{"damage":1,"enemies":"Looter","floor":12,"turns":4},{"damage":14,"enemies":"Red Slaver","floor":14,"turns":3},{"damage":33,"enemies":"Slime Boss","floor":16,"turns":8}],"seed_played":"2311538048288751990","potions_obtained":[{"floor":7,"key":"Weak Potion"},{"floor":8,"key":"SpeedPotion"},{"floor":14,"key":"SteroidPotion"}],"is_trial":false,"path_per_floor":["M","M","$","M","$","R","M","E","T","?","M","M","?","M","R","B"],"character_chosen":"THE_SILENT","items_purchased":["Caltrops","Deadly Poison"],"campfire_rested":0,"item_purchase_floors":[3,5],"current_hp_per_floor":[63,63,63,53,53,53,49,22,22,39,29,28,45,31,31,0],"gold":71,"neow_bonus":"RANDOM_COMMON_RELIC","is_prod":false,"is_daily":false,"chose_seed":false,"campfire_upgraded":2,"win_rate":0,"timestamp":1546686350,"path_taken":["M","M","$","M","$","R","M","E","T","?","M","M","?","M","R","BOSS"],"build_version":"2019-01-03v4","purchased_purges":0,"victory":false,"max_hp_per_floor":[70,70,70,70,70,70,70,70,70,70,70,70,70,70,70,70],"card_choices":[{"not_picked":["Dagger Throw","Finisher","Deflect"],"picked":"SKIP","floor":1},{"not_picked":["Sucker Punch","Bane"],"picked":"Backflip","floor":2},{"not_picked":["Tactician","Sucker Punch"],"picked":"Leg Sweep","floor":4},{"not_picked":["Setup","Deflect","Underhanded Strike"],"picked":"SKIP","floor":7},{"not_picked":["Deflect","Dagger Throw"],"picked":"Poisoned Stab","floor":8},{"not_picked":["Expertise","Sucker Punch"],"picked":"Caltrops","floor":11},{"not_picked":["Quick Slash","Flying Knee"],"picked":"Glass Knife","floor":12},{"not_picked":["Prepared","Flying Knee"],"picked":"Poisoned Stab","floor":14}],"player_experience":268727,"relics_obtained":[{"floor":8,"key":"PreservedInsect"},{"floor":9,"key":"Art of War"}],"event_choices":[{"damage_healed":17,"gold_gain":0,"player_choice":"Healed and dodged fight","damage_taken":0,"max_hp_gain":0,"max_hp_loss":0,"event_name":"Mushrooms","floor":10,"gold_loss":0,"cards_obtained":["Parasite"]},{"damage_healed":17,"gold_gain":0,"player_choice":"Healed","damage_taken":0,"max_hp_gain":0,"max_hp_loss":0,"event_name":"The Cleric","floor":13,"gold_loss":35}],"is_beta":false,"boss_relics":[],"items_purged_floors":[],"is_endless":false,"potions_floor_spawned":[7,8,14],"killed_by":"Slime Boss","ascension_level":6}