{"gold_per_floor":[359,370,181,199,218,251,251,285,285,285,295,295,306,338,338,435,435,452,14,32,51,51,51,51,51],"floor_reached":25,"playtime":2104,"items_purged":["Clumsy","Strike_B"],"score":245,"play_id":"ceb837fa-28c0-497f-bec1-321f72d4d9fd","local_time":"20190123190225","is_ascension_mode":true,"campfire_choices":[{"floor":7.0,"key":"REST"},{"floor":12,"key":"REST"},{"floor":15,"key":"REST"},{"floor":23,"key":"REST"}],"neow_cost":"CURSE","seed_source_timestamp":0,"circlet_count":0,"master_deck":["Strike_B+1","Strike_B+1","Strike_B","Defend_B","Defend_B","Defend_B","Defend_B","Zap","Dualcast","Chill","Compile Driver","Static Discharge","BootSequence","Leap","Conserve Battery","FTL","Loop","Double Energy+1","Machine Learning","Coolheaded+1","Master of Strategy+1","Chill+1","Redo+1"],"special_seed":0,"relics":["Cracked Core","Toxic Egg 2","Singing Bowl","Darkstone Periapt","Shuriken","Art of War","Philosopher\u0027s Stone","Whetstone","Cables"],"potions_floor_usage":[14,20],"damage_taken":[{"damage":0.0,"enemies":"Cultist","floor":1.0,"turns":3.0},{"damage":0.0,"enemies":"2 Louse","floor":2.0,"turns":2.0},{"damage":8.0,"enemies":"Small Slimes","floor":4.0,"turns":3.0},{"damage":0.0,"enemies":"Exordium Wildlife","floor":5.0,"turns":5.0},{"damage":68.0,"enemies":"Gremlin Nob","floor":6.0,"turns":5.0},{"damage":15.0,"enemies":"3 Sentries","floor":8.0,"turns":9.0},{"damage":0,"enemies":"3 Louse","floor":11,"turns":4},{"damage":2,"enemies":"Blue Slaver","floor":13,"turns":4},{"damage":21,"enemies":"Lagavulin","floor":14,"turns":7},{"damage":24,"enemies":"Hexaghost","floor":16,"turns":9},{"damage":19,"enemies":"Spheric Guardian","floor":18,"turns":4},{"damage":0,"enemies":"3 Byrds","floor":20,"turns":4},{"damage":27,"enemies":"Cultist and Chosen","floor":21,"turns":7},{"damage":45,"enemies":"Gremlin Leader","floor":25,"turns":8}],"seed_played":"-5981659927315091584","potions_obtained":[{"floor":1.0,"key":"Strength Potion"},{"floor":5.0,"key":"Regen Potion"},{"floor":11,"key":"GamblersBrew"},{"floor":13,"key":"SteroidPotion"},{"floor":18,"key":"Swift Potion"},{"floor":20,"key":"FocusPotion"}],"is_trial":false,"path_per_floor":["M","M","$","M","M","E","R","E","T","?","M","R","M","E","R","B",null,"M","$","M","M","?","R","T","E"],"character_chosen":"DEFECT","items_purchased":["Static Discharge","BootSequence","Whetstone","Master of Strategy+1"],"campfire_rested":4,"item_purchase_floors":[3,3,19,19],"current_hp_per_floor":[75,75,75,67,67,13,35,20,20,13,15,38,36,17,40,16,79,60,60,60,33,18,43,43,0],"gold":51,"neow_bonus":"TWO_FIFTY_GOLD","is_prod":false,"is_daily":false,"chose_seed":false,"campfire_upgraded":0,"win_rate":0,"timestamp":1548259345,"path_taken":["M","?","$","M","M","E","R","E","T","?","M","R","M","E","R","BOSS","M","$","M","M","?","R","?","E"],"build_version":"2019-01-17v2","purchased_purges":2,"victory":false,"max_hp_per_floor":[75,75,75,75,75,75,75,75,75,75,77,77,77,79,79,79,79,79,79,79,79,84,84,84,84],"card_choices":[{"not_picked":["Gash","Turbo"],"picked":"Chill","floor":1.0},{"not_picked":["Go for the Eyes","Barrage"],"picked":"Compile Driver","floor":2.0},{"not_picked":["Blizzard","Biased Cognition"],"picked":"Leap","floor":4.0},{"not_picked":["Hologram","Go for the Eyes"],"picked":"Conserve Battery","floor":5.0},{"not_picked":["Reboot","Skim"],"picked":"FTL","floor":6.0},{"not_picked":["Ball Lightning","Leap+1"],"picked":"Loop","floor":8.0},{"not_picked":["Barrage","Beam Cell","Hello World"],"picked":"Singing Bowl","floor":11},{"not_picked":["Sweeping Beam","Leap+1"],"picked":"Double Energy+1","floor":13},{"not_picked":["Compile Driver","Biased Cognition","Double Energy+1"],"picked":"Singing Bowl","floor":14},{"not_picked":["Creative AI","Fission+1"],"picked":"Machine Learning","floor":16},{"not_picked":["Hologram+1","Compile Driver"],"picked":"Coolheaded+1","floor":18},{"not_picked":["Rebound+1","Gash"],"picked":"Chill+1","floor":20},{"not_picked":["Darkness+1","Coolheaded+1"],"picked":"Redo+1","floor":21}],"player_experience":102227,"relics_obtained":[{"floor":6.0,"key":"Toxic Egg 2"},{"floor":8.0,"key":"Singing Bowl"},{"floor":9.0,"key":"Darkstone Periapt"},{"floor":14,"key":"Art of War"},{"floor":24,"key":"Cables"}],"event_choices":[{"damage_healed":0,"gold_gain":0,"player_choice":"Success","damage_taken":7,"relics_obtained":["Shuriken"],"max_hp_gain":0,"max_hp_loss":0,"event_name":"Scrap Ooze","floor":10,"gold_loss":0},{"damage_healed":0,"gold_gain":0,"player_choice":"Shed Blood","damage_taken":20,"max_hp_gain":5,"max_hp_loss":0,"event_name":"Forgotten Altar","floor":22,"gold_loss":0}],"is_beta":false,"boss_relics":[{"not_picked":["Velvet Choker","White Beast Statue"],"picked":"Philosopher\u0027s Stone"}],"items_purged_floors":[3,19],"is_endless":false,"potions_floor_spawned":[1,5,11,13,18,20,21],"killed_by":"Gremlin Leader","ascension_level":2}