{"gold_per_floor":[110,285,360,374,249,249,280,280,280,280,298,326,159,159,159,159],"floor_reached":16,"playtime":941,"items_purged":["Doubt","Strike_B"],"score":175,"play_id":"d6e1ece5-1749-41e2-af39-3d3c67fab481","local_time":"20190528103426","is_ascension_mode":true,"campfire_choices":[{"data":"Zap","floor":6.0,"key":"SMITH"},{"floor":8.0,"key":"REST"},{"floor":10.0,"key":"REST"},{"floor":15.0,"key":"REST"}],"neow_cost":"NONE","seed_source_timestamp":0,"circlet_count":0,"master_deck":["AscendersBane","Strike_B","Strike_B","Defend_B","Defend_B","Defend_B","Defend_B","Zap+1","Dualcast","Steam","Consume","Undo","Self Repair"],"special_seed":0,"relics":["Cracked Core","Singing Bowl","Darkstone Periapt","Blood Vial"],"potions_floor_usage":[16,16],"damage_taken":[{"damage":8.0,"enemies":"Small Slimes","floor":1.0,"turns":3.0},{"damage":1.0,"enemies":"2 Louse","floor":4.0,"turns":3.0},{"damage":41.0,"enemies":"Gremlin Nob","floor":7.0,"turns":5.0},{"damage":6.0,"enemies":"Jaw Worm","floor":11.0,"turns":3.0},{"damage":41.0,"enemies":"3 Sentries","floor":12.0,"turns":10.0},{"damage":38,"enemies":"Hexaghost","floor":16,"turns":11}],"seed_played":"-5535323626218501761","potions_obtained":[{"floor":11.0,"key":"SteroidPotion"},{"floor":12.0,"key":"EssenceOfSteel"}],"is_trial":false,"path_per_floor":["M","?","?","M","$","R","E","R","T","R","M","E","$","?","R","B"],"character_chosen":"DEFECT","items_purchased":["PowerPotion","Self Repair"],"campfire_rested":3,"item_purchase_floors":[5,13],"current_hp_per_floor":[60,60,49,48,48,48,9,32,32,55,51,10,10,10,33,0],"gold":159,"neow_bonus":"REMOVE_CARD","is_prod":false,"is_daily":false,"chose_seed":false,"campfire_upgraded":1,"win_rate":0,"timestamp":1559032466,"path_taken":["M","?","?","M","$","R","E","R","T","R","M","E","$","?","R","BOSS"],"build_version":"2019-01-23","purchased_purges":2,"victory":false,"max_hp_per_floor":[75,75,75,75,75,75,77,77,77,77,79,79,79,79,79,79],"card_choices":[{"not_picked":["Turbo","Go for the Eyes"],"picked":"Steam","floor":1.0},{"not_picked":["Hologram","Leap"],"picked":"Consume","floor":4.0},{"not_picked":["Gash","Loop","Core Surge"],"picked":"Singing Bowl","floor":7.0},{"not_picked":["Beam Cell","Go for the Eyes","Redo"],"picked":"Singing Bowl","floor":11.0},{"not_picked":["Leap","Core Surge"],"picked":"Undo","floor":12.0}],"player_experience":673875,"relics_obtained":[{"floor":7.0,"key":"Singing Bowl"},{"floor":9.0,"key":"Darkstone Periapt"},{"floor":12.0,"key":"Blood Vial"}],"event_choices":[{"damage_healed":0.0,"max_hp_gain":0.0,"max_hp_loss":0.0,"gold_gain":175.0,"event_name":"Liars Game","player_choice":"AGREE","floor":2.0,"gold_loss":0.0,"damage_taken":0.0,"cards_obtained":["Doubt"]},{"damage_healed":0.0,"max_hp_gain":0.0,"max_hp_loss":0.0,"gold_gain":75.0,"event_name":"World of Goop","player_choice":"Gather Gold","floor":3.0,"gold_loss":0.0,"damage_taken":11.0},{"damage_healed":0.0,"max_hp_gain":0.0,"max_hp_loss":0.0,"gold_gain":0.0,"event_name":"Golden Idol","player_choice":"Ignored","floor":14.0,"gold_loss":0.0,"damage_taken":0.0}],"is_beta":false,"boss_relics":[],"items_purged_floors":[5,13],"is_endless":false,"potions_floor_spawned":[11,12],"killed_by":"Hexaghost","ascension_level":13}