{"gold_per_floor":[111,185,155,170,190,225,239,254,280,280,280,280,306,361,361,438,438,449,461,461],"floor_reached":20,"playtime":3269,"items_purged":[],"score":322,"play_id":"e3c4505f-077b-4dff-af9f-8c921724ba2f","local_time":"20190205122411","is_ascension_mode":true,"campfire_choices":[{"floor":12.0,"key":"REST"},{"floor":15.0,"key":"REST"}],"neow_cost":"NONE","seed_source_timestamp":0,"circlet_count":0,"master_deck":["AscendersBane","Strike_R","Strike_R+1","Strike_R+1","Strike_R","Defend_R","Defend_R","Defend_R","Defend_R","Bash","Headbutt","Infernal Blade","Twin Strike","Iron Wave","Feed","Headbutt","Reaper","Ghostly Armor","Barricade","Flame Barrier","Disarm"],"special_seed":0,"relics":["Burning Blood","NeowsBlessing","Sundial","Mercury Hourglass","Omamori","Strawberry","Unceasing Top","Black Star"],"potions_floor_usage":[20],"damage_taken":[{"damage":0.0,"enemies":"Cultist","floor":1.0,"turns":1.0},{"damage":0.0,"enemies":"Small Slimes","floor":4.0,"turns":1.0},{"damage":0.0,"enemies":"Jaw Worm","floor":5.0,"turns":1.0},{"damage":31.0,"enemies":"Lagavulin","floor":6.0,"turns":5.0},{"damage":5.0,"enemies":"2 Fungi Beasts","floor":7.0,"turns":3.0},{"damage":2.0,"enemies":"3 Louse","floor":8.0,"turns":2.0},{"damage":10.0,"enemies":"Gremlin Nob","floor":13.0,"turns":4.0},{"damage":28.0,"enemies":"Lagavulin Event","floor":14.0,"turns":5.0},{"damage":32.0,"enemies":"Slime Boss","floor":16.0,"turns":13.0},{"damage":25.0,"enemies":"Spheric Guardian","floor":18.0,"turns":4.0},{"damage":28.0,"enemies":"Shell Parasite","floor":19.0,"turns":8.0},{"damage":58,"enemies":"Centurion and Healer","floor":20,"turns":12}],"seed_played":"6024027196274942212","potions_obtained":[{"floor":3.0,"key":"SmokeBomb"},{"floor":3.0,"key":"Fire Potion"},{"floor":6.0,"key":"SteroidPotion"},{"floor":7.0,"key":"Weak Potion"},{"floor":8.0,"key":"Swift Potion"},{"floor":19.0,"key":"LiquidBronze"}],"is_trial":false,"path_per_floor":["M","T","?","M","M","E","M","M","T","?","?","R","E","?","R","B",null,"M","M","M"],"character_chosen":"IRONCLAD","items_purchased":[],"campfire_rested":2,"item_purchase_floors":[],"current_hp_per_floor":[74,74,74,75,75,50,51,58,58,35,28,51,54,35,61,44,77,65,50,0],"gold":461,"neow_bonus":"THREE_ENEMY_KILL","is_prod":false,"is_daily":false,"chose_seed":false,"campfire_upgraded":0,"win_rate":0,"timestamp":1549365851,"path_taken":["M","?","?","M","?","E","M","M","T","?","?","R","E","?","R","BOSS","M","M","M"],"build_version":"2019-01-23","purchased_purges":0,"victory":false,"max_hp_per_floor":[75,75,75,75,75,75,75,78,78,78,78,78,85,88,88,88,88,91,94,94],"card_choices":[{"not_picked":["Perfected Strike","True Grit"],"picked":"Headbutt","floor":1.0},{"not_picked":["Flex","Iron Wave"],"picked":"Infernal Blade","floor":4.0},{"not_picked":["Body Slam","Perfected Strike"],"picked":"Twin Strike","floor":5.0},{"not_picked":["Whirlwind","Seeing Red"],"picked":"Iron Wave","floor":6.0},{"not_picked":["Pommel Strike","Entrench"],"picked":"Feed","floor":7.0},{"not_picked":["Sword Boomerang","Armaments"],"picked":"Headbutt","floor":8.0},{"not_picked":["True Grit","Armaments"],"picked":"Reaper","floor":13.0},{"not_picked":["Headbutt","Hemokinesis"],"picked":"Ghostly Armor","floor":14.0},{"not_picked":["Limit Break","Berserk"],"picked":"Barricade","floor":16.0},{"not_picked":["Uppercut+1","Pummel"],"picked":"Flame Barrier","floor":18.0},{"not_picked":["Anger","Flex+1"],"picked":"Disarm","floor":19.0}],"player_experience":166007,"relics_obtained":[{"floor":2.0,"key":"Sundial"},{"floor":6.0,"key":"Mercury Hourglass"},{"floor":9.0,"key":"Omamori"},{"floor":13.0,"key":"Strawberry"}],"event_choices":[{"damage_healed":0.0,"max_hp_gain":0.0,"max_hp_loss":0.0,"gold_gain":0.0,"event_name":"The Woman in Blue","player_choice":"Bought 2 Potions","floor":3.0,"gold_loss":0.0,"damage_taken":0.0},{"damage_healed":0.0,"max_hp_gain":0.0,"max_hp_loss":0.0,"gold_gain":0.0,"event_name":"Shining Light","player_choice":"Entered Light","floor":10.0,"gold_loss":0.0,"damage_taken":23.0,"cards_upgraded":["Strike_R","Strike_R"]},{"cards_removed":["Strike_R"],"damage_healed":0.0,"max_hp_gain":0.0,"max_hp_loss":0.0,"gold_gain":0.0,"event_name":"Golden Wing","player_choice":"Card Removal","floor":11.0,"gold_loss":0.0,"damage_taken":7.0},{"damage_healed":0.0,"max_hp_gain":0.0,"max_hp_loss":0.0,"gold_gain":0.0,"event_name":"Dead Adventurer","player_choice":"Searched \u00272\u0027 times","floor":14.0,"gold_loss":0.0,"damage_taken":0.0,"relics_obtained":["Unceasing Top"]}],"is_beta":false,"boss_relics":[{"not_picked":["Snecko Eye","Black Blood"],"picked":"Black Star"}],"items_purged_floors":[],"is_endless":false,"potions_floor_spawned":[6,7,8,19],"killed_by":"Centurion and Healer","ascension_level":15}