{"gold_per_floor":[216,166,166,182,198,223,223,236,236,26,36,49,69,0,0,100,100,119,119,51,64,64,64,94,94,94,114,114,29,48,65,65,166,166,185,43,43,58,69,94,94],"floor_reached":41,"playtime":3129,"items_purged":["Writhe"],"score":729,"play_id":"ba8ad0f5-f7a6-48eb-9e0f-d934bdb386fc","local_time":"20190429150045","is_ascension_mode":true,"campfire_choices":[{"data":"Doom and Gloom","floor":7.0,"key":"SMITH"},{"floor":15.0,"key":"REST"},{"data":"Defragment","floor":23,"key":"SMITH"},{"floor":25,"key":"REST"},{"floor":28,"key":"REST"},{"data":"Biased Cognition","floor":32,"key":"SMITH"}],"neow_cost":"NONE","seed_source_timestamp":6558975861508,"circlet_count":0,"master_deck":["AscendersBane","Strike_B","Strike_B","Strike_B","Defend_B","Defend_B","Defend_B","Defend_B","Zap","Beam Cell","Loop","Doom and Gloom+1","Chill","Cold Snap","Cold Snap","Leap","Undo","Sunder","Rainbow","Defragment+1","Redo+1","Glacier","Capacitor","Consume","Biased Cognition+1","Fusion","Defragment","Machine Learning","Barrage+1","Doom and Gloom","Capacitor","Hologram+1","Blizzard+1"],"special_seed":0,"relics":["Cracked Core","Dream Catcher","Bronze Scales","Runic Capacitor","Philosopher\u0027s Stone","MutagenicStrength","Letter Opener","Calipers","Prayer Wheel","Darkstone Periapt","Cursed Key","Orichalcum"],"potions_floor_usage":[16,41,41],"damage_taken":[{"damage":2.0,"enemies":"Jaw Worm","floor":1.0,"turns":3.0},{"damage":1.0,"enemies":"Small Slimes","floor":4.0,"turns":3.0},{"damage":8.0,"enemies":"2 Louse","floor":5.0,"turns":3.0},{"damage":20.0,"enemies":"Lagavulin","floor":6.0,"turns":7.0},{"damage":12.0,"enemies":"2 Fungi Beasts","floor":8.0,"turns":2.0},{"damage":6.0,"enemies":"Blue Slaver","floor":11.0,"turns":2.0},{"damage":0.0,"enemies":"3 Louse","floor":12.0,"turns":1.0},{"damage":10.0,"enemies":"Exordium Wildlife","floor":13.0,"turns":2.0},{"damage":3,"enemies":"Slime Boss","floor":16,"turns":7},{"damage":19,"enemies":"Chosen","floor":18,"turns":5},{"damage":0,"enemies":"Spheric Guardian","floor":21,"turns":3},{"damage":27,"enemies":"Gremlin Leader","floor":24,"turns":7},{"damage":10,"enemies":"Centurion and Healer","floor":27,"turns":6},{"damage":1,"enemies":"3 Cultists","floor":30,"turns":6},{"damage":0,"enemies":"Snecko","floor":31,"turns":6},{"damage":1,"enemies":"Automaton","floor":33,"turns":13},{"damage":1,"enemies":"3 Shapes","floor":35,"turns":5},{"damage":32,"enemies":"3 Darklings","floor":38,"turns":6},{"damage":13,"enemies":"Writhing Mass","floor":39,"turns":6},{"damage":21,"enemies":"Reptomancer","floor":40,"turns":6},{"damage":22,"enemies":"Jaw Worm Horde","floor":41,"turns":2}],"seed_played":"4526877645780264672","potions_obtained":[{"floor":1.0,"key":"Fire Potion"},{"floor":6.0,"key":"Swift Potion"},{"floor":11.0,"key":"EssenceOfSteel"},{"floor":12.0,"key":"PowerPotion"},{"floor":18,"key":"FearPotion"},{"floor":40,"key":"Swift Potion"}],"is_trial":false,"path_per_floor":["M","?","?","M","M","E","R","M","T","$","M","M","M","$","R","B",null,"M","?","$","M","?","R","E","R","T","M","R","?","M","M","R","B",null,"M","$","?","M","M","E","M"],"character_chosen":"DEFECT","items_purchased":["Runic Capacitor","Undo","Defragment","Capacitor"],"campfire_rested":3,"item_purchase_floors":[10,14,20,36],"current_hp_per_floor":[66,66,66,65,57,37,37,25,25,25,19,19,9,9,31,28,63,44,44,44,44,44,44,17,39,39,29,51,51,50,50,50,49,69,68,68,68,36,23,2,0],"gold":94,"neow_bonus":"HUNDRED_GOLD","is_prod":false,"is_daily":false,"chose_seed":false,"campfire_upgraded":3,"win_rate":0,"timestamp":1556542845,"path_taken":["M","?","?","M","M","E","R","M","T","$","M","?","M","$","R","BOSS","M","?","$","M","?","R","E","R","T","M","R","?","M","M","R","BOSS","M","$","?","M","M","E","M"],"build_version":"2019-01-23","purchased_purges":1,"victory":false,"max_hp_per_floor":[75,75,75,75,75,75,75,75,75,75,75,75,75,75,75,75,75,75,75,75,75,75,75,75,75,75,75,75,75,75,75,75,75,75,75,75,75,75,75,75,75],"card_choices":[{"not_picked":["Double Energy","Compile Driver"],"picked":"Beam Cell","floor":1.0},{"not_picked":["Reprogram","Steam Power","Streamline"],"picked":"SKIP","floor":4.0},{"not_picked":["Rebound","Conserve Battery"],"picked":"Loop","floor":5.0},{"not_picked":["Tempest","Stack"],"picked":"Doom and Gloom","floor":6.0},{"not_picked":["Recycle","Rebound"],"picked":"Chill","floor":8.0},{"not_picked":["Sunder","Turbo"],"picked":"Cold Snap","floor":11.0},{"not_picked":["Chaos","Streamline"],"picked":"Cold Snap","floor":12.0},{"not_picked":["Multi-Cast","Heatsinks"],"picked":"Leap","floor":13.0},{"not_picked":["Compile Driver","Skim"],"picked":"Sunder","floor":15.0},{"not_picked":["Core Surge","Thunder Strike"],"picked":"Rainbow","floor":16},{"not_picked":["Stack","Scrape","Tempest"],"picked":"SKIP","floor":18},{"not_picked":["Redo","Cold Snap","Sweeping Beam"],"picked":"SKIP","floor":21},{"not_picked":["Static Discharge","Double Energy","Melter"],"picked":"SKIP","floor":24},{"not_picked":["Hello World","Blizzard"],"picked":"Redo+1","floor":25},{"not_picked":["Barrage","Redo"],"picked":"Glacier","floor":27},{"not_picked":["Chaos","White Noise"],"picked":"Capacitor","floor":27},{"not_picked":["Rebound","Storm+1"],"picked":"Consume","floor":28},{"not_picked":["Tempest","Turbo+1"],"picked":"Biased Cognition","floor":30},{"not_picked":["Conserve Battery","Chill","Rip and Tear"],"picked":"SKIP","floor":30},{"not_picked":["Gash+1","Streamline"],"picked":"Fusion","floor":31},{"not_picked":["Stack","Compile Driver"],"picked":"Defragment","floor":31},{"not_picked":["Reboot","Buffer"],"picked":"Machine Learning","floor":33},{"not_picked":["Stack","Leap+1"],"picked":"Barrage+1","floor":35},{"not_picked":["Cold Snap+1","Steam"],"picked":"Doom and Gloom","floor":35},{"not_picked":["Hyperbeam","Leap","Steam"],"picked":"SKIP","floor":38},{"not_picked":["Redo","Genetic Algorithm","Barrage+1"],"picked":"SKIP","floor":38},{"not_picked":["Gash+1","Auto Shields+1"],"picked":"Hologram+1","floor":39},{"not_picked":["Reprogram","Rebound"],"picked":"Blizzard+1","floor":39},{"not_picked":["Turbo","Go for the Eyes+1","Thunder Strike"],"picked":"SKIP","floor":40}],"player_experience":543738,"relics_obtained":[{"floor":6.0,"key":"Dream Catcher"},{"floor":9.0,"key":"Bronze Scales"},{"floor":24,"key":"Calipers"},{"floor":26,"key":"Prayer Wheel"},{"floor":40,"key":"Orichalcum"}],"event_choices":[{"cards_removed":["Strike_B"],"damage_healed":0.0,"max_hp_gain":0.0,"max_hp_loss":0.0,"gold_gain":0.0,"event_name":"The Cleric","player_choice":"Card Removal","floor":2.0,"gold_loss":50.0,"damage_taken":0.0},{"damage_healed":0.0,"max_hp_gain":0.0,"max_hp_loss":0.0,"gold_gain":0.0,"event_name":"Liars Game","player_choice":"Ignored","floor":3.0,"gold_loss":0.0,"damage_taken":0.0},{"damage_healed":0,"gold_gain":0,"player_choice":"Inject Mutagens","damage_taken":0,"relics_obtained":["MutagenicStrength"],"max_hp_gain":0,"max_hp_loss":0,"event_name":"Drug Dealer","floor":19,"gold_loss":0},{"damage_healed":0,"gold_gain":0,"player_choice":"Opened","damage_taken":0,"relics_obtained":["Letter Opener"],"max_hp_gain":0,"max_hp_loss":0,"event_name":"The Mausoleum","floor":22,"gold_loss":0,"cards_obtained":["Writhe"]},{"damage_healed":0,"gold_gain":0,"player_choice":"Obtained Relic","damage_taken":0,"relics_obtained":["Darkstone Periapt"],"max_hp_gain":0,"max_hp_loss":0,"event_name":"Addict","floor":29,"gold_loss":85},{"cards_removed":["Dualcast"],"damage_healed":0,"gold_gain":0,"player_choice":"Removed Skill","damage_taken":0,"max_hp_gain":0,"max_hp_loss":0,"event_name":"Falling","floor":37,"gold_loss":0}],"is_beta":false,"boss_relics":[{"not_picked":["Busted Crown","Astrolabe"],"picked":"Philosopher\u0027s Stone"},{"not_picked":["Coffee Dripper","Velvet Choker"],"picked":"Cursed Key"}],"items_purged_floors":[36],"is_endless":false,"potions_floor_spawned":[1,6,11,12,13,18,30,33,38,39,40],"killed_by":"Jaw Worm Horde","ascension_level":11}