{"gold_per_floor":[118,81,98,8,25,25,44,59,83,95,107,107,26,44,44,143,193,207,122,122,140,140],"floor_reached":22,"playtime":1359,"items_purged":[],"score":180,"play_id":"321a0555-06cb-4497-bf07-9fe27399906f","local_time":"20190615010711","is_ascension_mode":false,"campfire_choices":[{"data":"Clothesline","floor":6,"key":"SMITH"},{"floor":12,"key":"REST"},{"floor":15,"key":"REST"}],"neow_cost":"NONE","seed_source_timestamp":42738526039300,"circlet_count":0,"master_deck":["Strike_R","Strike_R","Strike_R+1","Strike_R","Strike_R","Defend_R","Defend_R","Defend_R","Defend_R","Bash","Double Tap","Fire Breathing","Clothesline+1","Rage","Sword Boomerang","Iron Wave","Flex","Anger","Shrug It Off","Seeing Red","Thunderclap","Dual Wield","Bludgeon","Perfected Strike","Anger+1","Blood for Blood"],"relics":["Burning Blood","Ancient Tea Set","Oddly Smooth Stone","Nloth\u0027s Gift"],"potions_floor_usage":[5,11,16,16,16,18,21,22],"damage_taken":[{"damage":17,"enemies":"Small Slimes","floor":1,"turns":4},{"damage":6,"enemies":"2 Louse","floor":3,"turns":3},{"damage":0,"enemies":"Cultist","floor":5,"turns":2},{"damage":4,"enemies":"3 Louse","floor":7,"turns":4},{"damage":12,"enemies":"Exordium Thugs","floor":8,"turns":5},{"damage":6,"enemies":"Looter","floor":10,"turns":3},{"damage":14,"enemies":"Blue Slaver","floor":11,"turns":3},{"damage":15,"enemies":"Large Slime","floor":14,"turns":5},{"damage":23,"enemies":"The Guardian","floor":16,"turns":8},{"damage":33,"enemies":"3 Byrds","floor":18,"turns":6},{"damage":40,"enemies":"Shell Parasite","floor":21,"turns":7},{"damage":26,"enemies":"Snake Plant","floor":22,"turns":3}],"seed_played":"6636628551575251231","potions_obtained":[{"floor":3,"key":"Energy Potion"},{"floor":7,"key":"Poison Potion"},{"floor":10,"key":"LiquidBronze"},{"floor":11,"key":"PowerPotion"},{"floor":16,"key":"SkillPotion"},{"floor":17,"key":"Explosive Potion"},{"floor":21,"key":"Explosive Potion"}],"is_trial":false,"path_per_floor":["M","?","M","$","M","R","M","M","T","M","M","R","$","M","R","B",null,"M","?","?","M","M"],"character_chosen":"IRONCLAD","items_purchased":["Rage","Fire Potion","Seeing Red","Thunderclap"],"campfire_rested":2,"item_purchase_floors":[4,4,13,13],"current_hp_per_floor":[69,69,69,69,75,75,77,71,71,71,63,80,80,71,80,63,85,58,58,58,24,0],"gold":140,"neow_bonus":"ONE_RANDOM_RARE_CARD","is_prod":false,"is_daily":false,"chose_seed":false,"campfire_upgraded":1,"win_rate":0.0,"timestamp":1560557231,"path_taken":["M","?","M","$","M","R","M","M","T","M","M","R","$","M","R","BOSS","M","?","?","M","M"],"build_version":"2019-01-23","purchased_purges":0,"victory":false,"max_hp_per_floor":[80,80,80,80,80,80,80,80,80,80,80,80,80,80,80,80,85,85,85,85,85,85],"card_choices":[{"not_picked":["Perfected Strike","Clash"],"picked":"Fire Breathing","floor":1},{"not_picked":["Intimidate","Shrug It Off"],"picked":"Clothesline","floor":3},{"not_picked":["Combust","Fire Breathing"],"picked":"Sword Boomerang","floor":5},{"not_picked":["Reckless Charge","Rage"],"picked":"Iron Wave","floor":7},{"not_picked":["Clash","Limit Break"],"picked":"Flex","floor":8},{"not_picked":["Dual Wield","Cleave"],"picked":"Anger","floor":10},{"not_picked":["Cleave","Combust"],"picked":"Shrug It Off","floor":11},{"not_picked":["Heavy Blade","Flex"],"picked":"Dual Wield","floor":14},{"not_picked":["Offering","Berserk"],"picked":"Bludgeon","floor":16},{"not_picked":["Hemokinesis","Infernal Blade"],"picked":"Perfected Strike","floor":17},{"not_picked":["Thunderclap","Whirlwind"],"picked":"Anger+1","floor":18},{"not_picked":["Hemokinesis","Searing Blow"],"picked":"Blood for Blood","floor":21}],"player_experience":20449,"relics_obtained":[{"floor":9,"key":"Ancient Tea Set"}],"event_choices":[{"damage_healed":0,"gold_gain":0,"player_choice":"Left Gold","damage_taken":0,"max_hp_gain":0,"max_hp_loss":0,"event_name":"World of Goop","floor":2,"gold_loss":37},{"damage_healed":0,"gold_gain":0,"player_choice":"Obtained Relic","damage_taken":0,"relics_obtained":["Oddly Smooth Stone"],"max_hp_gain":0,"max_hp_loss":0,"event_name":"Addict","floor":19,"gold_loss":85},{"damage_healed":0,"gold_gain":0,"player_choice":"Traded Relic","damage_taken":0,"relics_obtained":["Nloth\u0027s Gift"],"max_hp_gain":0,"max_hp_loss":0,"event_name":"N\u0027loth","floor":20,"relics_lost":["Tiny House"],"gold_loss":0}],"is_beta":false,"boss_relics":[{"not_picked":["Coffee Dripper","Black Blood"],"picked":"Tiny House"}],"items_purged_floors":[],"is_endless":false,"potions_floor_spawned":[3,7,10,11,16,21],"killed_by":"Snake Plant","ascension_level":0}