{"gold_per_floor":[114,114,114,114,125,125,153,172,172,172,172,184,184,210,210,307,307,319,136,136,136,51,51,31,31,31,31,48,76,76,101,101,196,196,208,30,0,47,66,91,91,91],"floor_reached":42,"playtime":3226,"items_purged":["Strike_B","Gash"],"score":680,"play_id":"7734fa86-198e-43c7-8cea-f61282ff2776","local_time":"20190420011401","is_ascension_mode":true,"campfire_choices":[{"floor":6.0,"key":"REST"},{"data":"Streamline","floor":11.0,"key":"SMITH"},{"data":"Conserve Battery","floor":13.0,"key":"SMITH"},{"floor":15.0,"key":"REST"},{"floor":23.0,"key":"REST"},{"data":"Blind","floor":30.0,"key":"SMITH"},{"floor":32.0,"key":"REST"},{"floor":41.0,"key":"REST"}],"neow_cost":"NONE","seed_source_timestamp":0,"circlet_count":0,"master_deck":["Strike_B","Strike_B","Strike_B+1","Defend_B","Defend_B","Defend_B","Defend_B","Zap+1","Dualcast+1","Blind+1","Coolheaded+1","Cold Snap+1","Storm+1","Streamline+1","Conserve Battery+1","Compile Driver","Loop+1","Loop+1","Steam Power+1","Loop+1","Self Repair+1","Sweeping Beam+1"],"special_seed":0,"relics":["Cracked Core","Frozen Egg 2","Whetstone","Orichalcum","Cables","Black Star","Nilry\u0027s Codex","Symbiotic Virus","Shuriken","Mango","Mummified Hand","Meat on the Bone","Bottled Tornado","Velvet Choker","Red Mask","Peace Pipe","Sundial","Art of War"],"potions_floor_usage":[],"damage_taken":[{"damage":9.0,"enemies":"Jaw Worm","floor":1.0,"turns":4.0},{"damage":7.0,"enemies":"Small Slimes","floor":5.0,"turns":3.0},{"damage":11.0,"enemies":"3 Sentries","floor":7.0,"turns":9.0},{"damage":0.0,"enemies":"2 Louse","floor":8.0,"turns":2.0},{"damage":6.0,"enemies":"2 Fungi Beasts","floor":12.0,"turns":3.0},{"damage":7.0,"enemies":"Lagavulin","floor":14.0,"turns":5.0},{"damage":22.0,"enemies":"Slime Boss","floor":16.0,"turns":11.0},{"damage":0.0,"enemies":"Shell Parasite","floor":18.0,"turns":7.0},{"damage":12.0,"enemies":"2 Thieves","floor":24.0,"turns":4.0},{"damage":13.0,"enemies":"Centurion and Healer","floor":28.0,"turns":6.0},{"damage":34.0,"enemies":"Book of Stabbing","floor":29.0,"turns":7.0},{"damage":6.0,"enemies":"Gremlin Leader","floor":31.0,"turns":5.0},{"damage":61.0,"enemies":"Champ","floor":33.0,"turns":8.0},{"damage":16.0,"enemies":"3 Darklings","floor":35.0,"turns":4.0},{"damage":27.0,"enemies":"2 Orb Walkers","floor":38.0,"turns":5.0},{"damage":6.0,"enemies":"3 Shapes","floor":39.0,"turns":3.0},{"damage":54.0,"enemies":"Reptomancer","floor":40.0,"turns":7.0},{"damage":65,"enemies":"Giant Head","floor":42,"turns":8}],"seed_played":"-3015868126155223364","potions_obtained":[{"floor":1.0,"key":"Swift Potion"},{"floor":7.0,"key":"Ancient Potion"},{"floor":24.0,"key":"Strength Potion"},{"floor":39.0,"key":"Energy Potion"}],"is_trial":false,"path_per_floor":["M","?","?","?","M","R","E","M","T","?","R","M","R","E","R","B",null,"M","$","?","?","?","R","M","$","T","?","M","E","R","E","R","B",null,"M","$","?","?","M","E","R","E"],"character_chosen":"DEFECT","items_purchased":["Loop+1","FocusPotion","Loop+1"],"campfire_rested":5,"item_purchase_floors":[19,19,36],"current_hp_per_floor":[59,47,32,32,25,47,36,36,36,36,36,30,30,23,45,23,62,62,62,48,32,32,56,44,44,44,90,77,57,57,51,82,33,86,70,70,70,55,61,29,60,0],"gold":91,"neow_bonus":"RANDOM_COLORLESS","is_prod":false,"is_daily":false,"chose_seed":false,"campfire_upgraded":3,"win_rate":0,"timestamp":1555715641,"path_taken":["M","?","?","?","M","R","E","M","T","?","R","?","R","E","R","BOSS","M","$","?","?","?","R","M","?","T","?","M","E","R","E","R","BOSS","M","$","?","?","M","E","R","E"],"build_version":"2019-01-23","purchased_purges":2,"victory":false,"max_hp_per_floor":[75,75,75,75,75,75,75,75,75,75,75,75,75,75,75,75,75,75,75,80,80,80,80,80,80,80,90,90,104,104,104,104,104,104,104,104,104,104,104,104,104,104],"card_choices":[{"not_picked":["Rebound","Stack"],"picked":"Coolheaded","floor":1.0},{"not_picked":["Compile Driver","Storm+1"],"picked":"Cold Snap","floor":5.0},{"not_picked":["Double Energy","Rebound"],"picked":"Storm+1","floor":7.0},{"not_picked":["Barrage","Stack"],"picked":"Streamline","floor":8.0},{"not_picked":["Steam Power","Amplify"],"picked":"Conserve Battery","floor":12.0},{"not_picked":["Skim","Scrape","Cold Snap"],"picked":"SKIP","floor":14.0},{"not_picked":["Core Surge","Thunder Strike"],"picked":"Seek","floor":16.0},{"not_picked":["FTL","Rip and Tear"],"picked":"Compile Driver","floor":18.0},{"not_picked":["Beam Cell","Go for the Eyes","Compile Driver"],"picked":"SKIP","floor":24.0},{"not_picked":["Cold Snap","Auto Shields"],"picked":"Gash","floor":28.0},{"not_picked":["Chaos","Lockon"],"picked":"Loop+1","floor":29.0},{"not_picked":["Conserve Battery","Barrage","Doom and Gloom+1"],"picked":"SKIP","floor":31.0},{"not_picked":["Rebound+1","Go for the Eyes"],"picked":"Steam Power+1","floor":35.0},{"not_picked":["Conserve Battery","Sweeping Beam+1"],"picked":"Self Repair+1","floor":38.0},{"not_picked":["Sweeping Beam+1","Double Energy+1","Hologram"],"picked":"SKIP","floor":39.0},{"not_picked":["Hologram+1","Rebound+1"],"picked":"Sweeping Beam+1","floor":40.0}],"player_experience":478503,"relics_obtained":[{"floor":7.0,"key":"Whetstone"},{"floor":9.0,"key":"Orichalcum"},{"floor":14.0,"key":"Cables"},{"floor":21.0,"key":"Nilry\u0027s Codex"},{"floor":26.0,"key":"Shuriken"},{"floor":29.0,"key":"Mango"},{"floor":29.0,"key":"Mummified Hand"},{"floor":31.0,"key":"Meat on the Bone"},{"floor":31.0,"key":"Bottled Tornado"},{"floor":38.0,"key":"Peace Pipe"},{"floor":40.0,"key":"Sundial"},{"floor":40.0,"key":"Art of War"}],"event_choices":[{"damage_healed":0.0,"max_hp_gain":0.0,"max_hp_loss":0.0,"gold_gain":0.0,"event_name":"Scrap Ooze","player_choice":"Success","floor":2.0,"gold_loss":0.0,"damage_taken":12.0,"relics_obtained":["Frozen Egg 2"]},{"damage_healed":0.0,"max_hp_gain":0.0,"max_hp_loss":0.0,"gold_gain":0.0,"event_name":"Shining Light","player_choice":"Entered Light","floor":3.0,"gold_loss":0.0,"damage_taken":15.0,"cards_upgraded":["Zap","Dualcast"]},{"damage_healed":0.0,"max_hp_gain":0.0,"max_hp_loss":0.0,"gold_gain":0.0,"event_name":"Liars Game","player_choice":"Ignored","floor":4.0,"gold_loss":0.0,"damage_taken":0.0},{"damage_healed":0.0,"max_hp_gain":0.0,"max_hp_loss":0.0,"gold_gain":0.0,"event_name":"Living Wall","player_choice":"Grow","floor":10.0,"gold_loss":0.0,"damage_taken":0.0,"cards_upgraded":["Coolheaded"]},{"damage_healed":0.0,"max_hp_gain":5.0,"max_hp_loss":0.0,"gold_gain":0.0,"event_name":"Forgotten Altar","player_choice":"Shed Blood","floor":20.0,"gold_loss":0.0,"damage_taken":19.0},{"damage_healed":0.0,"max_hp_gain":0.0,"max_hp_loss":0.0,"gold_gain":0.0,"event_name":"Cursed Tome","player_choice":"Obtained Book","floor":21.0,"gold_loss":0.0,"damage_taken":16.0},{"damage_healed":0.0,"max_hp_gain":0.0,"max_hp_loss":0.0,"gold_gain":0.0,"event_name":"Addict","player_choice":"Obtained Relic","floor":22.0,"gold_loss":85.0,"damage_taken":0.0,"relics_obtained":["Symbiotic Virus"]},{"cards_removed":["Seek"],"damage_healed":36.0,"max_hp_gain":10.0,"max_hp_loss":0.0,"gold_gain":0.0,"event_name":"Bonfire Elementals","player_choice":"Offered Rare","floor":27.0,"gold_loss":0.0,"damage_taken":0.0},{"damage_healed":0.0,"max_hp_gain":0.0,"max_hp_loss":0.0,"gold_gain":0.0,"event_name":"Tomb of Lord Red Mask","player_choice":"Paid","floor":37.0,"gold_loss":30.0,"damage_taken":0.0,"relics_obtained":["Red Mask"]},{"damage_healed":0.0,"max_hp_gain":0.0,"max_hp_loss":0.0,"gold_gain":0.0,"event_name":"Mysterious Sphere","player_choice":"Fight","floor":38.0,"gold_loss":0.0,"damage_taken":0.0}],"is_beta":false,"boss_relics":[{"not_picked":["White Beast Statue","Fusion Hammer"],"picked":"Black Star"},{"not_picked":["Eternal Feather","Coffee Dripper"],"picked":"Velvet Choker"}],"items_purged_floors":[19,36],"is_endless":false,"potions_floor_spawned":[1,7,24,29,39,40],"killed_by":"Giant Head","ascension_level":8}