{"gold_per_floor":[144,189,289,106,151,151,196,196,196,46,136,136,181,226,226,526,526,571,229,229,229,274,274,364,409,434,434,88,133,133,208,208,508,508,553,598,158,203,43,43,133,433,508,508,553,553,598,643,643,643],"floor_reached":51,"playtime":2239,"items_purged":["Twin Strike"],"score":872,"play_id":"f889e2fb-da32-4d51-a074-11d915a31be4","local_time":"20190218020323","daily_mods":["Draft","Vintage","Midas"],"is_ascension_mode":false,"campfire_choices":[{"floor":6,"key":"REST"},{"floor":8,"key":"REST"},{"floor":15,"key":"REST"},{"floor":23,"key":"REST"},{"floor":27,"key":"REST"},{"floor":32,"key":"REST"},{"floor":40,"key":"REST"},{"floor":46,"key":"REST"},{"floor":49,"key":"REST"}],"neow_cost":"","seed_source_timestamp":0,"circlet_count":0,"master_deck":["Flex","Twin Strike","Iron Wave","Shrug It Off","Whirlwind","Pommel Strike","Heavy Blade","Shockwave","Metallicize","Seeing Red+1","Shrug It Off","Shrug It Off","Shockwave+1","Demon Form","Evolve","Double Tap+1","Offering+1","Impervious+1","Battle Trance+1","Battle Trance+1"],"special_seed":17945,"relics":["Burning Blood","Vajra","Bottled Tornado","Red Skull","Juzu Bracelet","Happy Flower","Toxic Egg 2","PreservedInsect","Bag of Marbles","Self Forming Clay","Omamori","Mark of Pain","Ancient Tea Set","War Paint","Incense Burner","Bottled Flame","StoneCalendar","The Courier","Blood Vial","ClockworkSouvenir","Torii","Enchiridion","Ornamental Fan","Black Star","Bronze Scales","Oddly Smooth Stone","Question Card","Anchor","Pen Nib","Strawberry","Strange Spoon","Shuriken","Dead Branch","Bird Faced Urn","Kunai","Ice Cream","Mummified Hand","Meat on the Bone"],"potions_floor_usage":[16,25,47,50,50,50],"damage_taken":[{"damage":0,"enemies":"Cultist","floor":1,"turns":2},{"damage":3,"enemies":"Jaw Worm","floor":2,"turns":2},{"damage":0,"enemies":"2 Louse","floor":5,"turns":3},{"damage":13,"enemies":"Exordium Wildlife","floor":7,"turns":4},{"damage":0,"enemies":"Lagavulin","floor":11,"turns":4},{"damage":7,"enemies":"Looter","floor":13,"turns":2},{"damage":0,"enemies":"3 Louse","floor":14,"turns":2},{"damage":12,"enemies":"The Guardian","floor":16,"turns":8},{"damage":0,"enemies":"Chosen","floor":18,"turns":3},{"damage":7,"enemies":"3 Byrds","floor":22,"turns":2},{"damage":0,"enemies":"Slavers","floor":24,"turns":1},{"damage":9,"enemies":"Snake Plant","floor":25,"turns":2},{"damage":1,"enemies":"Centurion and Healer","floor":29,"turns":2},{"damage":6,"enemies":"Champ","floor":33,"turns":7},{"damage":12,"enemies":"Orb Walker","floor":35,"turns":3},{"damage":1,"enemies":"3 Shapes","floor":36,"turns":1},{"damage":30,"enemies":"Writhing Mass","floor":38,"turns":5},{"damage":6,"enemies":"Giant Head","floor":41,"turns":4},{"damage":6,"enemies":"Mind Bloom Boss Battle","floor":42,"turns":4},{"damage":5,"enemies":"4 Shapes","floor":45,"turns":1},{"damage":19,"enemies":"Transient","floor":47,"turns":5},{"damage":6,"enemies":"Writhing Mass","floor":48,"turns":2},{"damage":10,"enemies":"Donu and Deca","floor":50,"turns":3}],"seed_played":"-8239529163417230353","potions_obtained":[{"floor":1,"key":"GamblersBrew"},{"floor":7,"key":"Ancient Potion"},{"floor":11,"key":"Strength Potion"},{"floor":16,"key":"LiquidBronze"},{"floor":18,"key":"Block Potion"},{"floor":25,"key":"SteroidPotion"},{"floor":29,"key":"Dexterity Potion"},{"floor":33,"key":"PowerPotion"},{"floor":41,"key":"Strength Potion"},{"floor":42,"key":"Energy Potion"},{"floor":47,"key":"AttackPotion"}],"is_trial":false,"path_per_floor":["M","M","?","$","M","R","M","R","T","$","E","$","M","M","R","B",null,"M","$","?","?","M","R","E","M","T","R","$","M","?","T","R","B",null,"M","M","$","M","$","R","E","?","T","?","M","R","M","M","R","B",null],"character_chosen":"IRONCLAD","items_purchased":["Red Skull","Shockwave","PreservedInsect","War Paint","Evolve","Double Tap+1","ClockworkSouvenir","Offering+1","Question Card","Anchor","Pen Nib","Strange Spoon"],"campfire_rested":9,"item_purchase_floors":[4,4,10,19,19,19,28,28,37,37,37,39],"current_hp_per_floor":[80,80,80,80,80,80,73,80,80,80,80,80,79,80,80,74,80,80,80,80,80,79,80,80,77,77,80,80,80,64,64,80,80,80,74,80,80,63,63,87,87,87,87,87,87,87,74,84,87,83],"gold":643,"neow_bonus":"","is_prod":false,"is_daily":true,"chose_seed":false,"campfire_upgraded":0,"win_rate":0,"timestamp":1550484203,"path_taken":["M","M","?","?","M","R","M","R","T","$","E","$","M","M","R","BOSS","M","$","?","?","M","R","E","M","T","R","$","M","?","?","R","BOSS","M","M","$","M","$","R","E","?","T","?","M","R","M","M","R","BOSS"],"build_version":"2019-01-23","purchased_purges":1,"victory":true,"max_hp_per_floor":[80,80,80,80,80,80,80,80,80,80,80,80,80,80,80,80,80,80,80,80,80,80,80,80,80,80,80,80,80,80,80,80,80,80,80,80,80,87,87,87,87,87,87,87,87,87,87,87,87,87],"card_choices":[{"not_picked":["Headbutt","Perfected Strike"],"picked":"Flex","floor":0},{"not_picked":["Hemokinesis","Havoc"],"picked":"Twin Strike","floor":0},{"not_picked":["Wild Strike","Rupture"],"picked":"Twin Strike","floor":0},{"not_picked":["Perfected Strike","Second Wind"],"picked":"Iron Wave","floor":0},{"not_picked":["Carnage","Warcry"],"picked":"Thunderclap","floor":0},{"not_picked":["Warcry","Twin Strike"],"picked":"Shrug It Off","floor":0},{"not_picked":["Cleave","Twin Strike"],"picked":"Whirlwind","floor":0},{"not_picked":["Sword Boomerang","True Grit"],"picked":"Pommel Strike","floor":0},{"not_picked":["Wild Strike","Cleave"],"picked":"Heavy Blade","floor":0},{"not_picked":["Reckless Charge","Evolve"],"picked":"Shockwave","floor":0},{"not_picked":["Iron Wave","Shrug It Off"],"picked":"Metallicize","floor":0},{"not_picked":["Headbutt","Twin Strike"],"picked":"Pommel Strike","floor":0},{"not_picked":["Pommel Strike","Evolve"],"picked":"Seeing Red","floor":0},{"not_picked":["True Grit","Bloodletting"],"picked":"Shrug It Off","floor":0},{"not_picked":["Headbutt","Iron Wave"],"picked":"Shrug It Off","floor":0},{"not_picked":["Power Through+1","Anger","Rage+1"],"picked":"SKIP","floor":11},{"not_picked":["Immolate","Fiend Fire"],"picked":"Demon Form","floor":16},{"not_picked":["Flex+1","Wild Strike","Havoc+1"],"picked":"SKIP","floor":24},{"not_picked":["Fiend Fire","Dark Embrace"],"picked":"Impervious+1","floor":33},{"not_picked":["Offering+1","Intimidate+1","Body Slam+1"],"picked":"Battle Trance+1","floor":41},{"not_picked":["Pommel Strike+1","Shockwave+1","Headbutt+1"],"picked":"Battle Trance+1","floor":42}],"player_experience":519681,"relics_obtained":[{"floor":1,"key":"Vajra"},{"floor":2,"key":"Bottled Tornado"},{"floor":5,"key":"Juzu Bracelet"},{"floor":7,"key":"Happy Flower"},{"floor":9,"key":"Toxic Egg 2"},{"floor":11,"key":"Bag of Marbles"},{"floor":13,"key":"Self Forming Clay"},{"floor":14,"key":"Omamori"},{"floor":18,"key":"Ancient Tea Set"},{"floor":22,"key":"Bottled Flame"},{"floor":24,"key":"StoneCalendar"},{"floor":25,"key":"The Courier"},{"floor":26,"key":"Blood Vial"},{"floor":29,"key":"Torii"},{"floor":30,"key":"Enchiridion"},{"floor":31,"key":"Ornamental Fan"},{"floor":35,"key":"Bronze Scales"},{"floor":36,"key":"Oddly Smooth Stone"},{"floor":38,"key":"Strawberry"},{"floor":41,"key":"Shuriken"},{"floor":41,"key":"Dead Branch"},{"floor":42,"key":"Bird Faced Urn"},{"floor":43,"key":"Kunai"},{"floor":45,"key":"Ice Cream"},{"floor":47,"key":"Mummified Hand"},{"floor":48,"key":"Meat on the Bone"}],"event_choices":[{"damage_healed":0,"gold_gain":100,"player_choice":"Pray","damage_taken":0,"max_hp_gain":0,"max_hp_loss":0,"event_name":"Golden Shrine","floor":3,"gold_loss":0},{"damage_healed":0,"gold_gain":0,"player_choice":"Gave Potion","damage_taken":0,"relics_obtained":["Incense Burner"],"max_hp_gain":0,"max_hp_loss":0,"event_name":"WeMeetAgain","floor":20,"gold_loss":0},{"cards_removed":["Thunderclap"],"damage_healed":0,"gold_gain":0,"player_choice":"Elegance","damage_taken":0,"max_hp_gain":0,"max_hp_loss":0,"event_name":"Back to Basics","floor":21,"gold_loss":0},{"damage_healed":0,"gold_gain":0,"player_choice":"Obtained Book","damage_taken":16,"max_hp_gain":0,"max_hp_loss":0,"event_name":"Cursed Tome","floor":30,"gold_loss":0},{"damage_healed":0,"gold_gain":0,"player_choice":"Fight","damage_taken":0,"max_hp_gain":0,"max_hp_loss":0,"event_name":"MindBloom","floor":42,"gold_loss":0},{"cards_removed":["Pommel Strike"],"damage_healed":0,"gold_gain":0,"player_choice":"Removed Attack","damage_taken":0,"max_hp_gain":0,"max_hp_loss":0,"event_name":"Falling","floor":44,"gold_loss":0}],"is_beta":false,"boss_relics":[{"not_picked":["Busted Crown","Orrery"],"picked":"Mark of Pain"},{"not_picked":["Astrolabe","Lizard Tail"],"picked":"Black Star"}],"items_purged_floors":[28],"is_endless":false,"potions_floor_spawned":[1,2,7,11,16,18,25,29,33,41,42,45,47,48],"ascension_level":0}