{"gold_per_floor":[118,118,26,37,3,3,35,35,35,35,67,94,105,119,119,119],"floor_reached":16,"playtime":512,"items_purged":[],"score":180,"play_id":"a4cff7d1-6c78-4716-97eb-442c6d41c77d","local_time":"20190114174150","is_ascension_mode":true,"campfire_choices":[{"data":"Noxious Fumes","floor":6,"key":"SMITH"},{"data":"Panacea","floor":10,"key":"SMITH"},{"floor":15,"key":"REST"}],"neow_cost":"NONE","seed_source_timestamp":541673422656717,"circlet_count":0,"master_deck":["Defend_G","Defend_G","Defend_G","Defend_G","Defend_G","Strike_G","Strike_G","Strike_G","Strike_G","Strike_G","Survivor","Neutralize","Leg Sweep","Panacea+1","Caltrops","Noxious Fumes+1","Corpse Explosion","Acrobatics","Backflip","Escape Plan"],"relics":["Ring of the Snake","NeowsBlessing","Mummified Hand","Potion Belt","Lantern"],"potions_floor_usage":[16],"damage_taken":[{"damage":0,"enemies":"Small Slimes","floor":1,"turns":1},{"damage":0,"enemies":"Cultist","floor":4,"turns":1},{"damage":0,"enemies":"Lagavulin","floor":7,"turns":2},{"damage":32,"enemies":"3 Sentries","floor":11,"turns":7},{"damage":0,"enemies":"Jaw Worm","floor":13,"turns":5},{"damage":16,"enemies":"Exordium Thugs","floor":14,"turns":4},{"damage":40,"enemies":"Slime Boss","floor":16,"turns":9}],"seed_played":"-5094096964739948614","potions_obtained":[{"floor":1,"key":"Strength Potion"},{"floor":7,"key":"FearPotion"},{"floor":14,"key":"Ancient Potion"}],"is_trial":false,"path_per_floor":["M","?","$","M","$","R","E","?","T","R","E","T","M","M","R","B"],"character_chosen":"THE_SILENT","items_purchased":["Panacea","Noxious Fumes"],"campfire_rested":1,"item_purchase_floors":[3,5],"current_hp_per_floor":[63,63,63,63,63,63,63,63,63,63,31,31,31,15,36,0],"gold":119,"neow_bonus":"THREE_ENEMY_KILL","is_prod":false,"is_daily":false,"chose_seed":false,"campfire_upgraded":2,"win_rate":0,"timestamp":1547516510,"path_taken":["M","?","$","?","$","R","E","?","T","R","E","?","?","M","R","BOSS"],"build_version":"2019-01-10","purchased_purges":0,"victory":false,"max_hp_per_floor":[70,70,70,70,70,70,70,70,70,70,70,70,70,70,70,70],"card_choices":[{"not_picked":["Cloak And Dagger","Dagger Spray"],"picked":"Leg Sweep","floor":1},{"not_picked":["Cloak And Dagger","Backflip"],"picked":"Caltrops","floor":4},{"not_picked":["Caltrops","Reflex"],"picked":"Corpse Explosion","floor":7},{"not_picked":["Dagger Spray","Flying Knee"],"picked":"Acrobatics","floor":11},{"not_picked":["Infinite Blades","Deadly Poison"],"picked":"Backflip","floor":13},{"not_picked":["Dagger Spray","All Out Attack"],"picked":"Escape Plan","floor":14}],"player_experience":330675,"relics_obtained":[{"floor":7,"key":"Mummified Hand"},{"floor":11,"key":"Potion Belt"},{"floor":12,"key":"Lantern"}],"event_choices":[{"damage_healed":0,"gold_gain":0,"player_choice":"Bought 0 Potions","damage_taken":0,"max_hp_gain":0,"max_hp_loss":0,"event_name":"The Woman in Blue","floor":2,"gold_loss":0},{"damage_healed":0,"gold_gain":0,"player_choice":"Ignored","damage_taken":0,"max_hp_gain":0,"max_hp_loss":0,"event_name":"Liars Game","floor":8,"gold_loss":0}],"is_beta":false,"boss_relics":[],"items_purged_floors":[],"is_endless":false,"potions_floor_spawned":[1,7,14],"killed_by":"Slime Boss","ascension_level":7}