{"gold_per_floor":[117,129,129,129,144,144,109,137,137,137,196,41,53,0,0,98,98,111,111,65,65,79,79,92,92,117,147,167,186,198,216,216,216],"floor_reached":33,"playtime":1661,"items_purged":["Strike_G"],"score":427,"play_id":"a0f0feb2-9220-4f3a-8865-3ab8cad5b449","local_time":"20190330143753","is_ascension_mode":true,"campfire_choices":[{"data":"Backflip","floor":6,"key":"SMITH"},{"data":"Unload","floor":10,"key":"SMITH"},{"floor":15,"key":"REST"},{"floor":23,"key":"REST"},{"floor":25,"key":"REST"},{"floor":32,"key":"REST"}],"neow_cost":"PERCENT_DAMAGE","seed_source_timestamp":1493561219627392,"circlet_count":0,"master_deck":["AscendersBane","Defend_G","Defend_G","Defend_G","Defend_G","Defend_G","Strike_G","Survivor","Neutralize","Unload+1","Doppelganger","Backstab","Unload","Backflip+1","Noxious Fumes","Bouncing Flask","Deadly Poison","Corpse Explosion","Dodge and Roll","Cloak And Dagger","After Image","Cloak And Dagger","Calculated Gamble+1","Infinite Blades"],"relics":["Ring of the Snake","Ornamental Fan","Sundial","The Specimen","Sozu","Potion Belt","Mercury Hourglass"],"potions_floor_usage":[16,27,33],"damage_taken":[{"damage":6,"enemies":"Cultist","floor":1,"turns":4},{"damage":0,"enemies":"2 Louse","floor":2,"turns":3},{"damage":0,"enemies":"Jaw Worm","floor":5,"turns":2},{"damage":18,"enemies":"3 Sentries","floor":8,"turns":11},{"damage":16,"enemies":"3 Sentries","floor":11,"turns":10},{"damage":0,"enemies":"Large Slime","floor":13,"turns":4},{"damage":25,"enemies":"Hexaghost","floor":16,"turns":8},{"damage":14,"enemies":"Shell Parasite","floor":18,"turns":4},{"damage":13,"enemies":"Colosseum Slavers","floor":19,"turns":3},{"damage":1,"enemies":"Spheric Guardian","floor":22,"turns":3},{"damage":17,"enemies":"Snecko","floor":24,"turns":5},{"damage":17,"enemies":"Gremlin Leader","floor":27,"turns":5},{"damage":5,"enemies":"Snake Plant","floor":28,"turns":4},{"damage":3,"enemies":"Centurion and Healer","floor":29,"turns":6},{"damage":0,"enemies":"3 Cultists","floor":30,"turns":2},{"damage":2,"enemies":"Sentry and Sphere","floor":31,"turns":7},{"damage":63,"enemies":"Champ","floor":33,"turns":10}],"seed_played":"-2832412044029538391","potions_obtained":[{"floor":5,"key":"SpeedPotion"},{"floor":13,"key":"AttackPotion"},{"floor":16,"key":"LiquidBronze"}],"is_trial":false,"path_per_floor":["M","M","?","?","M","R","?","E","T","R","?","$","M","$","R","B",null,"M","?","$","?","M","R","M","R","T","E","M","M","M","M","R","B"],"character_chosen":"THE_SILENT","items_purchased":["Noxious Fumes","Deadly Poison","Cloak And Dagger"],"campfire_rested":4,"item_purchase_floors":[12,14,20],"current_hp_per_floor":[39,39,39,39,39,39,56,38,38,38,22,22,22,22,43,18,57,43,30,30,30,29,50,33,54,54,37,32,29,29,27,48,0],"gold":216,"neow_bonus":"TRANSFORM_TWO_CARDS","is_prod":false,"is_daily":false,"chose_seed":false,"campfire_upgraded":2,"win_rate":0,"timestamp":1553981873,"path_taken":["M","?","?","?","M","R","?","E","T","R","?","$","M","$","R","BOSS","M","?","$","?","M","R","M","R","T","E","?","M","M","M","R","BOSS"],"build_version":"2019-01-23","purchased_purges":1,"victory":false,"max_hp_per_floor":[70,70,70,70,70,70,70,70,70,70,70,70,70,70,70,70,70,70,70,70,70,70,70,70,70,70,70,70,70,70,70,70,70],"card_choices":[{"not_picked":["Deflect","Poisoned Stab","Dagger Throw"],"picked":"SKIP","floor":1},{"not_picked":["Caltrops","Bane"],"picked":"Backstab","floor":2},{"not_picked":["Infinite Blades","Well Laid Plans"],"picked":"Backflip","floor":5},{"not_picked":["Underhanded Strike","Skewer","Deflect"],"picked":"SKIP","floor":8},{"not_picked":["Slice","Leg Sweep"],"picked":"Bouncing Flask","floor":13},{"not_picked":["Bullet Time","Unload"],"picked":"Corpse Explosion","floor":16},{"not_picked":["Deadly Poison","Skewer"],"picked":"Dodge and Roll","floor":18},{"not_picked":["Acrobatics","Accuracy","Slice"],"picked":"SKIP","floor":22},{"not_picked":["Deflect","Heel Hook","Deadly Poison+1"],"picked":"SKIP","floor":24},{"not_picked":["Dagger Spray","Sucker Punch"],"picked":"Cloak And Dagger","floor":27},{"not_picked":["Deflect","Cloak And Dagger"],"picked":"Calculated Gamble+1","floor":28},{"not_picked":["Deadly Poison","Cloak And Dagger","Reflex"],"picked":"SKIP","floor":29},{"not_picked":["Infinite Blades","Quick Slash","Blade Dance"],"picked":"SKIP","floor":30},{"not_picked":["Quick Slash","Blade Dance"],"picked":"Infinite Blades","floor":30},{"not_picked":["Acrobatics","Sucker Punch","Blade Dance"],"picked":"SKIP","floor":31}],"player_experience":542085,"relics_obtained":[{"floor":8,"key":"Ornamental Fan"},{"floor":9,"key":"Sundial"},{"floor":11,"key":"The Specimen"},{"floor":26,"key":"Potion Belt"},{"floor":27,"key":"Mercury Hourglass"}],"event_choices":[{"damage_healed":0,"gold_gain":0,"player_choice":"Ignored","damage_taken":0,"max_hp_gain":0,"max_hp_loss":0,"event_name":"Liars Game","floor":3,"gold_loss":0},{"damage_healed":0,"gold_gain":0,"cards_transformed":["Strike_G"],"player_choice":"Change","damage_taken":0,"max_hp_gain":0,"max_hp_loss":0,"event_name":"Living Wall","floor":4,"gold_loss":0,"cards_obtained":["Unload"]},{"damage_healed":17,"gold_gain":0,"player_choice":"Healed","damage_taken":0,"max_hp_gain":0,"max_hp_loss":0,"event_name":"The Cleric","floor":7,"gold_loss":35},{"damage_healed":0,"gold_gain":0,"player_choice":"Searched \u00271\u0027 times","damage_taken":0,"max_hp_gain":0,"max_hp_loss":0,"event_name":"Dead Adventurer","floor":11,"gold_loss":0},{"damage_healed":0,"gold_gain":0,"player_choice":"Fight","damage_taken":0,"max_hp_gain":0,"max_hp_loss":0,"event_name":"Colosseum","floor":19,"gold_loss":0},{"damage_healed":0,"gold_gain":0,"player_choice":"Fled From Nobs","damage_taken":0,"max_hp_gain":0,"max_hp_loss":0,"event_name":"Colosseum","floor":19,"gold_loss":0},{"damage_healed":0,"gold_gain":0,"player_choice":"1 cards matched","damage_taken":0,"max_hp_gain":0,"max_hp_loss":0,"event_name":"Match and Keep!","floor":21,"gold_loss":0,"cards_obtained":["After Image"]}],"is_beta":false,"boss_relics":[{"not_picked":["Empty Cage","Orrery"],"picked":"Sozu"}],"items_purged_floors":[12],"is_endless":false,"potions_floor_spawned":[5,13,16,19,24,31],"killed_by":"Champ","ascension_level":12}