{"gold_per_floor":[114,129,61,11,11,41,56,86,86,116,116,122,137,167,167,267,267,282,57,72,172,172,202,202,202,252,252,267,122,122,122,122,222,222,237,71,118,133,148,178,278,278,303,318,348,348,55,55,55,55],"floor_reached":51,"playtime":3066,"items_purged":["Scrape","Defend_B"],"score":922,"play_id":"7ee840e9-91e8-4ec8-af1c-35fc4a9017e0","local_time":"20190609015530","daily_mods":["Allstar","Colorless Cards","Binary"],"is_ascension_mode":false,"campfire_choices":[{"floor":11,"key":"REST"},{"data":"Panacea","floor":15,"key":"SMITH"},{"data":"Hologram","floor":25,"key":"SMITH"},{"data":"Double Energy","floor":27,"key":"SMITH"},{"data":"Loop","floor":30,"key":"SMITH"},{"floor":32,"key":"REST"},{"data":"Buffer","floor":46,"key":"SMITH"},{"data":"The Bomb","floor":49,"key":"SMITH"}],"neow_cost":"","seed_source_timestamp":0,"circlet_count":0,"master_deck":["Defend_B","Defend_B","Zap","Dualcast","Transmutation","Panache","Thinking Ahead","Dramatic Entrance","Enlightenment","BootSequence","Coolheaded","Conserve Battery","Panacea+1","Conserve Battery","Go for the Eyes","Leap","Hologram+1","Biased Cognition","Blizzard+1","Core Surge+1","Master of Strategy+1","Finesse","Self Repair","Compile Driver+1","Cold Snap+1","Double Energy+1","Loop+1","Buffer+1","The Bomb+1","Dark Shackles+1","Multi-Cast","Biased Cognition","Loop"],"special_seed":18056,"relics":["Cracked Core","Question Card","Ice Cream","Gremlin Horn","Orichalcum","StoneCalendar","Lantern","Odd Mushroom","Symbiotic Virus","Astrolabe","DataDisk","Pocketwatch","Matryoshka","Mummified Hand","Pear","Bag of Preparation","Potion Belt","Whetstone","Omamori","Black Star","Thread and Needle","Juzu Bracelet","Blue Candle","Turnip","Vajra","Ancient Tea Set","Emotion Chip"],"potions_floor_usage":[8,12,14,21,23,40,50,50],"damage_taken":[{"damage":0,"enemies":"2 Louse","floor":1,"turns":2},{"damage":1,"enemies":"Cultist","floor":2,"turns":3},{"damage":45,"enemies":"Gremlin Nob","floor":6,"turns":5},{"damage":0,"enemies":"Small Slimes","floor":7,"turns":2},{"damage":12,"enemies":"3 Sentries","floor":8,"turns":4},{"damage":0,"enemies":"Lagavulin","floor":10,"turns":7},{"damage":1,"enemies":"The Mushroom Lair","floor":12,"turns":3},{"damage":3,"enemies":"Looter","floor":13,"turns":4},{"damage":12,"enemies":"Gremlin Nob","floor":14,"turns":4},{"damage":5,"enemies":"The Guardian","floor":16,"turns":9},{"damage":0,"enemies":"Chosen","floor":18,"turns":3},{"damage":6,"enemies":"2 Thieves","floor":20,"turns":4},{"damage":18,"enemies":"Colosseum Slavers","floor":21,"turns":3},{"damage":35,"enemies":"Colosseum Nobs","floor":21,"turns":4},{"damage":23,"enemies":"Slavers","floor":23,"turns":5},{"damage":0,"enemies":"Cultist and Chosen","floor":28,"turns":3},{"damage":0,"enemies":"Automaton","floor":33,"turns":9},{"damage":14,"enemies":"3 Darklings","floor":35,"turns":4},{"damage":23,"enemies":"2 Orb Walkers","floor":37,"turns":3},{"damage":0,"enemies":"Orb Walker","floor":38,"turns":3},{"damage":13,"enemies":"Maw","floor":39,"turns":7},{"damage":0,"enemies":"Nemesis","floor":40,"turns":5},{"damage":0,"enemies":"Mind Bloom Boss Battle","floor":41,"turns":4},{"damage":0,"enemies":"Transient","floor":44,"turns":5},{"damage":4,"enemies":"Reptomancer","floor":45,"turns":3},{"damage":36,"enemies":"Time Eater","floor":50,"turns":5}],"seed_played":"7782654409507782275","potions_obtained":[{"floor":6,"key":"AttackPotion"},{"floor":8,"key":"FairyPotion"},{"floor":10,"key":"SkillPotion"},{"floor":12,"key":"Poison Potion"},{"floor":16,"key":"Ancient Potion"},{"floor":18,"key":"FearPotion"},{"floor":21,"key":"SpeedPotion"},{"floor":40,"key":"Fruit Juice"},{"floor":41,"key":"FearPotion"}],"is_trial":false,"path_per_floor":["M","M","?","$","T","E","M","E","T","E","R","?","M","E","R","B",null,"M","$","M","?","T","E","?","R","T","R","M","$","R","T","R","B",null,"M","$","?","M","M","E","?","?","T","M","E","R","$","?","R","B",null],"character_chosen":"DEFECT","items_purchased":["Coolheaded","Self Repair","DataDisk","Loop","The Bomb","Loop","FocusPotion","Block Potion"],"campfire_rested":2,"item_purchase_floors":[4,19,19,29,36,47,47,47],"current_hp_per_floor":[75,74,74,74,74,29,29,17,17,17,39,38,35,23,23,18,75,75,75,75,36,46,30,30,30,30,30,30,30,30,30,55,62,85,81,81,65,72,66,78,78,78,78,85,81,81,81,81,81,52],"gold":55,"neow_bonus":"","is_prod":false,"is_daily":true,"chose_seed":false,"campfire_upgraded":6,"win_rate":0,"timestamp":1560070530,"path_taken":["M","M","?","$","?","E","M","E","T","E","R","?","M","E","R","BOSS","M","$","M","?","?","E","?","R","T","R","M","?","R","?","R","BOSS","M","$","?","M","M","E","?","?","T","M","E","R","$","?","R","BOSS"],"build_version":"2019-01-23","purchased_purges":2,"victory":true,"max_hp_per_floor":[75,75,75,75,75,75,75,75,75,75,75,75,75,75,75,75,75,75,75,75,75,85,85,85,85,85,85,85,85,85,85,85,85,85,85,85,85,85,85,90,90,90,90,90,90,90,90,90,90,90],"card_choices":[{"not_picked":["Lockon"],"picked":"Enlightenment","floor":1},{"not_picked":["Rebound"],"picked":"BootSequence","floor":2},{"not_picked":["Recycle","Impatience"],"picked":"Conserve Battery","floor":6},{"not_picked":["Coolheaded","Barrage"],"picked":"Panacea","floor":7},{"not_picked":["Rebound","Steam"],"picked":"Conserve Battery","floor":8},{"not_picked":["Steam","Barrage"],"picked":"Go for the Eyes","floor":10},{"not_picked":["PanicButton","Steam"],"picked":"Leap","floor":12},{"not_picked":["Mind Blast","Jack Of All Trades"],"picked":"Hologram","floor":13},{"not_picked":["Storm","Thunder Strike"],"picked":"Biased Cognition","floor":14},{"not_picked":["Beam Cell","Sweeping Beam"],"picked":"Finesse","floor":18},{"not_picked":["Deep Breath+1","Hello World+1"],"picked":"Compile Driver","floor":20},{"not_picked":["Leap","Sweeping Beam"],"picked":"Cold Snap","floor":23},{"not_picked":["Steam Power+1","Compile Driver","Go for the Eyes"],"picked":"SKIP","floor":28},{"not_picked":["Core Surge","Mayhem"],"picked":"Buffer","floor":33},{"not_picked":["Hologram+1","Go for the Eyes+1","Storm"],"picked":"SKIP","floor":35},{"not_picked":["Go for the Eyes","Conserve Battery","Hologram"],"picked":"SKIP","floor":38},{"not_picked":["Compile Driver+1","Cold Snap"],"picked":"Dark Shackles+1","floor":39},{"not_picked":["Conserve Battery","Blind+1"],"picked":"Multi-Cast","floor":40},{"not_picked":["Coolheaded+1","Streamline+1","Barrage"],"picked":"SKIP","floor":44},{"not_picked":["Mind Blast","Redo"],"picked":"Biased Cognition","floor":45}],"player_experience":628376,"relics_obtained":[{"floor":5,"key":"Ice Cream"},{"floor":6,"key":"Gremlin Horn"},{"floor":8,"key":"Orichalcum"},{"floor":9,"key":"StoneCalendar"},{"floor":10,"key":"Lantern"},{"floor":12,"key":"Odd Mushroom"},{"floor":14,"key":"Symbiotic Virus"},{"floor":21,"key":"Pocketwatch"},{"floor":21,"key":"Matryoshka"},{"floor":22,"key":"Mummified Hand"},{"floor":22,"key":"Pear"},{"floor":23,"key":"Bag of Preparation"},{"floor":26,"key":"Potion Belt"},{"floor":26,"key":"Whetstone"},{"floor":31,"key":"Omamori"},{"floor":37,"key":"Thread and Needle"},{"floor":40,"key":"Juzu Bracelet"},{"floor":40,"key":"Blue Candle"},{"floor":41,"key":"Turnip"},{"floor":43,"key":"Vajra"},{"floor":45,"key":"Ancient Tea Set"},{"floor":45,"key":"Emotion Chip"}],"event_choices":[{"damage_healed":0,"gold_gain":0,"player_choice":"Paid Gold","damage_taken":0,"relics_obtained":["Question Card"],"max_hp_gain":0,"max_hp_loss":0,"event_name":"WeMeetAgain","floor":3,"gold_loss":68},{"damage_healed":0,"gold_gain":0,"player_choice":"Fought Mushrooms","damage_taken":0,"max_hp_gain":0,"max_hp_loss":0,"event_name":"Mushrooms","floor":12,"gold_loss":0},{"damage_healed":0,"gold_gain":0,"player_choice":"Fight","damage_taken":0,"max_hp_gain":0,"max_hp_loss":0,"event_name":"Colosseum","floor":21,"gold_loss":0},{"damage_healed":0,"gold_gain":0,"player_choice":"Fought Nobs","damage_taken":0,"max_hp_gain":0,"max_hp_loss":0,"event_name":"Colosseum","floor":21,"gold_loss":0},{"damage_healed":0,"gold_gain":0,"cards_transformed":["Strike_B","Defend_B"],"player_choice":"Became Test Subject","damage_taken":0,"max_hp_gain":0,"max_hp_loss":0,"event_name":"Drug Dealer","floor":24,"gold_loss":0,"cards_obtained":["Double Energy","Scrape"]},{"damage_healed":0,"gold_gain":0,"player_choice":"Fight","damage_taken":0,"max_hp_gain":0,"max_hp_loss":0,"event_name":"Mysterious Sphere","floor":37,"gold_loss":0},{"damage_healed":0,"gold_gain":0,"player_choice":"Fight","damage_taken":0,"max_hp_gain":0,"max_hp_loss":0,"event_name":"MindBloom","floor":41,"gold_loss":0},{"cards_removed":["Madness"],"damage_healed":0,"gold_gain":0,"player_choice":"Removed Skill","damage_taken":0,"max_hp_gain":0,"max_hp_loss":0,"event_name":"Falling","floor":42,"gold_loss":0},{"damage_healed":0,"gold_gain":0,"player_choice":"Memory 1","damage_taken":0,"max_hp_gain":0,"max_hp_loss":0,"event_name":"SensoryStone","floor":48,"gold_loss":0}],"is_beta":false,"boss_relics":[{"not_picked":["Ectoplasm","Velvet Choker"],"picked":"Astrolabe"},{"not_picked":["Snecko Eye","Orrery"],"picked":"Black Star"}],"items_purged_floors":[29,47],"is_endless":false,"potions_floor_spawned":[6,8,10,12,16,18,20,21,40,41],"ascension_level":0}