{"gold_per_floor":[113,113,113,113,124,152,152,179,254,282,282,282,311,311,311,388,388,402,421,68,86,101,134,134,134,183,108,8,38,58,84,84,161,161,174,174,174,174,130,165,86,119,173,0,0,0,34,48,48,48],"floor_reached":51,"playtime":3376,"items_purged":["Strike_B","Strike_B+1"],"score":1681,"play_id":"cae1ee30-9840-47d7-a26a-c702306f77b6","local_time":"20190603113518","is_ascension_mode":true,"campfire_choices":[{"data":"Zap","floor":7.0,"key":"SMITH"},{"floor":12.0,"key":"REST"},{"data":"Coolheaded","floor":15.0,"key":"SMITH"},{"floor":24.0,"key":"REST"},{"floor":32.0,"key":"RECALL"},{"floor":49,"key":"REST"}],"neow_cost":"NONE","seed_source_timestamp":0,"circlet_count":0,"master_deck":["AscendersBane","Defend_B","Defend_B","Defend_B","Zap+1","Dualcast","Gash","Cold Snap","Gash","Coolheaded+1","Hologram+1","Electrodynamics","All For One","Hologram+1","Self Repair+1","Go for the Eyes+1","Gash","Sweeping Beam","Coolheaded","Reboot","Coolheaded+1","Defragment","Coolheaded","Capacitor","Compile Driver","Reinforced Body"],"special_seed":0,"relics":["Cracked Core","NeowsBlessing","Happy Flower","FossilizedHelix","PreservedInsect","Juzu Bracelet","Blood Vial","Fusion Hammer","Cables","Omamori","Bag of Marbles","Letter Opener","Vajra","Cursed Key","Dodecahedron","Singing Bowl","Strawberry","Red Mask","Frozen Egg 2","Art of War"],"potions_floor_usage":[50,50],"damage_taken":[{"damage":0.0,"enemies":"Jaw Worm","floor":1.0,"turns":1.0},{"damage":0.0,"enemies":"Small Slimes","floor":5.0,"turns":1.0},{"damage":0.0,"enemies":"Lagavulin","floor":6.0,"turns":1.0},{"damage":16.0,"enemies":"3 Sentries","floor":8.0,"turns":7.0},{"damage":6.0,"enemies":"Lagavulin","floor":10.0,"turns":5.0},{"damage":0.0,"enemies":"Gremlin Nob","floor":13.0,"turns":3.0},{"damage":1.0,"enemies":"The Guardian","floor":16.0,"turns":8.0},{"damage":11.0,"enemies":"2 Thieves","floor":18.0,"turns":3.0},{"damage":17.0,"enemies":"3 Byrds","floor":19.0,"turns":4.0},{"damage":0.0,"enemies":"3 Cultists","floor":21.0,"turns":2.0},{"damage":1.0,"enemies":"Centurion and Healer","floor":22.0,"turns":6.0},{"damage":19.0,"enemies":"Book of Stabbing","floor":23.0,"turns":4.0},{"damage":10.0,"enemies":"Slavers","floor":29.0,"turns":3.0},{"damage":0.0,"enemies":"Snecko","floor":30.0,"turns":2.0},{"damage":26.0,"enemies":"Collector","floor":33.0,"turns":7.0},{"damage":11.0,"enemies":"3 Darklings","floor":35.0,"turns":6.0},{"damage":0.0,"enemies":"Reptomancer","floor":40.0,"turns":4.0},{"damage":0.0,"enemies":"Giant Head","floor":42.0,"turns":4.0},{"damage":0,"enemies":"Nemesis","floor":47,"turns":7},{"damage":0,"enemies":"Orb Walker","floor":48,"turns":3},{"damage":18,"enemies":"Time Eater","floor":50,"turns":8}],"seed_played":"1617816254941705482","potions_obtained":[{"floor":5.0,"key":"Ancient Potion"},{"floor":8.0,"key":"FocusPotion"},{"floor":19.0,"key":"SkillPotion"},{"floor":40.0,"key":"FocusPotion"},{"floor":42.0,"key":"Block Potion"}],"is_trial":false,"path_per_floor":["M","?","?","?","M","E","R","E","T","E","?","R","E","?","R","B",null,"M","M","$","M","M","E","R","?","T","?","$","E","M","T","R","B",null,"M","?","?","?","$","E","$","E","T","?","?","?","E","M","R","B",null],"character_chosen":"DEFECT","items_purchased":["Cables","Defragment","Capacitor"],"campfire_rested":3,"item_purchase_floors":[20,39,41],"current_hp_per_floor":[64,69,46,41,41,41,41,25,25,19,19,41,41,34,34,35,66,57,42,42,44,55,48,70,70,70,70,70,72,76,76,76,60,72,73,69,69,69,69,72,72,72,79,79,79,79,79,81,81,73],"gold":48,"neow_bonus":"THREE_ENEMY_KILL","is_prod":false,"is_daily":false,"chose_seed":false,"campfire_upgraded":2,"win_rate":0,"timestamp":1559554518,"path_taken":["M","?","?","?","M","E","R","E","T","E","?","R","E","?","R","BOSS","M","M","$","M","M","E","R","?","T","?","$","E","M","?","R","BOSS","M","?","?","?","$","E","?","E","T","?","?","?","E","M","R","BOSS"],"build_version":"2019-01-23","purchased_purges":2,"victory":true,"max_hp_per_floor":[71,76,76,76,76,76,76,76,76,76,76,76,76,76,76,76,76,76,76,76,76,76,76,76,76,76,76,76,76,76,76,76,76,76,76,76,72,72,72,72,72,72,79,79,79,79,79,81,81,81],"card_choices":[{"not_picked":["Cold Snap","Leap"],"picked":"Gash","floor":1.0},{"not_picked":["Steam Power","Steam"],"picked":"Cold Snap","floor":5.0},{"not_picked":["Fission","Rip and Tear"],"picked":"Gash","floor":6.0},{"not_picked":["Steam Power","Leap"],"picked":"Coolheaded","floor":8.0},{"not_picked":["Beam Cell","Cold Snap"],"picked":"Hologram","floor":10.0},{"not_picked":["Stack","Barrage"],"picked":"Electrodynamics","floor":13.0},{"not_picked":["Electrodynamics","Biased Cognition"],"picked":"All For One","floor":16.0},{"not_picked":["Rebound","Streamline"],"picked":"Hologram+1","floor":18.0},{"not_picked":["Fusion","Sweeping Beam+1"],"picked":"Compile Driver","floor":19.0},{"not_picked":["Rebound","Redo"],"picked":"Self Repair+1","floor":21.0},{"not_picked":["Darkness","Rebound"],"picked":"Go for the Eyes+1","floor":22.0},{"not_picked":["Heatsinks","Doom and Gloom"],"picked":"Gash","floor":23.0},{"not_picked":["Recycle","Lockon"],"picked":"Sweeping Beam","floor":29.0},{"not_picked":["Compile Driver","Turbo"],"picked":"Coolheaded","floor":30.0},{"not_picked":["Buffer","Thunder Strike"],"picked":"Reboot","floor":33.0},{"not_picked":["White Noise+1","BootSequence"],"picked":"Coolheaded+1","floor":35.0},{"not_picked":["Lockon+1","BootSequence"],"picked":"Coolheaded","floor":40.0},{"not_picked":["Rebound+1","Leap"],"picked":"Compile Driver","floor":42.0},{"not_picked":["Steam Power","Sunder"],"picked":"Reinforced Body","floor":47},{"not_picked":["Storm+1","Hello World+1","Hologram"],"picked":"Singing Bowl","floor":48}],"player_experience":775461,"relics_obtained":[{"floor":6.0,"key":"FossilizedHelix"},{"floor":8.0,"key":"PreservedInsect"},{"floor":10.0,"key":"Juzu Bracelet"},{"floor":13.0,"key":"Blood Vial"},{"floor":23.0,"key":"Omamori"},{"floor":26.0,"key":"Bag of Marbles"},{"floor":29.0,"key":"Letter Opener"},{"floor":31.0,"key":"Vajra"},{"floor":40.0,"key":"Dodecahedron"},{"floor":42.0,"key":"Singing Bowl"},{"floor":43.0,"key":"Strawberry"},{"floor":47,"key":"Art of War"}],"event_choices":[{"damage_healed":0.0,"max_hp_gain":5.0,"max_hp_loss":0.0,"gold_gain":0.0,"event_name":"Big Fish","player_choice":"Donut","floor":2.0,"gold_loss":0.0,"damage_taken":0.0},{"damage_healed":0.0,"max_hp_gain":0.0,"max_hp_loss":0.0,"gold_gain":0.0,"event_name":"Shining Light","player_choice":"Entered Light","floor":3.0,"gold_loss":0.0,"damage_taken":23.0,"cards_upgraded":["Strike_B","Strike_B"]},{"damage_healed":0.0,"max_hp_gain":0.0,"max_hp_loss":0.0,"gold_gain":0.0,"event_name":"Scrap Ooze","player_choice":"Success","floor":4.0,"gold_loss":0.0,"damage_taken":5.0,"relics_obtained":["Happy Flower"]},{"damage_healed":0.0,"max_hp_gain":0.0,"max_hp_loss":0.0,"gold_gain":0.0,"event_name":"Living Wall","player_choice":"Grow","floor":11.0,"gold_loss":0.0,"damage_taken":0.0,"cards_upgraded":["Hologram"]},{"cards_removed":["Strike_B"],"damage_healed":0.0,"max_hp_gain":0.0,"max_hp_loss":0.0,"gold_gain":0.0,"event_name":"Golden Wing","player_choice":"Card Removal","floor":14.0,"gold_loss":0.0,"damage_taken":7.0},{"damage_healed":0.0,"max_hp_gain":0.0,"max_hp_loss":0.0,"gold_gain":0.0,"event_name":"Vampires","player_choice":"Ignored","floor":25.0,"gold_loss":0.0,"damage_taken":0.0},{"cards_removed":["Strike_B"],"damage_healed":0.0,"max_hp_gain":0.0,"max_hp_loss":0.0,"gold_gain":0.0,"event_name":"Beggar","player_choice":"Gave Gold","floor":27.0,"gold_loss":75.0,"damage_taken":0.0},{"damage_healed":0.0,"max_hp_gain":0.0,"max_hp_loss":0.0,"gold_gain":0.0,"event_name":"The Woman in Blue","player_choice":"Bought 0 Potions","floor":36.0,"gold_loss":0.0,"damage_taken":0.0},{"damage_healed":0.0,"max_hp_gain":0.0,"max_hp_loss":4.0,"gold_gain":0.0,"event_name":"Winding Halls","player_choice":"Max HP","floor":37.0,"gold_loss":0.0,"damage_taken":0.0},{"cards_removed":["Defend_B"],"damage_healed":0.0,"max_hp_gain":0.0,"max_hp_loss":0.0,"gold_gain":0.0,"event_name":"Falling","player_choice":"Removed Skill","floor":38.0,"gold_loss":0.0,"damage_taken":0.0},{"damage_healed":0.0,"max_hp_gain":0.0,"max_hp_loss":0.0,"gold_gain":0.0,"event_name":"Tomb of Lord Red Mask","player_choice":"Paid","floor":44.0,"gold_loss":173.0,"damage_taken":0.0,"relics_obtained":["Red Mask"]},{"cards_removed":["Compile Driver"],"damage_healed":0.0,"max_hp_gain":0.0,"max_hp_loss":0.0,"gold_gain":0.0,"event_name":"WeMeetAgain","player_choice":"Gave Card","floor":45.0,"gold_loss":0.0,"damage_taken":0.0,"relics_obtained":["Frozen Egg 2"]},{"damage_healed":0,"gold_gain":0,"player_choice":"Ignored","damage_taken":0,"max_hp_gain":0,"max_hp_loss":0,"event_name":"Mysterious Sphere","floor":46,"gold_loss":0}],"is_beta":false,"boss_relics":[{"not_picked":["Astrolabe","Empty Cage"],"picked":"Fusion Hammer"},{"not_picked":["Orrery","Coffee Dripper"],"picked":"Cursed Key"}],"items_purged_floors":[20,28],"is_endless":false,"potions_floor_spawned":[5,8,19,22,23,29,40,42,47],"ascension_level":17}