{"gold_per_floor":[113,129,129,142,162,192,192,218,218,218,246,246,262,291,291,389,389,406,505,519,4,4,4,30,30,56,91,105,105,116,68,68,163,163,181,181,199,211,224,224,256,256,280,315,339,376,388,417,429,441],"floor_reached":51,"playtime":4164,"items_purged":["Strike_R"],"score":947,"play_id":"24e7808c-2a94-4c08-a566-571a75ab6aa1","local_time":"20190116213351","is_ascension_mode":true,"campfire_choices":[{"floor":10.0,"key":"REST"},{"floor":12.0,"key":"REST"},{"data":"Body Slam","floor":15.0,"key":"SMITH"},{"data":"Disarm","floor":23,"key":"SMITH"},{"data":"Pommel Strike","floor":25,"key":"SMITH"},{"data":"Reaper","floor":32,"key":"SMITH"},{"data":"Feed","floor":40,"key":"SMITH"},{"data":"Body Slam","floor":42,"key":"SMITH"},{"data":"Clothesline","floor":49,"key":"SMITH"}],"neow_cost":"NONE","seed_source_timestamp":0,"circlet_count":0,"master_deck":["Strike_R","Strike_R+1","Strike_R","Strike_R","Defend_R","Defend_R","Defend_R","Defend_R","Bash+1","Rage","Iron Wave+1","Iron Wave","Uppercut+1","Impervious","Disarm+1","Body Slam+1","Warcry+1","Armaments+1","Limit Break+1","Spot Weakness+1","Pummel+1","Disarm+1","Pommel Strike+1","Body Slam+1","Clothesline+1","Reaper+1","Shrug It Off+1","Feed+1","Heavy Blade+1","Anger","Uppercut+1","Pummel+1","Body Slam+1","Flame Barrier+1","Ghostly Armor+1","Sword Boomerang+1","Shrug It Off+1"],"special_seed":0,"relics":["Burning Blood","Dream Catcher","Bird Faced Urn","Darkstone Periapt","Toxic Egg 2","Sundial","Strawberry","Runic Dome","Shuriken","Whetstone","Centennial Puzzle","Boot","Dodecahedron","Coffee Dripper","Bronze Scales","Red Skull","Blood Vial","MawBank","PreservedInsect"],"potions_floor_usage":[16,20,24,33,41,46,50,50],"damage_taken":[{"damage":7.0,"enemies":"2 Louse","floor":1.0,"turns":4.0},{"damage":7.0,"enemies":"Jaw Worm","floor":2.0,"turns":5.0},{"damage":0.0,"enemies":"Small Slimes","floor":4.0,"turns":4.0},{"damage":0.0,"enemies":"Blue Slaver","floor":5.0,"turns":4.0},{"damage":28.0,"enemies":"Gremlin Nob","floor":6.0,"turns":5.0},{"damage":24.0,"enemies":"3 Sentries","floor":8.0,"turns":11.0},{"damage":17.0,"enemies":"Lagavulin","floor":11.0,"turns":8.0},{"damage":1.0,"enemies":"Gremlin Gang","floor":13.0,"turns":5.0},{"damage":12.0,"enemies":"Gremlin Nob","floor":14.0,"turns":5.0},{"damage":55,"enemies":"Slime Boss","floor":16,"turns":10},{"damage":12,"enemies":"Chosen","floor":18,"turns":6},{"damage":8,"enemies":"3 Byrds","floor":20,"turns":6},{"damage":4,"enemies":"Book of Stabbing","floor":24,"turns":6},{"damage":34,"enemies":"Slavers","floor":27,"turns":7},{"damage":0,"enemies":"Snake Plant","floor":28,"turns":5},{"damage":6,"enemies":"Cultist and Chosen","floor":30,"turns":5},{"damage":71,"enemies":"Collector","floor":33,"turns":9},{"damage":9,"enemies":"Orb Walker","floor":35,"turns":3},{"damage":8,"enemies":"3 Shapes","floor":37,"turns":5},{"damage":3,"enemies":"Jaw Worm Horde","floor":38,"turns":3},{"damage":31,"enemies":"Writhing Mass","floor":39,"turns":5},{"damage":38,"enemies":"Giant Head","floor":41,"turns":8},{"damage":7,"enemies":"Nemesis","floor":44,"turns":3},{"damage":8,"enemies":"Spire Growth","floor":45,"turns":2},{"damage":11,"enemies":"Giant Head","floor":46,"turns":7},{"damage":35,"enemies":"Jaw Worm Horde","floor":48,"turns":4},{"damage":35,"enemies":"Awakened One","floor":50,"turns":8}],"seed_played":"-6957578020048261862","potions_obtained":[{"floor":1.0,"key":"BloodPotion"},{"floor":5.0,"key":"Dexterity Potion"},{"floor":6.0,"key":"FearPotion"},{"floor":11.0,"key":"Fire Potion"},{"floor":16,"key":"Explosive Potion"},{"floor":20,"key":"SkillPotion"},{"floor":24,"key":"Poison Potion"},{"floor":33,"key":"FairyPotion"},{"floor":37,"key":"Ancient Potion"},{"floor":38,"key":"SkillPotion"},{"floor":41,"key":"BloodPotion"},{"floor":46,"key":"Fire Potion"}],"is_trial":false,"path_per_floor":["M","M","?","M","M","E","?","E","T","R","E","R","M","E","R","B",null,"M","?","M","$","?","R","E","R","T","E","M","?","M","$","R","B",null,"M","?","M","M","M","R","E","R","T","E","M","E","?","M","R","B",null],"character_chosen":"IRONCLAD","items_purchased":["Shuriken","Disarm+1","Whetstone","Shrug It Off+1"],"campfire_rested":2,"item_purchase_floors":[21,21,21,31],"current_hp_per_floor":[79,78,78,80,80,58,42,32,32,56,45,69,74,75,75,26,87,81,81,79,79,79,79,81,81,81,53,59,59,59,59,59,12,87,87,87,88,91,66,66,50,50,50,55,55,70,70,52,52,51],"gold":453,"neow_bonus":"RANDOM_COMMON_RELIC","is_prod":false,"is_daily":false,"chose_seed":false,"campfire_upgraded":7,"win_rate":0,"timestamp":1547663631,"path_taken":["M","M","?","M","M","E","?","E","T","R","E","R","M","E","R","BOSS","M","?","M","$","?","R","E","R","T","E","M","?","?","?","R","BOSS","M","?","?","M","M","R","E","R","T","E","M","E","?","M","R","BOSS"],"build_version":"2019-01-10","purchased_purges":1,"victory":true,"max_hp_per_floor":[80,80,80,80,80,80,80,80,80,80,80,80,80,87,87,87,87,87,87,87,87,87,87,87,87,87,87,87,87,87,87,87,87,87,90,90,93,93,93,93,97,97,97,101,101,101,96,100,100,100],"card_choices":[{"not_picked":["Thunderclap","Burning Pact"],"picked":"Rage","floor":1.0},{"not_picked":["Cleave","Rage"],"picked":"Iron Wave","floor":2.0},{"not_picked":["Disarm","Havoc"],"picked":"Iron Wave","floor":4.0},{"not_picked":["Warcry","Evolve"],"picked":"Uppercut","floor":5.0},{"not_picked":["Heavy Blade","Body Slam"],"picked":"Impervious","floor":6.0},{"not_picked":["Corruption","Havoc"],"picked":"Disarm","floor":8.0},{"not_picked":["Iron Wave","Anger"],"picked":"Body Slam","floor":10.0},{"not_picked":["Sword Boomerang","Anger"],"picked":"Warcry+1","floor":11.0},{"not_picked":["Burning Pact+1","Headbutt"],"picked":"Armaments+1","floor":12.0},{"not_picked":["Wild Strike","Warcry+1"],"picked":"Seeing Red+1","floor":13.0},{"not_picked":["Feel No Pain","Uppercut","Sever Soul"],"picked":"SKIP","floor":14.0},{"not_picked":["Fiend Fire","Berserk"],"picked":"Limit Break+1","floor":16},{"not_picked":["Cleave+1","Reckless Charge+1"],"picked":"Spot Weakness+1","floor":18},{"not_picked":["Thunderclap","Clothesline+1"],"picked":"Pummel+1","floor":20},{"not_picked":["Flex+1","Clothesline"],"picked":"Pommel Strike","floor":24},{"not_picked":["Carnage+1","Iron Wave"],"picked":"Body Slam","floor":27},{"not_picked":["Flex+1","Rupture"],"picked":"Clothesline","floor":28},{"not_picked":["Body Slam","Seeing Red+1"],"picked":"Reaper","floor":30},{"not_picked":["Dark Embrace","Juggernaut"],"picked":"Feed","floor":33},{"not_picked":["Iron Wave+1","Pommel Strike+1"],"picked":"Heavy Blade+1","floor":35},{"not_picked":["Heavy Blade+1","Power Through+1"],"picked":"Anger","floor":37},{"not_picked":["Rage+1","Feel No Pain"],"picked":"Uppercut+1","floor":38},{"not_picked":["Havoc+1","Flex+1"],"picked":"Pummel+1","floor":39},{"not_picked":["Seeing Red+1","Perfected Strike+1"],"picked":"Body Slam+1","floor":41},{"not_picked":["Combust+1","Sword Boomerang"],"picked":"Flame Barrier+1","floor":44},{"not_picked":["Thunderclap","Rupture+1"],"picked":"Ghostly Armor+1","floor":45},{"not_picked":["Rupture+1","Feed"],"picked":"Sword Boomerang+1","floor":46},{"not_picked":["Havoc+1","Warcry+1"],"picked":"Shrug It Off+1","floor":48}],"player_experience":27942,"relics_obtained":[{"floor":6.0,"key":"Bird Faced Urn"},{"floor":8.0,"key":"Darkstone Periapt"},{"floor":9.0,"key":"Toxic Egg 2"},{"floor":11.0,"key":"Sundial"},{"floor":14.0,"key":"Strawberry"},{"floor":24,"key":"Centennial Puzzle"},{"floor":26,"key":"Boot"},{"floor":27,"key":"Dodecahedron"},{"floor":41,"key":"Red Skull"},{"floor":43,"key":"Blood Vial"},{"floor":44,"key":"MawBank"},{"floor":46,"key":"PreservedInsect"}],"event_choices":[{"damage_healed":0.0,"max_hp_gain":0.0,"max_hp_loss":0.0,"gold_gain":0.0,"event_name":"Liars Game","player_choice":"Ignored","floor":3.0,"gold_loss":0.0,"damage_taken":0.0},{"damage_healed":0.0,"max_hp_gain":0.0,"max_hp_loss":0.0,"gold_gain":0.0,"event_name":"Shining Light","player_choice":"Entered Light","floor":7.0,"gold_loss":0.0,"damage_taken":16.0,"cards_upgraded":["Uppercut","Strike_R"]},{"damage_healed":0,"gold_gain":99,"player_choice":"Stole From Cult","damage_taken":0,"max_hp_gain":0,"max_hp_loss":0,"event_name":"Nest","floor":19,"gold_loss":0},{"damage_healed":0,"gold_gain":0,"player_choice":"Ignored","damage_taken":0,"max_hp_gain":0,"max_hp_loss":0,"event_name":"Vampires","floor":22,"gold_loss":0},{"cards_removed":["Seeing Red"],"damage_healed":0,"gold_gain":0,"player_choice":"Purged","damage_taken":0,"max_hp_gain":0,"max_hp_loss":0,"event_name":"Purifier","floor":29,"gold_loss":0},{"damage_healed":0,"gold_gain":0,"player_choice":"Gave Potion","damage_taken":0,"relics_obtained":["Bronze Scales"],"max_hp_gain":0,"max_hp_loss":0,"event_name":"WeMeetAgain","floor":36,"gold_loss":0},{"damage_healed":0,"gold_gain":0,"player_choice":"Max HP","damage_taken":0,"max_hp_gain":0,"max_hp_loss":5,"event_name":"Winding Halls","floor":47,"gold_loss":0}],"is_beta":false,"boss_relics":[{"not_picked":["Black Blood","Fusion Hammer"],"picked":"Runic Dome"},{"not_picked":["Orrery","Cursed Key"],"picked":"Coffee Dripper"}],"items_purged_floors":[21],"is_endless":false,"potions_floor_spawned":[1,5,6,11,16,20,24,33,37,38,41,46],"ascension_level":3}