{"gold_per_floor":[116,116,64,79,79,79,122,122,176,176,176,219,233,233,233,233],"floor_reached":16,"playtime":448,"items_purged":[],"score":210,"play_id":"97c97539-1800-41e7-ac9b-df1aaca73aff","local_time":"20190330010008","is_ascension_mode":true,"campfire_choices":[{"data":"Footwork","floor":6,"key":"SMITH"},{"data":"Dash","floor":8,"key":"SMITH"},{"floor":11,"key":"REST"},{"floor":15,"key":"REST"}],"neow_cost":"NONE","seed_source_timestamp":1445712157376739,"circlet_count":0,"master_deck":["AscendersBane","Defend_G","Defend_G","Defend_G+1","Defend_G+1","Defend_G","Strike_G","Strike_G","Strike_G+1","Strike_G","Strike_G+1","Survivor","Neutralize","Footwork+1","Backflip","Dash+1","Corpse Explosion"],"relics":["Ring of the Snake","NeowsBlessing","Golden Idol","Omamori","Pen Nib","War Paint","Blood Vial"],"potions_floor_usage":[12],"damage_taken":[{"damage":0,"enemies":"2 Louse","floor":1,"turns":1},{"damage":0,"enemies":"Jaw Worm","floor":4,"turns":1},{"damage":0,"enemies":"3 Sentries","floor":7,"turns":2},{"damage":33,"enemies":"Gremlin Nob","floor":12,"turns":6},{"damage":2,"enemies":"Cultist","floor":13,"turns":4},{"damage":46,"enemies":"Hexaghost","floor":16,"turns":17}],"seed_played":"-7982446953339159138","potions_obtained":[{"floor":1,"key":"EssenceOfSteel"}],"is_trial":false,"path_per_floor":["M","?","$","M","?","R","E","R","T","?","R","E","M","T","R","B"],"character_chosen":"THE_SILENT","items_purchased":["Backflip"],"campfire_rested":2,"item_purchase_floors":[3],"current_hp_per_floor":[63,68,68,68,50,50,50,50,50,35,57,24,22,22,44,0],"gold":233,"neow_bonus":"THREE_ENEMY_KILL","is_prod":false,"is_daily":false,"chose_seed":false,"campfire_upgraded":2,"win_rate":0,"timestamp":1553932808,"path_taken":["M","?","$","M","?","R","E","R","T","?","R","E","M","?","R","BOSS"],"build_version":"2019-01-23","purchased_purges":0,"victory":false,"max_hp_per_floor":[70,75,75,75,75,75,75,75,75,75,75,75,75,75,75,75],"card_choices":[{"not_picked":["Masterful Stab","Bouncing Flask"],"picked":"Footwork","floor":1},{"not_picked":["Blade Dance","Sucker Punch"],"picked":"Dash","floor":4},{"not_picked":["Expertise","Outmaneuver"],"picked":"Corpse Explosion","floor":7},{"not_picked":["Dash","Sucker Punch","Endless Agony"],"picked":"SKIP","floor":12},{"not_picked":["Dash","Sucker Punch","Endless Agony"],"picked":"SKIP","floor":12},{"not_picked":["Dodge and Roll","Prepared","Outmaneuver"],"picked":"SKIP","floor":13}],"player_experience":540254,"relics_obtained":[{"floor":7,"key":"Omamori"},{"floor":9,"key":"Pen Nib"},{"floor":12,"key":"War Paint"},{"floor":14,"key":"Blood Vial"}],"event_choices":[{"damage_healed":0,"gold_gain":0,"player_choice":"Donut","damage_taken":0,"max_hp_gain":5,"max_hp_loss":0,"event_name":"Big Fish","floor":2,"gold_loss":0},{"damage_healed":0,"gold_gain":0,"player_choice":"Take Damage","damage_taken":18,"relics_obtained":["Golden Idol"],"max_hp_gain":0,"max_hp_loss":0,"event_name":"Golden Idol","floor":5,"gold_loss":0},{"damage_healed":0,"gold_gain":0,"player_choice":"Entered Light","damage_taken":15,"max_hp_gain":0,"max_hp_loss":0,"event_name":"Shining Light","floor":10,"gold_loss":0,"cards_upgraded":["Strike_G","Strike_G"]}],"is_beta":false,"boss_relics":[],"items_purged_floors":[],"is_endless":false,"potions_floor_spawned":[1],"killed_by":"Hexaghost","ascension_level":12}