{"gold_per_floor":[115,115,115,135,135,160,173,203,203,221,232,232,249,275,275,348,348,326,352,123,139,151,151,151],"floor_reached":24,"playtime":2150,"items_purged":["Strike_R"],"score":395,"play_id":"ff055c9f-74ce-4445-82c5-298ce691a8f8","local_time":"20190325232602","is_ascension_mode":true,"campfire_choices":[{"floor":15.0,"key":"REST"},{"floor":23,"key":"REST"}],"neow_cost":"NONE","seed_source_timestamp":895096674995670,"circlet_count":0,"master_deck":["AscendersBane","Strike_R","Defend_R","Defend_R","Defend_R","Defend_R","Bash+1","Iron Wave+1","Shockwave","Clothesline","Flame Barrier","Uppercut","Reaper","Dual Wield","Carnage","Immolate","Clothesline+1","Ghostly Armor+1","Clash+1","Metallicize","Double Tap","Shrug It Off+1"],"special_seed":0,"relics":["Burning Blood","Centennial Puzzle","Paper Frog","Anchor","Oddly Smooth Stone","Matryoshka","Odd Mushroom","Astrolabe","Red Mask"],"potions_floor_usage":[24],"damage_taken":[{"damage":7.0,"enemies":"Small Slimes","floor":1.0,"turns":3.0},{"damage":4.0,"enemies":"Jaw Worm","floor":4.0,"turns":4.0},{"damage":29.0,"enemies":"Gremlin Nob","floor":6.0,"turns":4.0},{"damage":1.0,"enemies":"Cultist","floor":7.0,"turns":3.0},{"damage":25.0,"enemies":"3 Sentries","floor":8.0,"turns":9.0},{"damage":8.0,"enemies":"3 Louse","floor":10.0,"turns":5.0},{"damage":0.0,"enemies":"Looter","floor":11.0,"turns":2.0},{"damage":8.0,"enemies":"Exordium Thugs","floor":13.0,"turns":5.0},{"damage":28.0,"enemies":"The Mushroom Lair","floor":14.0,"turns":6.0},{"damage":46.0,"enemies":"Hexaghost","floor":16.0,"turns":13.0},{"damage":6.0,"enemies":"2 Thieves","floor":18.0,"turns":4.0},{"damage":40.0,"enemies":"Masked Bandits","floor":19.0,"turns":4.0},{"damage":17,"enemies":"3 Byrds","floor":21,"turns":7},{"damage":16,"enemies":"Centurion and Healer","floor":22,"turns":8},{"damage":62,"enemies":"Slavers","floor":24,"turns":5}],"seed_played":"-6039101530763832024","potions_obtained":[{"floor":4.0,"key":"SteroidPotion"},{"floor":6.0,"key":"Dexterity Potion"},{"floor":11.0,"key":"EssenceOfSteel"},{"floor":13.0,"key":"Weak Potion"},{"floor":22,"key":"Weak Potion"}],"is_trial":false,"path_per_floor":["M","?","?","M","T","E","M","E","T","M","M","?","M","?","R","B",null,"M","?","$","M","M","R","E"],"character_chosen":"IRONCLAD","items_purchased":["Double Tap"],"campfire_rested":2,"item_purchase_floors":[20],"current_hp_per_floor":[67,62,62,64,64,41,46,27,27,25,31,31,37,29,51,18,61,61,27,27,34,24,46,0],"gold":151,"neow_bonus":"UPGRADE_CARD","is_prod":false,"is_daily":false,"chose_seed":false,"campfire_upgraded":0,"win_rate":0,"timestamp":1553549162,"path_taken":["M","?","?","M","?","E","M","E","T","?","M","?","M","?","R","BOSS","M","?","$","M","M","R","E"],"build_version":"2019-01-23","purchased_purges":1,"victory":false,"max_hp_per_floor":[75,75,75,75,75,75,75,75,75,75,75,75,75,75,75,75,75,75,75,75,75,75,75,75],"card_choices":[{"not_picked":["Perfected Strike","Bloodletting"],"picked":"Iron Wave","floor":1.0},{"not_picked":["Clash","Blood for Blood"],"picked":"Shockwave","floor":4.0},{"not_picked":["Inflame","Iron Wave"],"picked":"Clothesline","floor":6.0},{"not_picked":["Sever Soul","Body Slam","Clash"],"picked":"SKIP","floor":7.0},{"not_picked":["Sever Soul","Body Slam","Clash"],"picked":"SKIP","floor":7.0},{"not_picked":["Iron Wave","Body Slam"],"picked":"Flame Barrier","floor":8.0},{"not_picked":["Burning Pact","Flex"],"picked":"Uppercut","floor":10.0},{"not_picked":["Shrug It Off","Pummel"],"picked":"Reaper","floor":11.0},{"not_picked":["Feel No Pain","Headbutt"],"picked":"Dual Wield","floor":13.0},{"not_picked":["Perfected Strike","Body Slam"],"picked":"Carnage","floor":14.0},{"not_picked":["Berserk","Demon Form"],"picked":"Immolate","floor":16.0},{"not_picked":["Sentinel","Clash","Heavy Blade"],"picked":"SKIP","floor":18.0},{"not_picked":["Heavy Blade","Dual Wield+1"],"picked":"Metallicize","floor":19.0},{"not_picked":["Rampage","Havoc"],"picked":"Shrug It Off+1","floor":21},{"not_picked":["Anger+1","Bloodletting","Searing Blow"],"picked":"SKIP","floor":22}],"player_experience":383682,"relics_obtained":[{"floor":5.0,"key":"Paper Frog"},{"floor":6.0,"key":"Anchor"},{"floor":8.0,"key":"Oddly Smooth Stone"},{"floor":9.0,"key":"Matryoshka"},{"floor":14.0,"key":"Odd Mushroom"},{"floor":19.0,"key":"Red Mask"}],"event_choices":[{"damage_healed":0.0,"max_hp_gain":0.0,"max_hp_loss":0.0,"gold_gain":0.0,"event_name":"Scrap Ooze","player_choice":"Success","floor":2.0,"gold_loss":0.0,"damage_taken":5.0,"relics_obtained":["Centennial Puzzle"]},{"damage_healed":0.0,"max_hp_gain":0.0,"max_hp_loss":0.0,"gold_gain":0.0,"event_name":"Living Wall","player_choice":"Grow","floor":3.0,"gold_loss":0.0,"damage_taken":0.0,"cards_upgraded":["Iron Wave"]},{"damage_healed":0.0,"max_hp_gain":0.0,"max_hp_loss":0.0,"gold_gain":0.0,"event_name":"Golden Idol","player_choice":"Ignored","floor":12.0,"gold_loss":0.0,"damage_taken":0.0},{"damage_healed":0.0,"max_hp_gain":0.0,"max_hp_loss":0.0,"gold_gain":0.0,"event_name":"Mushrooms","player_choice":"Fought Mushrooms","floor":14.0,"gold_loss":0.0,"damage_taken":0.0},{"damage_healed":0.0,"max_hp_gain":0.0,"max_hp_loss":0.0,"gold_gain":0.0,"event_name":"Masked Bandits","player_choice":"Fought Bandits","floor":19.0,"gold_loss":0.0,"damage_taken":0.0}],"is_beta":false,"boss_relics":[{"not_picked":["Mark of Pain","Ectoplasm"],"picked":"Astrolabe"}],"items_purged_floors":[20],"is_endless":false,"potions_floor_spawned":[4,6,11,13,22],"killed_by":"Slavers","ascension_level":18}