{"gold_per_floor":[110,110,185,185,196,225,225,260,260,260,210,225,238,52,52,149,149,160,178,6,6,6,6,6,6,6,17,29,29],"floor_reached":29,"playtime":1600,"items_purged":["Strike_G","Strike_G"],"score":333,"play_id":"5c8efcba-fbc4-47ea-82a1-eff64c3a85cd","local_time":"20190102195131","is_ascension_mode":true,"campfire_choices":[{"data":"Bouncing Flask","floor":7,"key":"SMITH"},{"data":"Leg Sweep","floor":10,"key":"SMITH"},{"data":"Catalyst","floor":15,"key":"SMITH"},{"floor":23,"key":"REST"},{"data":"Catalyst","floor":25,"key":"SMITH"}],"neow_cost":"NONE","seed_source_timestamp":1080818957031013,"circlet_count":0,"master_deck":["Defend_G+1","Defend_G+1","Defend_G+1","Defend_G+1","Strike_G+1","Strike_G+1","Survivor","Neutralize","Leg Sweep+1","Backflip","Bouncing Flask+1","Infinite Blades","Acrobatics","Acrobatics","Catalyst+1","Backstab+1","After Image","Catalyst+1","Footwork","After Image","Cloak And Dagger","Calculated Gamble+1"],"relics":["Ring of the Snake","NeowsBlessing","Darkstone Periapt","Strawberry","Molten Egg 2","Black Star","Blood Vial"],"potions_floor_usage":[8,16,16,29],"damage_taken":[{"damage":0,"enemies":"Small Slimes","floor":1,"turns":1},{"damage":0,"enemies":"Jaw Worm","floor":5,"turns":1},{"damage":0,"enemies":"3 Sentries","floor":6,"turns":1},{"damage":10,"enemies":"Lagavulin","floor":8,"turns":6},{"damage":9,"enemies":"2 Louse","floor":12,"turns":3},{"damage":2,"enemies":"Looter","floor":13,"turns":4},{"damage":15,"enemies":"Hexaghost","floor":16,"turns":8},{"damage":11,"enemies":"3 Byrds","floor":18,"turns":6},{"damage":23,"enemies":"Spheric Guardian","floor":19,"turns":5},{"damage":13,"enemies":"Snake Plant","floor":27,"turns":6},{"damage":2,"enemies":"Snecko","floor":28,"turns":5},{"damage":42,"enemies":"Slavers","floor":29,"turns":12}],"seed_played":"7324607132090857141","potions_obtained":[{"floor":1,"key":"Energy Potion"},{"floor":12,"key":"AttackPotion"},{"floor":13,"key":"FearPotion"},{"floor":19,"key":"SmokeBomb"},{"floor":27,"key":"Block Potion"}],"is_trial":false,"path_per_floor":["M","?","?","?","M","E","R","E","T","R","?","M","M","$","R","B",null,"M","M","$","?","?","R","?","R","T","M","M","E"],"character_chosen":"THE_SILENT","items_purchased":["Catalyst","Backstab+1","Footwork"],"campfire_rested":1,"item_purchase_floors":[14,14,20],"current_hp_per_floor":[63,63,52,45,45,45,45,42,42,42,42,33,31,31,31,16,62,51,28,28,28,28,51,51,51,51,40,40,0],"gold":29,"neow_bonus":"THREE_ENEMY_KILL","is_prod":false,"is_daily":false,"chose_seed":false,"campfire_upgraded":4,"win_rate":0,"timestamp":1546487491,"path_taken":["M","?","?","?","M","E","R","E","T","R","?","M","M","$","R","BOSS","M","M","$","?","?","R","?","R","T","M","?","E"],"build_version":"2018-12-20","purchased_purges":2,"victory":false,"max_hp_per_floor":[70,70,70,70,70,70,70,77,77,77,77,77,77,77,77,77,77,77,77,77,77,77,77,77,77,77,77,77,77],"card_choices":[{"not_picked":["Riddle With Holes","Dodge and Roll"],"picked":"Leg Sweep","floor":1},{"not_picked":["Finisher","Flying Knee"],"picked":"Backflip","floor":5},{"not_picked":["Concentrate","Distraction"],"picked":"Bouncing Flask","floor":6},{"not_picked":["Dagger Spray","Deflect"],"picked":"Infinite Blades","floor":8},{"not_picked":["Dagger Throw+1","Bane+1"],"picked":"Acrobatics","floor":12},{"not_picked":["Doppelganger","Skewer+1"],"picked":"Acrobatics","floor":13},{"not_picked":["Wraith Form v2","Bullet Time"],"picked":"After Image","floor":16},{"not_picked":["Dagger Throw+1","Blade Dance","Dagger Spray+1"],"picked":"SKIP","floor":18},{"not_picked":["Caltrops+1","Prepared"],"picked":"Catalyst","floor":19},{"not_picked":["Prepared","Outmaneuver"],"picked":"Cloak And Dagger","floor":27},{"not_picked":["Tactician","Predator+1"],"picked":"Calculated Gamble+1","floor":28}],"player_experience":256526,"relics_obtained":[{"floor":6,"key":"Darkstone Periapt"},{"floor":8,"key":"Strawberry"},{"floor":9,"key":"Molten Egg 2"},{"floor":26,"key":"Blood Vial"}],"event_choices":[{"damage_healed":0,"gold_gain":0,"player_choice":"Ignored","damage_taken":0,"max_hp_gain":0,"max_hp_loss":0,"event_name":"Liars Game","floor":2,"gold_loss":0},{"damage_healed":0,"gold_gain":75,"player_choice":"Gather Gold","damage_taken":11,"max_hp_gain":0,"max_hp_loss":0,"event_name":"World of Goop","floor":3,"gold_loss":0},{"cards_removed":["Strike_G"],"damage_healed":0,"gold_gain":0,"player_choice":"Card Removal","damage_taken":7,"max_hp_gain":0,"max_hp_loss":0,"event_name":"Golden Wing","floor":4,"gold_loss":0},{"cards_removed":["Defend_G"],"damage_healed":0,"gold_gain":0,"player_choice":"Card Removal","damage_taken":0,"max_hp_gain":0,"max_hp_loss":0,"event_name":"The Cleric","floor":11,"gold_loss":50},{"damage_healed":0,"gold_gain":0,"player_choice":"Simplicity","damage_taken":0,"max_hp_gain":0,"max_hp_loss":0,"event_name":"Back to Basics","floor":21,"gold_loss":0,"cards_upgraded":["Defend_G","Defend_G","Defend_G","Defend_G","Strike_G","Strike_G"]},{"damage_healed":0,"gold_gain":0,"player_choice":"Ignored","damage_taken":0,"max_hp_gain":0,"max_hp_loss":0,"event_name":"Vampires","floor":22,"gold_loss":0},{"damage_healed":0,"gold_gain":0,"player_choice":"Copied","damage_taken":0,"max_hp_gain":0,"max_hp_loss":0,"event_name":"Duplicator","floor":24,"gold_loss":0,"cards_obtained":["After Image"]}],"is_beta":false,"boss_relics":[{"not_picked":["Orrery","Cursed Key"],"picked":"Black Star"}],"items_purged_floors":[14,20],"is_endless":false,"potions_floor_spawned":[1,12,13,19,27],"killed_by":"Slavers","ascension_level":6}