{"gold_per_floor":[125,137,162,192,224,236,292,324,336,348,374,421,451,463,475,608,620,651,654,680,692,247,288,288,321,321,154,195,110,110,209,209,330,330,343,244,263,281,301,301],"floor_reached":40,"playtime":3441,"items_purged":["Strike_B","Strike_B","Strike_B"],"score":677,"play_id":"ec8784e5-4222-4ff0-8be6-e7b90d31edbb","local_time":"20190319230024","is_ascension_mode":true,"campfire_choices":[{"data":"Electrodynamics","floor":6,"key":"SMITH"},{"data":"Zap","floor":10,"key":"SMITH"},{"floor":15,"key":"REST"},{"floor":24,"key":"REST"},{"floor":32,"key":"REST"}],"neow_cost":"NONE","seed_source_timestamp":370345832854573,"circlet_count":0,"master_deck":["Strike_B","Defend_B","Defend_B","Defend_B","Defend_B","Zap+1","Dualcast","Sweeping Beam","Rebound","Electrodynamics+1","Genetic Algorithm","Steam","Leap","Core Surge","Rebound+1","Genetic Algorithm","Glacier","Lockon+1","Conserve Battery+1","Self Repair","Coolheaded","Genetic Algorithm","Auto Shields","Self Repair","Seek","Machine Learning","Coolheaded","Defragment","Cold Snap+1","Hologram+1"],"relics":["Cracked Core","MawBank","Golden Idol","Meat on the Bone","Bottled Flame","Prayer Wheel","Kunai","Inserter","Enchiridion","Oddly Smooth Stone","Strange Spoon","Du-Vu Doll","Pen Nib","Smiling Mask","Bottled Lightning","Torii","Mercury Hourglass","Cursed Key"],"potions_floor_usage":[7,19,20,20,23,25,25,25,33,38,40],"damage_taken":[{"damage":1,"enemies":"Cultist","floor":1,"turns":4},{"damage":1,"enemies":"2 Louse","floor":3,"turns":3},{"damage":0,"enemies":"Small Slimes","floor":4,"turns":2},{"damage":1,"enemies":"2 Fungi Beasts","floor":5,"turns":2},{"damage":15,"enemies":"3 Sentries","floor":7,"turns":3},{"damage":11,"enemies":"Blue Slaver","floor":8,"turns":4},{"damage":9,"enemies":"Looter","floor":11,"turns":3},{"damage":31,"enemies":"Lagavulin","floor":12,"turns":6},{"damage":2,"enemies":"2 Fungi Beasts","floor":13,"turns":3},{"damage":32,"enemies":"The Guardian","floor":16,"turns":14},{"damage":3,"enemies":"Chosen","floor":18,"turns":5},{"damage":10,"enemies":"2 Thieves","floor":19,"turns":4},{"damage":30,"enemies":"Snake Plant","floor":20,"turns":5},{"damage":0,"enemies":"Gremlin Leader","floor":23,"turns":6},{"damage":31,"enemies":"Book of Stabbing","floor":25,"turns":7},{"damage":34,"enemies":"Slavers","floor":28,"turns":2},{"damage":35,"enemies":"Collector","floor":33,"turns":11},{"damage":9,"enemies":"Orb Walker","floor":35,"turns":6},{"damage":0,"enemies":"3 Shapes","floor":37,"turns":3},{"damage":9,"enemies":"Transient","floor":38,"turns":5},{"damage":16,"enemies":"Jaw Worm Horde","floor":39,"turns":6},{"damage":83,"enemies":"Giant Head","floor":40,"turns":13}],"seed_played":"-2027902970191888296","potions_obtained":[{"floor":4,"key":"Explosive Potion"},{"floor":8,"key":"EntropicBrew"},{"floor":13,"key":"Ancient Potion"},{"floor":16,"key":"Block Potion"},{"floor":19,"key":"SpeedPotion"},{"floor":23,"key":"SkillPotion"},{"floor":28,"key":"PowerPotion"},{"floor":39,"key":"SkillPotion"}],"is_trial":false,"path_per_floor":["M","?","M","M","M","R","E","M","T","R","M","E","M","?","R","B",null,"M","M","M","?","$","E","R","E","T","$","E","?","T","?","R","B",null,"M","$","M","M","M","E"],"character_chosen":"DEFECT","items_purchased":["Oddly Smooth Stone","Strange Spoon","Coolheaded","Auto Shields","Self Repair","Energy Potion"],"campfire_rested":3,"item_purchase_floors":[22,22,22,27,27,36],"current_hp_per_floor":[67,67,66,66,65,65,50,39,39,39,42,23,33,26,46,26,58,55,45,27,11,11,30,50,38,38,38,16,16,16,16,36,20,57,62,62,69,67,65,0],"gold":301,"neow_bonus":"RANDOM_COMMON_RELIC","is_prod":false,"is_daily":false,"chose_seed":false,"campfire_upgraded":2,"win_rate":0,"timestamp":1553025624,"path_taken":["M","?","M","M","M","R","E","M","T","R","M","E","M","?","R","BOSS","M","M","M","?","$","E","R","E","T","$","E","?","?","?","R","BOSS","M","$","M","M","M","E"],"build_version":"2019-01-23","purchased_purges":3,"victory":false,"max_hp_per_floor":[75,69,69,69,69,69,69,69,69,69,69,69,69,69,69,69,69,69,69,69,69,69,69,69,69,69,69,69,69,69,69,69,69,69,69,69,69,69,69,69],"card_choices":[{"not_picked":["Go for the Eyes","Storm"],"picked":"Sweeping Beam","floor":1},{"not_picked":["Fusion","Turbo"],"picked":"Rebound","floor":3},{"not_picked":["Turbo","Redo","Skim"],"picked":"SKIP","floor":4},{"not_picked":["Rebound","Compile Driver"],"picked":"Electrodynamics","floor":5},{"not_picked":["Ball Lightning","Cold Snap"],"picked":"Genetic Algorithm","floor":7},{"not_picked":["Beam Cell","Compile Driver"],"picked":"Steam","floor":8},{"not_picked":["Consume","Fission","Redo"],"picked":"SKIP","floor":11},{"not_picked":["Hologram","Redo","Cold Snap"],"picked":"SKIP","floor":12},{"not_picked":["Streamline","Coolheaded"],"picked":"Leap","floor":13},{"not_picked":["Multi-Cast","Stack","Steam"],"picked":"SKIP","floor":13},{"not_picked":["Electrodynamics","Reboot"],"picked":"Core Surge","floor":16},{"not_picked":["Scrape","Turbo"],"picked":"Rebound+1","floor":18},{"not_picked":["Consume","Compile Driver"],"picked":"Genetic Algorithm","floor":18},{"not_picked":["Aggregate","Cold Snap"],"picked":"Glacier","floor":19},{"not_picked":["Streamline","Chill"],"picked":"Lockon+1","floor":19},{"not_picked":["Glacier+1","Heatsinks"],"picked":"Conserve Battery+1","floor":20},{"not_picked":["Reprogram","Double Energy"],"picked":"Self Repair","floor":20},{"not_picked":["Barrage+1","Sweeping Beam"],"picked":"Genetic Algorithm","floor":23},{"not_picked":["Hello World","Rainbow","Sweeping Beam"],"picked":"SKIP","floor":25},{"not_picked":["Go for the Eyes","Double Energy"],"picked":"Seek","floor":28},{"not_picked":["Core Surge","Biased Cognition"],"picked":"Machine Learning","floor":33},{"not_picked":["Compile Driver","FTL+1"],"picked":"Coolheaded","floor":35},{"not_picked":["Steam Power+1","Static Discharge"],"picked":"Defragment","floor":35},{"not_picked":["Turbo","Steam"],"picked":"Cold Snap+1","floor":37},{"not_picked":["Reinforced Body+1","Barrage","Sweeping Beam+1"],"picked":"SKIP","floor":37},{"not_picked":["Meteor Strike","Double Energy+1"],"picked":"Hologram+1","floor":38},{"not_picked":["Compile Driver+1","Turbo","Rebound+1"],"picked":"SKIP","floor":38},{"not_picked":["Sweeping Beam+1","Reprogram+1","Compile Driver+1"],"picked":"SKIP","floor":39},{"not_picked":["Coolheaded","Steam","Go for the Eyes"],"picked":"SKIP","floor":39}],"player_experience":362175,"relics_obtained":[{"floor":7,"key":"Meat on the Bone"},{"floor":9,"key":"Bottled Flame"},{"floor":12,"key":"Prayer Wheel"},{"floor":21,"key":"Enchiridion"},{"floor":23,"key":"Du-Vu Doll"},{"floor":25,"key":"Pen Nib"},{"floor":26,"key":"Smiling Mask"},{"floor":28,"key":"Bottled Lightning"},{"floor":30,"key":"Mercury Hourglass"}],"event_choices":[{"damage_healed":0,"gold_gain":0,"player_choice":"Lose Max HP","damage_taken":0,"relics_obtained":["Golden Idol"],"max_hp_gain":0,"max_hp_loss":6,"event_name":"Golden Idol","floor":2,"gold_loss":0},{"damage_healed":0,"gold_gain":0,"player_choice":"Success","damage_taken":7,"relics_obtained":["Kunai"],"max_hp_gain":0,"max_hp_loss":0,"event_name":"Scrap Ooze","floor":14,"gold_loss":0},{"damage_healed":0,"gold_gain":0,"player_choice":"Obtained Book","damage_taken":16,"max_hp_gain":0,"max_hp_loss":0,"event_name":"Cursed Tome","floor":21,"gold_loss":0},{"damage_healed":0,"gold_gain":0,"player_choice":"Obtained Relic","damage_taken":0,"relics_obtained":["Torii"],"max_hp_gain":0,"max_hp_loss":0,"event_name":"Addict","floor":29,"gold_loss":85},{"damage_healed":0,"gold_gain":99,"player_choice":"Stole From Cult","damage_taken":0,"max_hp_gain":0,"max_hp_loss":0,"event_name":"Nest","floor":31,"gold_loss":0}],"is_beta":false,"boss_relics":[{"not_picked":["Astrolabe","Lizard Tail"],"picked":"Inserter"},{"not_picked":["Fusion Hammer","Velvet Choker"],"picked":"Cursed Key"}],"items_purged_floors":[22,27,36],"is_endless":false,"potions_floor_spawned":[4,8,13,16,18,19,23,28,39],"killed_by":"Giant Head","ascension_level":7}