{"gold_per_floor":[117,134,153,153,165,165,196,161,161,107,139,139,154,165,165,244,244,257,257,182,42,42,71,42,56,79,79,79,79,79],"floor_reached":30,"playtime":1789,"items_purged":[],"score":511,"play_id":"1baaeccd-c096-41ea-a2a1-01cd1df53554","local_time":"20190528233357","is_ascension_mode":true,"campfire_choices":[{"data":"Bash","floor":6.0,"key":"SMITH"},{"data":"Anger","floor":12.0,"key":"SMITH"},{"data":"Clothesline","floor":15.0,"key":"SMITH"},{"floor":29.0,"key":"REST"}],"neow_cost":"NONE","seed_source_timestamp":1137666841947503,"circlet_count":0,"master_deck":["AscendersBane","Strike_R+1","Strike_R+1","Strike_R+1","Defend_R+1","Defend_R+1","Defend_R+1","Defend_R+1","Bash+1","Cleave+1","Anger+1","Clothesline+1","Headbutt+1","Havoc+1","Disarm+1","Feel No Pain","Offering+1","Entrench+1","Metallicize","Corruption","True Grit+1","Inflame","Warcry+1","Burning Pact+1","Pain"],"special_seed":0,"relics":["Burning Blood","Toxic Egg 2","Meat on the Bone","Mango","Cursed Key","Whetstone","Juzu Bracelet"],"potions_floor_usage":[30,30],"damage_taken":[{"damage":16.0,"enemies":"Jaw Worm","floor":1.0,"turns":6.0},{"damage":5.0,"enemies":"2 Louse","floor":2.0,"turns":3.0},{"damage":5.0,"enemies":"Small Slimes","floor":3.0,"turns":3.0},{"damage":7.0,"enemies":"Looter","floor":5.0,"turns":4.0},{"damage":45.0,"enemies":"Lagavulin","floor":7.0,"turns":7.0},{"damage":25.0,"enemies":"3 Sentries","floor":11.0,"turns":5.0},{"damage":7.0,"enemies":"Exordium Wildlife","floor":13.0,"turns":3.0},{"damage":4.0,"enemies":"Blue Slaver","floor":14.0,"turns":4.0},{"damage":25.0,"enemies":"The Guardian","floor":16.0,"turns":15.0},{"damage":19.0,"enemies":"Shell Parasite","floor":18.0,"turns":3.0},{"damage":7.0,"enemies":"Book of Stabbing","floor":23.0,"turns":6.0},{"damage":1.0,"enemies":"Chosen","floor":25.0,"turns":5.0},{"damage":77,"enemies":"Slavers","floor":30,"turns":5}],"seed_played":"-2192264616333057787","potions_obtained":[{"floor":2.0,"key":"GamblersBrew"},{"floor":11.0,"key":"BloodPotion"},{"floor":13.0,"key":"Dexterity Potion"},{"floor":14.0,"key":"LiquidBronze"},{"floor":16.0,"key":"Strength Potion"},{"floor":25.0,"key":"PowerPotion"}],"is_trial":false,"path_per_floor":["M","M","M","?","M","R","E","?","T","?","E","R","M","M","R","B",null,"M","?","?","$","?","E","$","M","T","?","?","R","E"],"character_chosen":"IRONCLAD","items_purchased":["Corruption","True Grit+1","Warcry+1"],"campfire_rested":1,"item_purchase_floors":[21,21,24],"current_hp_per_floor":[65,66,67,60,59,59,20,40,40,40,47,47,58,60,60,53,85,72,72,72,72,72,71,71,76,76,47,47,77,0],"gold":79,"neow_bonus":"TEN_PERCENT_HP_BONUS","is_prod":false,"is_daily":false,"chose_seed":false,"campfire_upgraded":3,"win_rate":0,"timestamp":1559079237,"path_taken":["M","M","M","?","M","R","E","?","T","?","E","R","?","M","R","BOSS","M","?","?","?","?","E","?","?","T","?","?","R","E"],"build_version":"2019-01-23","purchased_purges":0,"victory":false,"max_hp_per_floor":[82,82,82,82,82,82,82,82,82,82,96,96,96,96,96,96,96,96,96,96,96,96,96,96,96,96,101,101,101,101],"card_choices":[{"not_picked":["Sword Boomerang","Heavy Blade"],"picked":"Cleave","floor":1.0},{"not_picked":["True Grit","Seeing Red"],"picked":"Anger","floor":2.0},{"not_picked":["Carnage","Heavy Blade"],"picked":"Clothesline","floor":3.0},{"not_picked":["Infernal Blade","Clash","Hemokinesis"],"picked":"SKIP","floor":5.0},{"not_picked":["Rupture","Carnage"],"picked":"Headbutt","floor":7.0},{"not_picked":["Heavy Blade","Twin Strike"],"picked":"Havoc+1","floor":11.0},{"not_picked":["Pummel","Dual Wield+1"],"picked":"Disarm+1","floor":13.0},{"not_picked":["True Grit+1","Body Slam"],"picked":"Feel No Pain","floor":14.0},{"not_picked":["Barricade","Double Tap+1"],"picked":"Offering+1","floor":16.0},{"not_picked":["Wild Strike","Heavy Blade"],"picked":"Entrench+1","floor":18.0},{"not_picked":["Cleave+1","Armaments+1"],"picked":"Inflame","floor":23.0},{"not_picked":["Metallicize+1","Pummel"],"picked":"Burning Pact+1","floor":25.0}],"player_experience":683082,"relics_obtained":[{"floor":7.0,"key":"Toxic Egg 2"},{"floor":9.0,"key":"Meat on the Bone"},{"floor":11.0,"key":"Mango"},{"floor":23.0,"key":"Whetstone"},{"floor":26.0,"key":"Juzu Bracelet"}],"event_choices":[{"cards_removed":["Strike_R"],"damage_healed":0.0,"max_hp_gain":0.0,"max_hp_loss":0.0,"gold_gain":0.0,"event_name":"Golden Wing","player_choice":"Card Removal","floor":4.0,"gold_loss":0.0,"damage_taken":7.0},{"damage_healed":20.0,"max_hp_gain":0.0,"max_hp_loss":0.0,"gold_gain":0.0,"event_name":"The Cleric","player_choice":"Healed","floor":8.0,"gold_loss":35.0,"damage_taken":0.0},{"damage_healed":0.0,"max_hp_gain":0.0,"max_hp_loss":0.0,"gold_gain":0.0,"event_name":"World of Goop","player_choice":"Left Gold","floor":10.0,"gold_loss":54.0,"damage_taken":0.0},{"damage_healed":0.0,"max_hp_gain":0.0,"max_hp_loss":0.0,"gold_gain":0.0,"event_name":"The Library","player_choice":"Read","floor":19.0,"gold_loss":0.0,"damage_taken":0.0,"cards_obtained":["Metallicize"]},{"cards_removed":["Strike_R"],"damage_healed":0.0,"max_hp_gain":0.0,"max_hp_loss":0.0,"gold_gain":0.0,"event_name":"Beggar","player_choice":"Gave Gold","floor":20.0,"gold_loss":75.0,"damage_taken":0.0},{"damage_healed":0.0,"max_hp_gain":0.0,"max_hp_loss":0.0,"gold_gain":0.0,"event_name":"Back to Basics","player_choice":"Simplicity","floor":22.0,"gold_loss":0.0,"damage_taken":0.0,"cards_upgraded":["Strike_R","Strike_R","Strike_R","Defend_R","Defend_R","Defend_R","Defend_R"]},{"damage_healed":0.0,"max_hp_gain":5.0,"max_hp_loss":0.0,"gold_gain":0.0,"event_name":"Forgotten Altar","player_choice":"Shed Blood","floor":27.0,"gold_loss":0.0,"damage_taken":34.0},{"damage_healed":0.0,"max_hp_gain":0.0,"max_hp_loss":0.0,"gold_gain":0.0,"event_name":"Vampires","player_choice":"Ignored","floor":28.0,"gold_loss":0.0,"damage_taken":0.0}],"is_beta":false,"boss_relics":[{"not_picked":["Runic Cube","Coffee Dripper"],"picked":"Cursed Key"}],"items_purged_floors":[],"is_endless":false,"potions_floor_spawned":[2,11,13,14,16,25],"killed_by":"Slavers","ascension_level":18}