{"gold_per_floor":[119,134,144,56,71,71,89,124,124,124,158,188,188,203,203,279,279,294,294,209,69,85,85],"floor_reached":23,"playtime":1527,"items_purged":["Parasite"],"score":382,"play_id":"2484e89d-aa50-4e9d-91a6-60df5d3af5f1","local_time":"20190508101905","is_ascension_mode":true,"campfire_choices":[{"data":"Bash","floor":6.0,"key":"SMITH"},{"data":"1","floor":13,"key":"LIFT"},{"floor":15,"key":"REST"}],"neow_cost":"PERCENT_DAMAGE","seed_source_timestamp":79122738109920,"circlet_count":0,"master_deck":["AscendersBane","Strike_R","Strike_R","Strike_R","Strike_R","Strike_R","Defend_R","Defend_R","Defend_R","Defend_R","Bash+1","Twin Strike","Spot Weakness","Shrug It Off","Inflame","Reaper","Twin Strike","Fiend Fire","Inflame","Clothesline","Shockwave"],"special_seed":0,"relics":["Burning Blood","Girya","Regal Pillow","The Courier","Shuriken","Runic Pyramid","Pantograph"],"potions_floor_usage":[23],"damage_taken":[{"damage":7.0,"enemies":"Cultist","floor":1.0,"turns":4.0},{"damage":14.0,"enemies":"2 Louse","floor":2.0,"turns":3.0},{"damage":4.0,"enemies":"Small Slimes","floor":3.0,"turns":4.0},{"damage":13.0,"enemies":"3 Louse","floor":5.0,"turns":5.0},{"damage":8.0,"enemies":"Blue Slaver","floor":7.0,"turns":3.0},{"damage":18.0,"enemies":"3 Sentries","floor":8.0,"turns":10.0},{"damage":32,"enemies":"Gremlin Nob","floor":11,"turns":4},{"damage":6,"enemies":"Looter","floor":14,"turns":2},{"damage":45,"enemies":"Slime Boss","floor":16,"turns":10},{"damage":41,"enemies":"2 Thieves","floor":18,"turns":5},{"damage":16,"enemies":"Shell Parasite","floor":22,"turns":3},{"damage":1,"enemies":"Gremlin Leader","floor":23,"turns":2}],"seed_played":"-5258624568913962611","potions_obtained":[{"floor":1.0,"key":"Swift Potion"},{"floor":7.0,"key":"Dexterity Potion"},{"floor":16,"key":"SpeedPotion"}],"is_trial":false,"path_per_floor":["M","M","M","$","M","R","M","E","T","?","E","?","R","M","R","B",null,"M","?","?","$","M","E"],"character_chosen":"IRONCLAD","items_purchased":["Inflame","Inflame","Clothesline"],"campfire_rested":1,"item_purchase_floors":[4,21,21],"current_hp_per_floor":[49,41,43,43,36,36,34,22,22,40,23,23,23,23,60,32,64,33,33,33,33,23,22],"gold":85,"neow_bonus":"ONE_RARE_RELIC","is_prod":false,"is_daily":false,"chose_seed":false,"campfire_upgraded":1,"win_rate":0,"timestamp":1557303545,"path_taken":["M","?","?","$","M","R","M","E","T","?","E","?","R","M","R","BOSS","M","?","?","?","M","E"],"build_version":"2019-01-23","purchased_purges":1,"victory":false,"max_hp_per_floor":[75,75,75,75,75,75,75,75,75,75,75,75,75,75,75,75,75,75,75,75,72,72,72],"card_choices":[{"not_picked":["Burning Pact","Warcry"],"picked":"Twin Strike","floor":1.0},{"not_picked":["Headbutt","Metallicize"],"picked":"Spot Weakness","floor":2.0},{"not_picked":["Pommel Strike","Dropkick"],"picked":"Shrug It Off","floor":3.0},{"not_picked":["Havoc","Pommel Strike","Perfected Strike"],"picked":"SKIP","floor":5.0},{"not_picked":["Thunderclap","Havoc","Evolve"],"picked":"SKIP","floor":7.0},{"not_picked":["Clash","Battle Trance"],"picked":"Reaper","floor":8.0},{"not_picked":["Warcry","Feel No Pain"],"picked":"Twin Strike","floor":11},{"not_picked":["True Grit","Havoc","Clash"],"picked":"SKIP","floor":14},{"not_picked":["Berserk","Brutality"],"picked":"Fiend Fire","floor":16},{"not_picked":["Wild Strike","Body Slam","Havoc"],"picked":"SKIP","floor":18},{"not_picked":["Body Slam","Clothesline"],"picked":"Shockwave","floor":22}],"player_experience":596673,"relics_obtained":[{"floor":8.0,"key":"Regal Pillow"},{"floor":9.0,"key":"The Courier"},{"floor":11,"key":"Shuriken"}],"event_choices":[{"damage_healed":18,"gold_gain":0,"player_choice":"Healed and dodged fight","damage_taken":0,"max_hp_gain":0,"max_hp_loss":0,"event_name":"Mushrooms","floor":10,"gold_loss":0,"cards_obtained":["Parasite"]},{"damage_healed":0,"gold_gain":30,"player_choice":"Searched \u00271\u0027 times","damage_taken":0,"max_hp_gain":0,"max_hp_loss":0,"event_name":"Dead Adventurer","floor":12,"gold_loss":0},{"damage_healed":0,"gold_gain":0,"player_choice":"Ignored","damage_taken":0,"max_hp_gain":0,"max_hp_loss":0,"event_name":"Vampires","floor":19,"gold_loss":0},{"damage_healed":0,"gold_gain":0,"player_choice":"Obtained Relic","damage_taken":0,"relics_obtained":["Pantograph"],"max_hp_gain":0,"max_hp_loss":0,"event_name":"Addict","floor":20,"gold_loss":85}],"is_beta":false,"boss_relics":[{"not_picked":["Ectoplasm","Busted Crown"],"picked":"Runic Pyramid"}],"items_purged_floors":[21],"is_endless":false,"potions_floor_spawned":[1,7,16],"killed_by":"Gremlin Leader","ascension_level":18}