{"gold_per_floor":[114,114,114,129,54,54,84,84,159,159,174,189,189,204,204,304,304,319,19,34,0,15,15,15,15,65,80,95,95,125,47,47,47],"floor_reached":33,"playtime":2308,"items_purged":["Strike_R","Strike_R"],"score":265,"play_id":"6909c7b3-0a21-4095-8aed-361c868febce","local_time":"20190515221200","daily_mods":["Allstar","Time Dilation","DeadlyEvents"],"is_ascension_mode":false,"campfire_choices":[{"data":"Bash","floor":6,"key":"SMITH"},{"data":"Dropkick","floor":8,"key":"SMITH"},{"data":"Intimidate","floor":10,"key":"SMITH"},{"data":"Shockwave","floor":15,"key":"SMITH"},{"data":"Seeing Red","floor":23,"key":"SMITH"},{"floor":29,"key":"REST"},{"floor":32,"key":"REST"}],"neow_cost":"","seed_source_timestamp":0,"circlet_count":0,"master_deck":["Strike_R","Strike_R","Strike_R+1","Defend_R","Defend_R","Defend_R","Defend_R","Bash+1","Enlightenment+1","Good Instincts","Madness","Secret Technique","Intimidate+1","Dropkick+1","Shockwave+1","Exhume","Bloodletting","Metallicize","Seeing Red+1","RitualDagger+1","Parasite","Disarm","Thunderclap+1","Ghostly Armor"],"special_seed":18032,"relics":["Burning Blood","Singing Bowl","Molten Egg 2","Cursed Key","Sling","Potion Belt","Orichalcum"],"potions_floor_usage":[7,28,33,33],"damage_taken":[{"damage":0,"enemies":"Cultist","floor":1,"turns":3},{"damage":2,"enemies":"Small Slimes","floor":4,"turns":3},{"damage":21,"enemies":"Lagavulin","floor":7,"turns":6},{"damage":5,"enemies":"2 Louse","floor":11,"turns":2},{"damage":6,"enemies":"2 Fungi Beasts","floor":12,"turns":2},{"damage":8,"enemies":"Large Slime","floor":14,"turns":6},{"damage":34,"enemies":"Slime Boss","floor":16,"turns":15},{"damage":17,"enemies":"Shell Parasite","floor":18,"turns":6},{"damage":9,"enemies":"3 Byrds","floor":20,"turns":8},{"damage":15,"enemies":"Snake Plant","floor":22,"turns":5},{"damage":45,"enemies":"Snecko","floor":27,"turns":10},{"damage":22,"enemies":"Cultist and Chosen","floor":28,"turns":12},{"damage":26,"enemies":"Slavers","floor":30,"turns":7},{"damage":66,"enemies":"Champ","floor":33,"turns":18}],"seed_played":"-1426792424504152410","potions_obtained":[{"floor":4,"key":"Fire Potion"},{"floor":11,"key":"Ancient Potion"},{"floor":22,"key":"BloodPotion"},{"floor":27,"key":"Dexterity Potion"},{"floor":28,"key":"GamblersBrew"}],"is_trial":false,"path_per_floor":["M","?","?","M","$","R","E","R","T","R","M","M","?","M","R","B",null,"M","$","M","$","M","R","?","?","T","M","M","R","E","$","R","B"],"character_chosen":"IRONCLAD","items_purchased":["Sling","Metallicize","Ghostly Armor"],"campfire_rested":2,"item_purchase_floors":[19,21,31],"current_hp_per_floor":[80,64,64,68,68,68,55,55,55,55,56,58,58,58,58,30,86,75,75,74,74,65,65,59,59,59,20,14,41,21,21,48,0],"gold":47,"neow_bonus":"","is_prod":false,"is_daily":true,"chose_seed":false,"campfire_upgraded":5,"win_rate":0,"timestamp":1557983520,"path_taken":["M","?","?","M","$","R","E","R","T","R","?","M","?","M","R","BOSS","M","$","M","$","M","R","?","?","T","M","?","R","?","?","R","BOSS"],"build_version":"2019-01-23","purchased_purges":2,"victory":false,"max_hp_per_floor":[80,80,80,80,80,80,82,82,82,82,82,84,84,86,86,86,86,86,86,88,88,88,88,88,88,88,88,90,90,90,90,90,90],"card_choices":[{"not_picked":["Sword Boomerang","Shrug It Off"],"picked":"Intimidate","floor":1},{"not_picked":["Heavy Blade","Clothesline"],"picked":"Dropkick","floor":4},{"not_picked":["Headbutt","Wild Strike","Heavy Blade"],"picked":"Singing Bowl","floor":7},{"not_picked":["Shrug It Off","Searing Blow+1"],"picked":"Shockwave","floor":11},{"not_picked":["Sword Boomerang+1","Perfected Strike+1","Body Slam+1"],"picked":"Singing Bowl","floor":12},{"not_picked":["Berserk","Cleave+1","Warcry"],"picked":"Singing Bowl","floor":14},{"not_picked":["Juggernaut","Brutality"],"picked":"Exhume","floor":16},{"not_picked":["Headbutt+1","Blood for Blood+1"],"picked":"Bloodletting","floor":18},{"not_picked":["Shrug It Off","Sword Boomerang+1","Twin Strike+1"],"picked":"Singing Bowl","floor":20},{"not_picked":["Bloodletting","Shrug It Off"],"picked":"Seeing Red","floor":22},{"not_picked":["Perfected Strike+1","Headbutt+1"],"picked":"Disarm","floor":27},{"not_picked":["Sword Boomerang+1","Body Slam+1","Clothesline+1"],"picked":"Singing Bowl","floor":28},{"not_picked":["Pommel Strike+1","Headbutt+1"],"picked":"Thunderclap+1","floor":30}],"player_experience":576636,"relics_obtained":[{"floor":7,"key":"Singing Bowl"},{"floor":9,"key":"Molten Egg 2"},{"floor":26,"key":"Potion Belt"},{"floor":30,"key":"Orichalcum"}],"event_choices":[{"damage_healed":0,"gold_gain":0,"player_choice":"Entered Light","damage_taken":16,"max_hp_gain":0,"max_hp_loss":0,"event_name":"Shining Light","floor":2,"gold_loss":0,"cards_upgraded":["Enlightenment","Strike_R"]},{"damage_healed":0,"gold_gain":0,"player_choice":"Ignored","damage_taken":0,"max_hp_gain":0,"max_hp_loss":0,"event_name":"Liars Game","floor":3,"gold_loss":0},{"cards_removed":["Mind Blast"],"damage_healed":0,"gold_gain":0,"player_choice":"Forget","damage_taken":0,"max_hp_gain":0,"max_hp_loss":0,"event_name":"Living Wall","floor":13,"gold_loss":0},{"damage_healed":0,"gold_gain":0,"player_choice":"Joined the Cult","damage_taken":6,"max_hp_gain":0,"max_hp_loss":0,"event_name":"Nest","floor":24,"gold_loss":0,"cards_obtained":["RitualDagger"]},{"damage_healed":0,"gold_gain":0,"player_choice":"Ignored","damage_taken":0,"max_hp_gain":0,"max_hp_loss":0,"event_name":"Beggar","floor":25,"gold_loss":0}],"is_beta":false,"boss_relics":[{"not_picked":["Velvet Choker","Tiny House"],"picked":"Cursed Key"}],"items_purged_floors":[5,19],"is_endless":false,"potions_floor_spawned":[4,11,22,27,28],"killed_by":"Champ","ascension_level":0}