{"gold_per_floor":[114,129,55,55,55,85,85,115,140,170,202,532,547,562,562,662,662,677,677,692,707,712,712],"floor_reached":23,"playtime":1854,"items_purged":[],"score":244,"play_id":"79cc0dcd-1ea7-4c57-9bb0-1e62a507bd3d","local_time":"20190601231758","daily_mods":["Cursed Run","ControlledChaos","Elite Swarm"],"is_ascension_mode":false,"campfire_choices":[{"data":"Go for the Eyes","floor":7,"key":"SMITH"},{"data":"Buffer","floor":15,"key":"SMITH"}],"neow_cost":"","seed_source_timestamp":0,"circlet_count":0,"master_deck":["Strike_B","Strike_B","Defend_B","Defend_B","Defend_B","Defend_B","Zap","Dualcast","Glacier","Go for the Eyes+1","Capacitor+1","Echo Form","Biased Cognition","Writhe","Echo Form","Buffer+1","Self Repair","Shame","Buffer","Conserve Battery","Ball Lightning","Cold Snap","BootSequence","Doom and Gloom"],"special_seed":18049,"relics":["Cursed Key","Darkstone Periapt","Du-Vu Doll","Frozen Eye","Symbiotic Virus","Bag of Marbles","Juzu Bracelet","Dodecahedron","Meat on the Bone","Old Coin","White Beast Statue","Red Mask"],"potions_floor_usage":[10,11,12,16,20,20,22,22,22,23],"damage_taken":[{"damage":0,"enemies":"2 Louse","floor":1,"turns":2},{"damage":0,"enemies":"Small Slimes","floor":2,"turns":4},{"damage":0,"enemies":"Lagavulin","floor":6,"turns":6},{"damage":9,"enemies":"3 Sentries","floor":8,"turns":6},{"damage":18,"enemies":"Gremlin Nob","floor":10,"turns":4},{"damage":23,"enemies":"Gremlin Nob","floor":11,"turns":4},{"damage":23,"enemies":"3 Sentries","floor":12,"turns":6},{"damage":0,"enemies":"Cultist","floor":13,"turns":2},{"damage":0,"enemies":"Large Slime","floor":14,"turns":4},{"damage":32,"enemies":"The Guardian","floor":16,"turns":8},{"damage":0,"enemies":"Spheric Guardian","floor":18,"turns":5},{"damage":5,"enemies":"Chosen","floor":20,"turns":5},{"damage":16,"enemies":"Shelled Parasite and Fungi","floor":21,"turns":6},{"damage":27,"enemies":"Masked Bandits","floor":22,"turns":7},{"damage":57,"enemies":"Slavers","floor":23,"turns":4}],"seed_played":"8756904744522302853","potions_obtained":[{"floor":1,"key":"SpeedPotion"},{"floor":2,"key":"Poison Potion"},{"floor":8,"key":"Regen Potion"},{"floor":12,"key":"Dexterity Potion"},{"floor":14,"key":"Poison Potion"},{"floor":18,"key":"EntropicBrew"},{"floor":20,"key":"Block Potion"},{"floor":22,"key":"Weak Potion"}],"is_trial":false,"path_per_floor":["M","M","$","?","?","E","R","E","T","E","?","E","M","M","R","B",null,"M","?","M","M","?","E"],"character_chosen":"DEFECT","items_purchased":["Capacitor"],"campfire_rested":0,"item_purchase_floors":[3],"current_hp_per_floor":[75,75,75,75,75,75,75,66,72,63,52,41,41,55,55,48,87,87,87,82,73,53,0],"gold":712,"neow_bonus":"","is_prod":false,"is_daily":true,"chose_seed":false,"campfire_upgraded":2,"win_rate":0,"timestamp":1559456278,"path_taken":["M","M","$","?","?","E","R","E","T","E","?","E","M","M","R","BOSS","M","?","M","M","?","E"],"build_version":"2019-01-23","purchased_purges":0,"victory":false,"max_hp_per_floor":[75,75,75,75,75,75,75,75,81,81,81,81,81,81,81,87,87,87,87,87,87,87,87],"card_choices":[{"not_picked":["Recycle","Sweeping Beam"],"picked":"Glacier","floor":1},{"not_picked":["Gash","Rebound"],"picked":"Go for the Eyes","floor":2},{"not_picked":["All For One","Hyperbeam"],"picked":"Echo Form","floor":6},{"not_picked":["All For One","Meteor Strike"],"picked":"Biased Cognition","floor":8},{"not_picked":["Fission","Amplify"],"picked":"Echo Form","floor":10},{"not_picked":["Thunder Strike","Meteor Strike"],"picked":"Buffer","floor":12},{"not_picked":["Hologram","Coolheaded"],"picked":"Self Repair","floor":13},{"not_picked":["Stack","Leap","Streamline"],"picked":"SKIP","floor":14},{"not_picked":["Reboot","Echo Form"],"picked":"Buffer","floor":16},{"not_picked":["Steam+1","Compile Driver+1"],"picked":"Conserve Battery","floor":18},{"not_picked":["Streamline","Darkness"],"picked":"BootSequence","floor":20},{"not_picked":["Steam+1","Rip and Tear","Gash"],"picked":"SKIP","floor":21},{"not_picked":["Stack","Go for the Eyes"],"picked":"Doom and Gloom","floor":22}],"player_experience":616534,"relics_obtained":[{"floor":6,"key":"Symbiotic Virus"},{"floor":8,"key":"Bag of Marbles"},{"floor":9,"key":"Juzu Bracelet"},{"floor":10,"key":"Dodecahedron"},{"floor":12,"key":"Old Coin"},{"floor":22,"key":"Red Mask"}],"event_choices":[{"damage_healed":0,"gold_gain":0,"player_choice":"Grow","damage_taken":0,"max_hp_gain":0,"max_hp_loss":0,"event_name":"Living Wall","floor":4,"gold_loss":0,"cards_upgraded":["Capacitor"]},{"damage_healed":0,"gold_gain":0,"player_choice":"Full Heal","damage_taken":0,"max_hp_gain":0,"max_hp_loss":0,"event_name":"Wheel of Change","floor":5,"gold_loss":0},{"damage_healed":0,"gold_gain":30,"player_choice":"Searched \u00273\u0027 times","damage_taken":0,"relics_obtained":["Meat on the Bone"],"max_hp_gain":0,"max_hp_loss":0,"event_name":"Dead Adventurer","floor":11,"gold_loss":0},{"damage_healed":0,"gold_gain":0,"cards_transformed":["Strike_B","Strike_B"],"player_choice":"Became Test Subject","damage_taken":0,"max_hp_gain":0,"max_hp_loss":0,"event_name":"Drug Dealer","floor":19,"gold_loss":0,"cards_obtained":["Ball Lightning","Cold Snap"]},{"damage_healed":0,"gold_gain":0,"player_choice":"Fought Bandits","damage_taken":0,"max_hp_gain":0,"max_hp_loss":0,"event_name":"Masked Bandits","floor":22,"gold_loss":0}],"is_beta":false,"boss_relics":[{"not_picked":["Fusion Hammer","Snecko Eye"],"picked":"White Beast Statue"}],"items_purged_floors":[],"is_endless":false,"potions_floor_spawned":[1,2,8,12,14,18,20,21,22],"killed_by":"Slavers","ascension_level":0}