{"gold_per_floor":[110,120,120,120,141,141,177,177,227,266,266,290,290,255,255,386,386,400,290,303,115,165,196,196,209,209,209],"floor_reached":27,"playtime":1671,"items_purged":["Strike_B","Strike_B"],"score":382,"play_id":"84a989e6-93a7-4bc4-9492-58199961aa21","local_time":"20190516121523","is_ascension_mode":true,"campfire_choices":[{"data":"Chaos","floor":6.0,"key":"SMITH"},{"floor":8.0,"key":"REST"},{"floor":11.0,"key":"REST"},{"data":"1","floor":13.0,"key":"LIFT"},{"data":"2","floor":15.0,"key":"LIFT"},{"floor":24,"key":"REST"}],"neow_cost":"NONE","seed_source_timestamp":60175449629801,"circlet_count":0,"master_deck":["AscendersBane","Strike_B","Strike_B","Defend_B","Defend_B","Defend_B","Defend_B","Zap","Dualcast","Cold Snap","Chaos+1","Gash","Steam","Sweeping Beam","Seek","Hologram","Defragment","Capacitor","Barrage","Sweeping Beam","Reinforced Body","Genetic Algorithm","Compile Driver+1","Genetic Algorithm","Compile Driver"],"special_seed":0,"relics":["Cracked Core","Juzu Bracelet","Golden Idol","Girya","Dream Catcher","Prayer Wheel","Nuclear Battery","Smiling Mask","Letter Opener"],"potions_floor_usage":[23,27],"damage_taken":[{"damage":4.0,"enemies":"Jaw Worm","floor":1.0,"turns":4.0},{"damage":0.0,"enemies":"Cultist","floor":2.0,"turns":3.0},{"damage":0.0,"enemies":"Small Slimes","floor":5.0,"turns":3.0},{"damage":38.0,"enemies":"Gremlin Nob","floor":7.0,"turns":5.0},{"damage":22.0,"enemies":"Lagavulin","floor":10.0,"turns":6.0},{"damage":18.0,"enemies":"Exordium Wildlife","floor":12.0,"turns":4.0},{"damage":14.0,"enemies":"The Guardian","floor":16.0,"turns":11.0},{"damage":17.0,"enemies":"Spheric Guardian","floor":18.0,"turns":4.0},{"damage":12.0,"enemies":"Shell Parasite","floor":20.0,"turns":5.0},{"damage":28,"enemies":"Gremlin Leader","floor":23,"turns":7},{"damage":30,"enemies":"3 Cultists","floor":25,"turns":6},{"damage":0,"enemies":"Slavers","floor":27,"turns":1}],"seed_played":"-2407170859153134702","potions_obtained":[{"floor":1.0,"key":"Dexterity Potion"},{"floor":7.0,"key":"FocusPotion"},{"floor":10.0,"key":"FocusPotion"},{"floor":23,"key":"LiquidBronze"}],"is_trial":false,"path_per_floor":["M","M","?","?","M","R","E","R","T","E","R","M","R","?","R","B",null,"M","$","M","$","?","E","R","M","T","E"],"character_chosen":"DEFECT","items_purchased":["Capacitor","Reinforced Body","PowerPotion"],"campfire_rested":3,"item_purchase_floors":[19,21,21],"current_hp_per_floor":[71,71,71,51,51,51,13,37,37,15,39,21,21,41,41,27,68,51,51,39,39,39,11,35,5,5,5],"gold":209,"neow_bonus":"TEN_PERCENT_HP_BONUS","is_prod":false,"is_daily":false,"chose_seed":false,"campfire_upgraded":1,"win_rate":0,"timestamp":1558001723,"path_taken":["M","M","?","?","M","R","E","R","T","E","R","M","R","?","R","BOSS","M","$","M","$","?","E","R","M","T","E"],"build_version":"2019-01-23","purchased_purges":2,"victory":false,"max_hp_per_floor":[82,82,82,82,82,82,82,82,82,82,82,82,82,82,82,82,82,82,82,82,82,82,82,82,82,82,82],"card_choices":[{"not_picked":["Scrape","Streamline"],"picked":"Cold Snap","floor":1.0},{"not_picked":["Go for the Eyes","Streamline"],"picked":"Chaos","floor":2.0},{"not_picked":["Hologram","Reprogram","Turbo"],"picked":"SKIP","floor":5.0},{"not_picked":["Go for the Eyes","Reboot","Hello World"],"picked":"SKIP","floor":7.0},{"not_picked":["Rebound","Skim","Hello World"],"picked":"SKIP","floor":10.0},{"not_picked":["FTL","Redo"],"picked":"Gash","floor":11.0},{"not_picked":["Stack","Leap"],"picked":"Steam","floor":12.0},{"not_picked":["Beam Cell","Turbo"],"picked":"Sweeping Beam","floor":12.0},{"not_picked":["Fission","Meteor Strike"],"picked":"Seek","floor":16.0},{"not_picked":["Compile Driver","Barrage"],"picked":"Hologram","floor":18.0},{"not_picked":["Sunder+1","Redo+1"],"picked":"Defragment","floor":18.0},{"not_picked":["Stack","Rebound"],"picked":"Barrage","floor":20.0},{"not_picked":["Hologram","Conserve Battery"],"picked":"Sweeping Beam","floor":20.0},{"not_picked":["Leap","Auto Shields"],"picked":"Genetic Algorithm","floor":23},{"not_picked":["Turbo+1","Conserve Battery"],"picked":"Compile Driver+1","floor":24},{"not_picked":["Blizzard","Leap+1"],"picked":"Genetic Algorithm","floor":25},{"not_picked":["Rip and Tear","Gash"],"picked":"Compile Driver","floor":25}],"player_experience":648381,"relics_obtained":[{"floor":7.0,"key":"Girya"},{"floor":9.0,"key":"Dream Catcher"},{"floor":10.0,"key":"Prayer Wheel"},{"floor":23,"key":"Smiling Mask"},{"floor":26,"key":"Letter Opener"}],"event_choices":[{"damage_healed":0.0,"max_hp_gain":0.0,"max_hp_loss":0.0,"gold_gain":0.0,"event_name":"WeMeetAgain","player_choice":"Gave Potion","floor":3.0,"gold_loss":0.0,"damage_taken":0.0,"relics_obtained":["Juzu Bracelet"]},{"damage_healed":0.0,"max_hp_gain":0.0,"max_hp_loss":0.0,"gold_gain":0.0,"event_name":"Golden Idol","player_choice":"Take Damage","floor":4.0,"gold_loss":0.0,"damage_taken":20.0,"relics_obtained":["Golden Idol"]},{"damage_healed":20.0,"max_hp_gain":0.0,"max_hp_loss":0.0,"gold_gain":0.0,"event_name":"The Cleric","player_choice":"Healed","floor":14.0,"gold_loss":35.0,"damage_taken":0.0},{"damage_healed":0.0,"max_hp_gain":0.0,"max_hp_loss":0.0,"gold_gain":100.0,"event_name":"The Joust","player_choice":"Bet on Murderer","floor":22.0,"gold_loss":50.0,"damage_taken":0.0}],"is_beta":false,"boss_relics":[{"not_picked":["Philosopher\u0027s Stone","Busted Crown"],"picked":"Nuclear Battery"}],"items_purged_floors":[19,21],"is_endless":false,"potions_floor_spawned":[1,7,10,23],"killed_by":"Slavers","ascension_level":12}