{"gold_per_floor":[114,129,129,153,173,217,217,232,232,17,31,64,89,124,124,217,217,233,66,79,104,104,143,143,178,178,216,234,159,203,218,218,312,312,332,6,20,40,40,40,79,79,79,122,135,48,48,64,64,64],"floor_reached":51,"playtime":8134,"items_purged":["Strike_R","Whirlwind"],"score":1835,"play_id":"8d815bcc-3138-4f89-a51e-ec73b0d0e9d3","local_time":"20190205144017","is_ascension_mode":true,"campfire_choices":[{"data":"Corruption","floor":15,"key":"SMITH"},{"data":"Brutality","floor":24,"key":"SMITH"},{"data":"Juggernaut","floor":32,"key":"SMITH"},{"data":"Metallicize","floor":40,"key":"SMITH"},{"data":"Havoc","floor":47,"key":"SMITH"},{"data":"Feel No Pain","floor":49,"key":"SMITH"}],"neow_cost":"PERCENT_DAMAGE","seed_source_timestamp":94172065896004,"circlet_count":0,"master_deck":["AscendersBane","Bash","Flame Barrier","Intimidate+1","True Grit","True Grit+1","Intimidate","Corruption+1","Ghostly Armor","Ghostly Armor","Havoc+1","Juggernaut+1","Ghostly Armor","Brutality+1","Rupture","Sentinel","Shrug It Off","Power Through","Intimidate","Shrug It Off+1","Feel No Pain+1","Exhume+1","Searing Blow","True Grit+1","Anger","Metallicize+1","Limit Break+1","Sentinel+1","Shrug It Off+1","Shrug It Off+1","Armaments+1","Spot Weakness+1","Warcry+1"],"relics":["Burning Blood","Dead Branch","Golden Idol","Regal Pillow","Boot","Oddly Smooth Stone","War Paint","Blue Candle","Runic Dome","Turnip","Bronze Scales","Toxic Egg 2","Pear","Thread and Needle","Pandora\u0027s Box","Centennial Puzzle","Orichalcum","Bottled Tornado","Meat on the Bone"],"potions_floor_usage":[5,12,25,50,50],"damage_taken":[{"damage":3,"enemies":"2 Louse","floor":1,"turns":3},{"damage":2,"enemies":"Small Slimes","floor":2,"turns":4},{"damage":0,"enemies":"Cultist","floor":4,"turns":3},{"damage":10,"enemies":"Large Slime","floor":5,"turns":8},{"damage":41,"enemies":"Gremlin Nob","floor":6,"turns":5},{"damage":1,"enemies":"3 Louse","floor":8,"turns":4},{"damage":3,"enemies":"Exordium Wildlife","floor":11,"turns":3},{"damage":0,"enemies":"Lagavulin","floor":12,"turns":7},{"damage":9,"enemies":"Exordium Thugs","floor":13,"turns":6},{"damage":0,"enemies":"3 Sentries","floor":14,"turns":4},{"damage":38,"enemies":"The Guardian","floor":16,"turns":8},{"damage":4,"enemies":"3 Byrds","floor":18,"turns":5},{"damage":1,"enemies":"Chosen","floor":20,"turns":3},{"damage":5,"enemies":"3 Cultists","floor":21,"turns":5},{"damage":12,"enemies":"Gremlin Leader","floor":23,"turns":4},{"damage":3,"enemies":"Book of Stabbing","floor":25,"turns":4},{"damage":22,"enemies":"Slavers","floor":27,"turns":5},{"damage":5,"enemies":"Centurion and Healer","floor":28,"turns":5},{"damage":7,"enemies":"Book of Stabbing","floor":30,"turns":2},{"damage":4,"enemies":"Snecko","floor":31,"turns":4},{"damage":10,"enemies":"Champ","floor":33,"turns":8},{"damage":4,"enemies":"3 Shapes","floor":35,"turns":5},{"damage":3,"enemies":"Orb Walker","floor":37,"turns":3},{"damage":5,"enemies":"Jaw Worm Horde","floor":38,"turns":3},{"damage":26,"enemies":"Nemesis","floor":41,"turns":7},{"damage":1,"enemies":"Reptomancer","floor":44,"turns":2},{"damage":3,"enemies":"Sphere and 2 Shapes","floor":45,"turns":1},{"damage":1,"enemies":"3 Darklings","floor":48,"turns":2},{"damage":11,"enemies":"Awakened One","floor":50,"turns":3}],"seed_played":"5813218103761417255","potions_obtained":[{"floor":1,"key":"Fire Potion"},{"floor":4,"key":"Dexterity Potion"},{"floor":8,"key":"Regen Potion"},{"floor":13,"key":"SteroidPotion"},{"floor":16,"key":"Strength Potion"},{"floor":20,"key":"Dexterity Potion"},{"floor":28,"key":"Weak Potion"},{"floor":37,"key":"Swift Potion"},{"floor":38,"key":"EssenceOfSteel"}],"is_trial":false,"path_per_floor":["M","M","?","M","M","E","?","M","T","$","M","E","M","E","R","B",null,"M","$","M","M","?","E","R","E","T","E","M","?","E","M","R","B",null,"M","$","M","M","?","R","E","$","T","E","M","$","R","M","R","B",null],"character_chosen":"IRONCLAD","items_purchased":["Oddly Smooth Stone","Ghostly Armor","Sentinel","Shrug It Off","Centennial Puzzle","Sentinel+1","Armaments+1","Spot Weakness+1"],"campfire_rested":0,"item_purchase_floors":[10,10,19,19,36,36,46,46],"current_hp_per_floor":[53,57,57,63,59,24,24,29,29,29,32,53,50,56,56,24,57,59,59,64,65,65,59,59,62,62,56,57,57,56,58,58,54,72,74,74,77,78,78,78,58,58,58,63,66,66,66,71,71,66],"gold":64,"neow_bonus":"ONE_RARE_RELIC","is_prod":false,"is_daily":false,"chose_seed":false,"campfire_upgraded":6,"win_rate":0,"timestamp":1549374017,"path_taken":["M","M","?","M","M","E","?","M","T","$","?","E","M","E","R","BOSS","M","$","M","M","?","E","R","E","T","E","M","?","E","M","R","BOSS","M","$","M","M","?","R","E","?","T","E","M","$","R","M","R","BOSS"],"build_version":"2019-01-23","purchased_purges":2,"victory":true,"max_hp_per_floor":[75,75,68,68,68,68,68,68,68,68,68,68,68,68,68,68,68,68,68,68,68,68,68,68,68,68,78,78,78,78,78,78,78,78,78,78,78,78,78,78,78,78,78,78,78,78,78,78,78,78],"card_choices":[{"not_picked":["Carnage","Headbutt"],"picked":"Flame Barrier","floor":1},{"not_picked":["Pommel Strike","Sword Boomerang"],"picked":"Intimidate","floor":2},{"not_picked":["Clash","Headbutt"],"picked":"True Grit","floor":4},{"not_picked":["Warcry","Sword Boomerang"],"picked":"True Grit","floor":5},{"not_picked":["Flex","Warcry"],"picked":"Intimidate","floor":6},{"not_picked":["Flame Barrier","Clash"],"picked":"Corruption","floor":8},{"not_picked":["Clash","Inflame"],"picked":"Ghostly Armor","floor":11},{"not_picked":["Evolve","Sword Boomerang"],"picked":"Havoc","floor":12},{"not_picked":["Wild Strike","Iron Wave"],"picked":"Juggernaut","floor":13},{"not_picked":["Intimidate","Armaments"],"picked":"Ghostly Armor","floor":14},{"not_picked":["Limit Break","Juggernaut"],"picked":"Brutality","floor":16},{"not_picked":["Thunderclap","Havoc"],"picked":"Rupture","floor":18},{"not_picked":["Fire Breathing","Sever Soul"],"picked":"Power Through","floor":20},{"not_picked":["Body Slam","Heavy Blade+1"],"picked":"Intimidate","floor":21},{"not_picked":["Hemokinesis","Second Wind","Iron Wave+1"],"picked":"SKIP","floor":23},{"not_picked":["Armaments+1","Anger+1","Spot Weakness"],"picked":"SKIP","floor":25},{"not_picked":["Pommel Strike","Warcry+1"],"picked":"Shrug It Off+1","floor":27},{"not_picked":["True Grit+1","Anger"],"picked":"Feel No Pain","floor":28},{"not_picked":["Carnage","Perfected Strike+1","Flame Barrier+1"],"picked":"SKIP","floor":30},{"not_picked":["Thunderclap","Dropkick","Anger"],"picked":"SKIP","floor":31},{"not_picked":["Reaper","Bludgeon"],"picked":"Exhume+1","floor":33},{"not_picked":["Pommel Strike","Twin Strike","Clothesline"],"picked":"SKIP","floor":35},{"not_picked":["Perfected Strike","Shrug It Off+1","Second Wind+1"],"picked":"SKIP","floor":37},{"not_picked":["Flex+1","Iron Wave","Clash"],"picked":"SKIP","floor":38},{"not_picked":["Sword Boomerang","Warcry+1"],"picked":"Shrug It Off+1","floor":41},{"not_picked":["Anger+1","Iron Wave+1","Wild Strike"],"picked":"SKIP","floor":44},{"not_picked":["Uppercut","Bloodletting+1"],"picked":"Shrug It Off+1","floor":45},{"not_picked":["Combust","Flex+1"],"picked":"Warcry+1","floor":48}],"player_experience":169276,"relics_obtained":[{"floor":6,"key":"Regal Pillow"},{"floor":9,"key":"Boot"},{"floor":12,"key":"War Paint"},{"floor":14,"key":"Blue Candle"},{"floor":23,"key":"Turnip"},{"floor":25,"key":"Bronze Scales"},{"floor":26,"key":"Toxic Egg 2"},{"floor":27,"key":"Pear"},{"floor":30,"key":"Thread and Needle"},{"floor":41,"key":"Orichalcum"},{"floor":43,"key":"Bottled Tornado"},{"floor":44,"key":"Meat on the Bone"}],"event_choices":[{"damage_healed":0,"gold_gain":0,"player_choice":"Lose Max HP","damage_taken":0,"relics_obtained":["Golden Idol"],"max_hp_gain":0,"max_hp_loss":7,"event_name":"Golden Idol","floor":3,"gold_loss":0},{"cards_removed":["Strike_R"],"damage_healed":0,"gold_gain":0,"player_choice":"Offered Basic","damage_taken":0,"max_hp_gain":0,"max_hp_loss":0,"event_name":"Bonfire Elementals","floor":7,"gold_loss":0},{"damage_healed":0,"gold_gain":0,"player_choice":"Ignored","damage_taken":0,"max_hp_gain":0,"max_hp_loss":0,"event_name":"Ghosts","floor":22,"gold_loss":0},{"cards_removed":["Strike_R"],"damage_healed":0,"gold_gain":0,"player_choice":"Gave Gold","damage_taken":0,"max_hp_gain":0,"max_hp_loss":0,"event_name":"Beggar","floor":29,"gold_loss":75},{"damage_healed":0,"gold_gain":0,"player_choice":"Leave","damage_taken":0,"max_hp_gain":0,"max_hp_loss":0,"event_name":"FaceTrader","floor":39,"gold_loss":0}],"is_beta":false,"boss_relics":[{"not_picked":["Velvet Choker","Lizard Tail"],"picked":"Runic Dome"},{"not_picked":["Eternal Feather","Mark of Pain"],"picked":"Pandora\u0027s Box"}],"items_purged_floors":[19,36],"is_endless":false,"potions_floor_spawned":[1,4,8,13,16,20,21,28,31,37,38,48],"ascension_level":15}