{"gold_per_floor":[115,126,126,126,126,126,170,183,209,228,228,228,308,326,326,326],"floor_reached":16,"playtime":526,"items_purged":[],"score":165,"play_id":"d52b033b-adf6-4520-a62d-8887abadec2b","local_time":"20190524002358","is_ascension_mode":true,"campfire_choices":[{"data":"Neutralize","floor":6,"key":"SMITH"},{"floor":15,"key":"REST"}],"neow_cost":"NONE","seed_source_timestamp":635768798522214,"circlet_count":0,"master_deck":["AscendersBane","Defend_G+1","Defend_G","Defend_G","Defend_G","Defend_G","Strike_G","Strike_G","Strike_G+1","Strike_G","Strike_G","Survivor","Neutralize+1","Blade Dance+1","Blur","Dash","Backstab","Footwork"],"relics":["Ring of the Snake","Golden Idol","Juzu Bracelet","Anchor"],"potions_floor_usage":[7,14,16],"damage_taken":[{"damage":6,"enemies":"Jaw Worm","floor":1,"turns":5},{"damage":4,"enemies":"Small Slimes","floor":2,"turns":4},{"damage":28,"enemies":"Lagavulin","floor":7,"turns":8},{"damage":0,"enemies":"Cultist","floor":8,"turns":3},{"damage":0,"enemies":"Gremlin Gang","floor":10,"turns":7},{"damage":0,"enemies":"Blue Slaver","floor":14,"turns":1},{"damage":31,"enemies":"Hexaghost","floor":16,"turns":11}],"seed_played":"8345967713428384384","potions_obtained":[{"floor":2,"key":"SteroidPotion"},{"floor":7,"key":"Fire Potion"},{"floor":10,"key":"LiquidBronze"}],"is_trial":false,"path_per_floor":["M","M","?","?","?","R","E","M","T","M","?","?","?","M","R","B"],"character_chosen":"THE_SILENT","items_purchased":[],"campfire_rested":1,"item_purchase_floors":[],"current_hp_per_floor":[57,53,39,39,39,39,11,11,11,11,11,11,11,11,30,0],"gold":326,"neow_bonus":"THREE_CARDS","is_prod":false,"is_daily":false,"chose_seed":false,"campfire_upgraded":1,"win_rate":0,"timestamp":1558682638,"path_taken":["M","M","?","?","?","R","E","M","T","M","?","?","?","M","R","BOSS"],"build_version":"2019-01-23","purchased_purges":0,"victory":false,"max_hp_per_floor":[70,70,70,65,65,65,65,65,65,65,65,65,65,65,65,65],"card_choices":[{"not_picked":["Outmaneuver","Deflect"],"picked":"Blade Dance","floor":0},{"not_picked":["Dagger Spray","Acrobatics","Distraction"],"picked":"SKIP","floor":1},{"not_picked":["Deflect","Slice"],"picked":"Blur","floor":2},{"not_picked":["Masterful Stab","Dodge and Roll","Expertise"],"picked":"SKIP","floor":7},{"not_picked":["Dagger Throw","Calculated Gamble"],"picked":"Dash","floor":8},{"not_picked":["Cloak And Dagger","Dagger Spray"],"picked":"Backstab","floor":10},{"not_picked":["Quick Slash","Dodge and Roll"],"picked":"Footwork","floor":14}],"player_experience":606776,"relics_obtained":[{"floor":7,"key":"Juzu Bracelet"},{"floor":9,"key":"Anchor"}],"event_choices":[{"damage_healed":0,"gold_gain":0,"player_choice":"Entered Light","damage_taken":14,"max_hp_gain":0,"max_hp_loss":0,"event_name":"Shining Light","floor":3,"gold_loss":0,"cards_upgraded":["Defend_G","Strike_G"]},{"damage_healed":0,"gold_gain":0,"player_choice":"Lose Max HP","damage_taken":0,"relics_obtained":["Golden Idol"],"max_hp_gain":0,"max_hp_loss":5,"event_name":"Golden Idol","floor":4,"gold_loss":0},{"damage_healed":0,"gold_gain":0,"player_choice":"Forge","damage_taken":0,"max_hp_gain":0,"max_hp_loss":0,"event_name":"Accursed Blacksmith","floor":5,"gold_loss":0,"cards_upgraded":["Blade Dance"]},{"damage_healed":0,"gold_gain":0,"player_choice":"Got Potions","damage_taken":0,"max_hp_gain":0,"max_hp_loss":0,"event_name":"Lab","floor":11,"gold_loss":0},{"damage_healed":0,"gold_gain":0,"player_choice":"Ignored","damage_taken":0,"max_hp_gain":0,"max_hp_loss":0,"event_name":"Liars Game","floor":12,"gold_loss":0},{"damage_healed":0,"gold_gain":80,"player_choice":"Gained Gold","damage_taken":0,"max_hp_gain":0,"max_hp_loss":0,"event_name":"Golden Wing","floor":13,"gold_loss":0}],"is_beta":false,"boss_relics":[],"items_purged_floors":[],"is_endless":false,"potions_floor_spawned":[2,7,10],"killed_by":"Hexaghost","ascension_level":13}