{"gold_per_floor":[215,73,148,161,178,208,208,241,241,241,251,176,56,16,16,92,92,110,110,128,144,206,206,235,27,27,27,77,0,100,118,118,195,195,211,225,275,339,88,88,88,101,101,166,270,320,320,331,331,331,331],"floor_reached":52,"playtime":4307,"items_purged":["Strike_G","Strike_G","Strike_G"],"score":1835,"play_id":"9647848f-17a7-4bf0-ae73-53e44133eea3","local_time":"20190614150632","is_ascension_mode":true,"campfire_choices":[{"floor":7.0,"key":"REST"},{"data":"Noxious Fumes","floor":10.0,"key":"SMITH"},{"data":"Footwork","floor":15.0,"key":"SMITH"},{"data":"Catalyst","floor":23.0,"key":"SMITH"},{"data":"Deadly Poison","floor":27.0,"key":"SMITH"},{"floor":32,"key":"REST"},{"floor":40,"key":"REST"},{"floor":47,"key":"REST"},{"data":"Footwork","floor":49,"key":"SMITH"}],"neow_cost":"NONE","seed_source_timestamp":0,"circlet_count":0,"master_deck":["AscendersBane","Defend_G","Defend_G","Defend_G","Defend_G","Defend_G","Strike_G","Survivor+1","Neutralize","PiercingWail","Noxious Fumes+1","Flying Knee","Bane","Leg Sweep","Cloak And Dagger","Deflect+1","Well Laid Plans","Footwork+1","Corpse Explosion+1","Catalyst+1","Dash+1","Backflip+1","Backflip","Prepared","Deadly Poison+1","Malaise","Escape Plan","A Thousand Cuts","Dash","Well Laid Plans+1","PiercingWail","Footwork+1","Blur+1","Prepared+1"],"special_seed":0,"relics":["Ring of the Serpent","Paper Crane","Prayer Wheel","The Specimen","Philosopher\u0027s Stone","SsserpentHead","War Paint","Ninja Scroll","Regal Pillow"],"potions_floor_usage":[33,44],"damage_taken":[{"damage":0.0,"enemies":"Small Slimes","floor":1.0,"turns":6.0},{"damage":2.0,"enemies":"Jaw Worm","floor":4.0,"turns":5.0},{"damage":0.0,"enemies":"Cultist","floor":5.0,"turns":4.0},{"damage":22.0,"enemies":"3 Sentries","floor":6.0,"turns":7.0},{"damage":17.0,"enemies":"Gremlin Nob","floor":8.0,"turns":6.0},{"damage":0.0,"enemies":"3 Louse","floor":11.0,"turns":5.0},{"damage":0.0,"enemies":"Looter","floor":14.0,"turns":4.0},{"damage":1.0,"enemies":"The Guardian","floor":16.0,"turns":13.0},{"damage":1.0,"enemies":"3 Byrds","floor":18.0,"turns":4.0},{"damage":0.0,"enemies":"Chosen","floor":20.0,"turns":5.0},{"damage":15.0,"enemies":"Centurion and Healer","floor":21.0,"turns":5.0},{"damage":1.0,"enemies":"Snake Plant","floor":22.0,"turns":5.0},{"damage":19.0,"enemies":"Slavers","floor":24.0,"turns":5.0},{"damage":6,"enemies":"Shelled Parasite and Fungi","floor":31,"turns":4},{"damage":0,"enemies":"Collector","floor":33,"turns":7},{"damage":7,"enemies":"3 Shapes","floor":35,"turns":4},{"damage":30,"enemies":"3 Darklings","floor":36,"turns":4},{"damage":0,"enemies":"Maw","floor":38,"turns":8},{"damage":26,"enemies":"4 Shapes","floor":42,"turns":5},{"damage":0,"enemies":"Jaw Worm Horde","floor":44,"turns":3},{"damage":0,"enemies":"Writhing Mass","floor":48,"turns":8},{"damage":28,"enemies":"Donu and Deca","floor":50,"turns":8},{"damage":19,"enemies":"Awakened One","floor":51,"turns":21}],"seed_played":"-3306234737596713954","potions_obtained":[{"floor":6.0,"key":"Ancient Potion"},{"floor":8.0,"key":"GhostInAJar"},{"floor":11.0,"key":"SteroidPotion"},{"floor":16.0,"key":"SteroidPotion"},{"floor":18.0,"key":"Energy Potion"},{"floor":21.0,"key":"Fire Potion"},{"floor":22.0,"key":"Regen Potion"},{"floor":36,"key":"Strength Potion"},{"floor":38,"key":"FairyPotion"}],"is_trial":false,"path_per_floor":["M","$","?","M","M","E","R","E","T","R","M","?","$","M","R","B",null,"M","?","M","M","M","R","E","$","T","R","?","?","?","M","R","B",null,"M","M","?","M","$","R","$","M","T","M","T","?","R","M","R","B","B",null],"character_chosen":"THE_SILENT","items_purchased":["Noxious Fumes","PowerPotion","Well Laid Plans","Deadly Poison","Dexterity Potion","Footwork","GhostInAJar"],"campfire_rested":4,"item_purchase_floors":[2,2,13,25,25,39,39],"current_hp_per_floor":[59,59,48,46,46,24,43,26,26,26,26,26,26,26,26,25,56,55,55,55,40,39,39,35,35,35,35,35,35,35,29,48,48,62,55,25,25,25,25,44,44,18,18,18,18,18,51,51,51,23,4],"gold":331,"neow_bonus":"HUNDRED_GOLD","is_prod":false,"is_daily":false,"chose_seed":false,"campfire_upgraded":5,"win_rate":0,"timestamp":1560517592,"path_taken":["M","$","?","M","M","E","R","E","T","R","M","?","$","M","R","BOSS","M","?","M","M","?","R","E","$","T","R","?","?","?","M","R","BOSS","M","M","?","?","$","R","$","M","T","?","?","?","R","M","R","BOSS","BOSS"],"build_version":"2019-01-23","purchased_purges":3,"victory":true,"max_hp_per_floor":[66,66,66,66,66,66,66,66,66,66,66,66,66,66,66,66,66,66,66,66,66,66,66,66,66,66,66,66,66,66,66,66,66,66,66,66,66,66,66,66,66,66,66,66,66,63,63,63,63,63,63],"card_choices":[{"not_picked":["Deflect","Underhanded Strike"],"picked":"PiercingWail","floor":1.0},{"not_picked":["Dagger Throw","Infinite Blades"],"picked":"Flying Knee","floor":4.0},{"not_picked":["Flechettes","Underhanded Strike"],"picked":"Bane","floor":5.0},{"not_picked":["Well Laid Plans","Finisher"],"picked":"Leg Sweep","floor":6.0},{"not_picked":["Finisher","Terror"],"picked":"Cloak And Dagger","floor":8.0},{"not_picked":["Dagger Throw","Masterful Stab"],"picked":"Deflect","floor":11.0},{"not_picked":["Quick Slash","Masterful Stab","Bane"],"picked":"SKIP","floor":11.0},{"not_picked":["Distraction","Glass Knife"],"picked":"Footwork","floor":14.0},{"not_picked":["Finisher","Expertise","Dagger Spray"],"picked":"SKIP","floor":14.0},{"not_picked":["Phantasmal Killer","Die Die Die"],"picked":"Corpse Explosion","floor":16.0},{"not_picked":["Terror","PiercingWail+1"],"picked":"Catalyst","floor":18.0},{"not_picked":["Riddle With Holes","Blade Dance","Expertise"],"picked":"SKIP","floor":18.0},{"not_picked":["Cloak And Dagger+1","Predator"],"picked":"Dash+1","floor":20.0},{"not_picked":["Dagger Throw","Cloak And Dagger+1","Dagger Spray"],"picked":"SKIP","floor":20.0},{"not_picked":["Poisoned Stab","Deadly Poison"],"picked":"Backflip+1","floor":21.0},{"not_picked":["Setup","Backstab+1","Quick Slash"],"picked":"SKIP","floor":21.0},{"not_picked":["PiercingWail+1","Backstab+1"],"picked":"Backflip","floor":22.0},{"not_picked":["Calculated Gamble","Dodge and Roll","Terror+1"],"picked":"SKIP","floor":22.0},{"not_picked":["Bullet Time","Deflect"],"picked":"Prepared","floor":24.0},{"not_picked":["Dagger Throw","Catalyst"],"picked":"Malaise","floor":31},{"not_picked":["Masterful Stab+1","Flying Knee"],"picked":"Escape Plan","floor":31},{"not_picked":["Bullet Time","Storm of Steel"],"picked":"A Thousand Cuts","floor":33},{"not_picked":["Blade Dance","Distraction","Infinite Blades"],"picked":"SKIP","floor":35},{"not_picked":["Expertise+1","Poisoned Stab","Eviscerate+1"],"picked":"SKIP","floor":35},{"not_picked":["Reflex+1","Concentrate"],"picked":"Dash","floor":36},{"not_picked":["PiercingWail","Deadly Poison"],"picked":"Well Laid Plans+1","floor":36},{"not_picked":["Outmaneuver","Blade Dance+1"],"picked":"PiercingWail","floor":38},{"not_picked":["Bane+1","Underhanded Strike","Heel Hook+1"],"picked":"SKIP","floor":38},{"not_picked":["Bane","Deadly Poison+1"],"picked":"Blur+1","floor":42},{"not_picked":["Heel Hook","A Thousand Cuts","Dagger Throw"],"picked":"SKIP","floor":42},{"not_picked":["Sucker Punch","Outmaneuver","Blur+1"],"picked":"SKIP","floor":44},{"not_picked":["Bane+1","Flying Knee","Poisoned Stab+1"],"picked":"SKIP","floor":44},{"not_picked":["Eviscerate","Backstab"],"picked":"Prepared+1","floor":48},{"not_picked":["Dagger Throw","Cloak And Dagger","Deflect"],"picked":"SKIP","floor":48}],"player_experience":873548,"relics_obtained":[{"floor":6.0,"key":"Paper Crane"},{"floor":8.0,"key":"Prayer Wheel"},{"floor":9.0,"key":"The Specimen"},{"floor":24.0,"key":"War Paint"},{"floor":43,"key":"Ninja Scroll"},{"floor":45,"key":"Regal Pillow"}],"event_choices":[{"damage_healed":0.0,"max_hp_gain":0.0,"max_hp_loss":0.0,"gold_gain":75.0,"event_name":"World of Goop","player_choice":"Gather Gold","floor":3.0,"gold_loss":0.0,"damage_taken":11.0},{"cards_removed":["Strike_G"],"damage_healed":0.0,"max_hp_gain":0.0,"max_hp_loss":0.0,"gold_gain":0.0,"event_name":"The Cleric","player_choice":"Card Removal","floor":12.0,"gold_loss":75.0,"damage_taken":0.0},{"damage_healed":0.0,"max_hp_gain":0.0,"max_hp_loss":0.0,"gold_gain":0.0,"event_name":"FaceTrader","player_choice":"Trade","floor":19.0,"gold_loss":0.0,"damage_taken":0.0,"relics_obtained":["SsserpentHead"]},{"damage_healed":0.0,"max_hp_gain":0.0,"max_hp_loss":0.0,"gold_gain":0.0,"event_name":"The Mausoleum","player_choice":"Ignored","floor":28.0,"gold_loss":0.0,"damage_taken":0.0},{"damage_healed":0,"gold_gain":0,"player_choice":"Paid Fearfully","damage_taken":0,"max_hp_gain":0,"max_hp_loss":0,"event_name":"Masked Bandits","floor":29,"gold_loss":127},{"damage_healed":0,"gold_gain":50,"player_choice":"Stole From Cult","damage_taken":0,"max_hp_gain":0,"max_hp_loss":0,"event_name":"Nest","floor":30,"gold_loss":0},{"damage_healed":0,"gold_gain":0,"player_choice":"Forge","damage_taken":0,"max_hp_gain":0,"max_hp_loss":0,"event_name":"Accursed Blacksmith","floor":37,"gold_loss":0,"cards_upgraded":["Corpse Explosion"]},{"damage_healed":0,"gold_gain":0,"player_choice":"Max HP","damage_taken":0,"max_hp_gain":0,"max_hp_loss":3,"event_name":"Winding Halls","floor":46,"gold_loss":0}],"is_beta":false,"boss_relics":[{"not_picked":["Black Star","Astrolabe"],"picked":"Philosopher\u0027s Stone"},{"not_picked":["Fusion Hammer","Velvet Choker"],"picked":"Ring of the Serpent"}],"items_purged_floors":[13,25,39],"is_endless":false,"potions_floor_spawned":[6,8,11,16,18,21,22,36,38,42],"ascension_level":20}