{"gold_per_floor":[360,44,55,55,55,55,65,90,113,129,149,160,73,73,73,150,150,166,166,178,192,51,78,89,121,147,84,96,108,136,9,9,82,82,98,115,115,126,145,171,171,271,271,286,312,65,65,85,85,85,85,85,9,9],"floor_reached":54,"playtime":4575,"items_purged":["Decay","Strike_B","Strike_B","Strike_B"],"score":1203,"play_id":"143f2b45-c481-4f96-bb42-346dd2e3244d","local_time":"20190528115102","is_ascension_mode":true,"campfire_choices":[{"data":"Dualcast","floor":6,"key":"SMITH"},{"data":"Barrage","floor":15,"key":"SMITH"},{"data":"Consume","floor":29,"key":"SMITH"},{"data":"Defragment","floor":32,"key":"SMITH"},{"floor":41,"key":"RECALL"},{"floor":49,"key":"REST"},{"floor":52,"key":"REST"}],"neow_cost":"CURSE","seed_source_timestamp":1092966707859046,"circlet_count":0,"master_deck":["AscendersBane","Defend_B","Defend_B","Defend_B","Defend_B","Zap+1","Dualcast+1","Sunder+1","Capacitor","Gash","Hologram","Steam","Barrage+1","Scrape","Ball Lightning","Coolheaded","Self Repair","Echo Form","Cold Snap+1","Machine Learning","Steam","Consume+1","Loop","Defragment+1","Reboot","Skim","White Noise+1","Skim","Cold Snap+1","Static Discharge","Stack"],"relics":["Cracked Core","Membership Card","Blood Vial","PreservedInsect","Runic Pyramid","Orichalcum","Singing Bowl","Gremlin Horn","MawBank","Runic Capacitor","Fusion Hammer","Ancient Tea Set","Peace Pipe","Omamori","Calipers"],"potions_floor_usage":[8,21,25,35,38,48,50,54],"damage_taken":[{"damage":1,"enemies":"Cultist","floor":1,"turns":3},{"damage":2,"enemies":"2 Louse","floor":3,"turns":3},{"damage":9,"enemies":"Jaw Worm","floor":7,"turns":4},{"damage":8,"enemies":"Lagavulin","floor":8,"turns":6},{"damage":3,"enemies":"Red Slaver","floor":10,"turns":3},{"damage":13,"enemies":"Exordium Thugs","floor":11,"turns":4},{"damage":0,"enemies":"Large Slime","floor":12,"turns":4},{"damage":11,"enemies":"Slime Boss","floor":16,"turns":8},{"damage":28,"enemies":"Shell Parasite","floor":18,"turns":5},{"damage":0,"enemies":"Spheric Guardian","floor":20,"turns":3},{"damage":0,"enemies":"Centurion and Healer","floor":21,"turns":5},{"damage":44,"enemies":"Slavers","floor":23,"turns":5},{"damage":8,"enemies":"3 Cultists","floor":24,"turns":5},{"damage":28,"enemies":"Gremlin Leader","floor":25,"turns":7},{"damage":20,"enemies":"Snake Plant","floor":30,"turns":5},{"damage":34,"enemies":"Collector","floor":33,"turns":8},{"damage":11,"enemies":"Orb Walker","floor":35,"turns":4},{"damage":9,"enemies":"3 Shapes","floor":36,"turns":4},{"damage":11,"enemies":"3 Darklings","floor":38,"turns":6},{"damage":36,"enemies":"4 Shapes","floor":39,"turns":5},{"damage":6,"enemies":"Reptomancer","floor":40,"turns":6},{"damage":0,"enemies":"Mind Bloom Boss Battle","floor":42,"turns":7},{"damage":11,"enemies":"Spire Growth","floor":44,"turns":6},{"damage":72,"enemies":"Nemesis","floor":45,"turns":7},{"damage":16,"enemies":"Sphere and 2 Shapes","floor":48,"turns":4},{"damage":52,"enemies":"Awakened One","floor":50,"turns":12},{"damage":89,"enemies":"Shield and Spear","floor":54,"turns":5}],"seed_played":"3234032175824758454","potions_obtained":[{"floor":1,"key":"Strength Potion"},{"floor":3,"key":"SkillPotion"},{"floor":10,"key":"FairyPotion"},{"floor":23,"key":"Explosive Potion"},{"floor":33,"key":"Block Potion"},{"floor":36,"key":"Dexterity Potion"},{"floor":38,"key":"FocusPotion"}],"is_trial":false,"path_per_floor":["M","$","M","?","?","R","M","E","T","M","M","M","$","?","R","B",null,"M","?","M","M","$","E","M","E","T","?","?","R","M","$","R","B",null,"M","M","?","M","M","E","R","?","T","M","E","$","?","M","R","B",null,"R","$","E"],"character_chosen":"DEFECT","items_purchased":["Membership Card","Capacitor","Gash","Explosive Potion","Self Repair","Orichalcum","Defragment","Runic Capacitor","Calipers","PowerPotion","Static Discharge","Stack","AttackPotion"],"campfire_rested":2,"item_purchase_floors":[2,2,2,2,13,22,31,31,46,46,53,53,53],"current_hp_per_floor":[67,67,65,65,65,65,56,48,48,47,36,38,38,63,63,61,72,60,53,55,64,64,29,37,25,25,25,50,50,48,48,48,23,64,71,80,80,83,61,73,73,82,82,85,29,29,29,29,53,17,67,83,83,0],"gold":9,"neow_bonus":"TWO_FIFTY_GOLD","is_prod":false,"is_daily":false,"chose_seed":false,"campfire_upgraded":4,"win_rate":0,"timestamp":1559037062,"path_taken":["M","$","?","?","?","R","M","E","T","M","?","M","$","?","R","BOSS","M","?","M","?","$","E","M","E","T","?","?","R","M","?","R","BOSS","M","?","?","M","M","E","R","?","T","M","E","$","?","?","R","BOSS","R","$","E"],"build_version":"2019-01-23","purchased_purges":4,"victory":false,"max_hp_per_floor":[75,75,75,75,75,75,75,75,75,75,75,75,75,75,75,75,75,75,75,75,75,75,75,75,75,75,75,75,75,77,77,77,77,77,79,81,81,83,83,85,85,85,85,85,87,87,83,83,83,83,83,83,83,83],"card_choices":[{"not_picked":["Streamline","Tempest"],"picked":"Sunder","floor":1},{"not_picked":["Force Field","Leap"],"picked":"Hologram","floor":3},{"not_picked":["Chaos","Rip and Tear"],"picked":"Steam","floor":7},{"not_picked":["Stack","Heatsinks"],"picked":"Barrage","floor":8},{"not_picked":["Recycle","Redo"],"picked":"Scrape","floor":10},{"not_picked":["White Noise","Conserve Battery"],"picked":"Ball Lightning","floor":11},{"not_picked":["Capacitor","Hologram"],"picked":"Coolheaded","floor":12},{"not_picked":["Multi-Cast","Thunder Strike"],"picked":"Echo Form","floor":16},{"not_picked":["Go for the Eyes","Barrage"],"picked":"Cold Snap+1","floor":18},{"not_picked":["Rebound","Redo","Blizzard+1"],"picked":"SKIP","floor":20},{"not_picked":["Beam Cell","Rebound"],"picked":"Machine Learning","floor":21},{"not_picked":["Gash","Capacitor"],"picked":"Steam","floor":23},{"not_picked":["Beam Cell","Conserve Battery"],"picked":"Consume","floor":24},{"not_picked":["White Noise","Gash"],"picked":"Loop","floor":25},{"not_picked":["Leap","Chill","Turbo"],"picked":"Singing Bowl","floor":30},{"not_picked":["Fission","Amplify"],"picked":"Reboot","floor":33},{"not_picked":["BootSequence","Cold Snap","Leap"],"picked":"Singing Bowl","floor":35},{"not_picked":["FTL","Double Energy","Redo"],"picked":"Singing Bowl","floor":36},{"not_picked":["Steam+1","FTL+1","Stack"],"picked":"Singing Bowl","floor":38},{"not_picked":["Barrage","Hologram"],"picked":"Skim","floor":39},{"not_picked":["Redo+1","Barrage","Meteor Strike"],"picked":"Singing Bowl","floor":40},{"not_picked":["Hello World+1","Stack"],"picked":"White Noise+1","floor":42},{"not_picked":["Cold Snap","Chill"],"picked":"Skim","floor":44},{"not_picked":["Barrage+1","Gash","Turbo+1"],"picked":"Singing Bowl","floor":45},{"not_picked":["Go for the Eyes","BootSequence"],"picked":"Cold Snap+1","floor":48}],"player_experience":674816,"relics_obtained":[{"floor":8,"key":"Blood Vial"},{"floor":9,"key":"PreservedInsect"},{"floor":23,"key":"Singing Bowl"},{"floor":25,"key":"Gremlin Horn"},{"floor":26,"key":"MawBank"},{"floor":40,"key":"Ancient Tea Set"},{"floor":42,"key":"Peace Pipe"},{"floor":45,"key":"Omamori"}],"event_choices":[{"damage_healed":0,"gold_gain":0,"player_choice":"Grow","damage_taken":0,"max_hp_gain":0,"max_hp_loss":0,"event_name":"Living Wall","floor":4,"gold_loss":0,"cards_upgraded":["Sunder"]},{"damage_healed":0,"gold_gain":0,"player_choice":"Upgraded","damage_taken":0,"max_hp_gain":0,"max_hp_loss":0,"event_name":"Upgrade Shrine","floor":5,"gold_loss":0,"cards_upgraded":["Zap"]},{"damage_healed":25,"gold_gain":0,"player_choice":"Banana","damage_taken":0,"max_hp_gain":0,"max_hp_loss":0,"event_name":"Big Fish","floor":14,"gold_loss":0},{"damage_healed":0,"gold_gain":0,"player_choice":"Damaged","damage_taken":7,"max_hp_gain":0,"max_hp_loss":0,"event_name":"Wheel of Change","floor":19,"gold_loss":0},{"cards_removed":["Strike_B"],"damage_healed":0,"gold_gain":0,"player_choice":"Gave Gold","damage_taken":0,"max_hp_gain":0,"max_hp_loss":0,"event_name":"Beggar","floor":27,"gold_loss":75},{"damage_healed":25,"gold_gain":0,"player_choice":"Heal","damage_taken":0,"max_hp_gain":0,"max_hp_loss":0,"event_name":"The Library","floor":28,"gold_loss":0},{"damage_healed":0,"gold_gain":0,"player_choice":"Ignored","damage_taken":0,"max_hp_gain":0,"max_hp_loss":0,"event_name":"Tomb of Lord Red Mask","floor":37,"gold_loss":0},{"damage_healed":0,"gold_gain":0,"player_choice":"Fight","damage_taken":0,"max_hp_gain":0,"max_hp_loss":0,"event_name":"MindBloom","floor":42,"gold_loss":0},{"damage_healed":0,"gold_gain":0,"player_choice":"Max HP","damage_taken":0,"max_hp_gain":0,"max_hp_loss":4,"event_name":"Winding Halls","floor":47,"gold_loss":0}],"is_beta":false,"boss_relics":[{"not_picked":["FrozenCore","Tiny House"],"picked":"Runic Pyramid"},{"not_picked":["Astrolabe","White Beast Statue"],"picked":"Fusion Hammer"}],"items_purged_floors":[2,13,22,46],"is_endless":false,"potions_floor_spawned":[1,3,10,11,23,24,33,36,38,39,44,45],"killed_by":"Shield and Spear","ascension_level":13}