{"gold_per_floor":[13,24,44,60,60,93,110,145,215,215,225,244,244,94,94,194,194,161,175,187,197,197,197,197],"floor_reached":24,"playtime":2227,"items_purged":["Strike_G"],"score":223,"play_id":"62dc476c-9890-4a57-b245-3b6826a31eb9","local_time":"20181217213035","is_ascension_mode":true,"campfire_choices":[{"data":"Noxious Fumes","floor":10,"key":"SMITH"},{"floor":13,"key":"REST"},{"data":"Noxious Fumes","floor":15,"key":"SMITH"},{"floor":23,"key":"REST"}],"neow_cost":"NO_GOLD","seed_source_timestamp":394588886487349,"circlet_count":0,"master_deck":["Defend_G","Defend_G","Defend_G","Defend_G","Defend_G","Strike_G","Strike_G","Strike_G","Strike_G","Survivor","Neutralize","Good Instincts","Metamorphosis","Noxious Fumes+1","Noxious Fumes+1","Acrobatics","Calculated Gamble","Malaise","Expertise","Outmaneuver","Deadly Poison","Noxious Fumes+1","After Image","Escape Plan","Acrobatics","Leg Sweep"],"relics":["Ring of the Snake","StoneCalendar","Bottled Lightning","Cursed Key"],"potions_floor_usage":[6,6,8,16,24,24],"damage_taken":[{"damage":0,"enemies":"Jaw Worm","floor":1,"turns":2},{"damage":0,"enemies":"Cultist","floor":2,"turns":5},{"damage":0,"enemies":"2 Louse","floor":3,"turns":3},{"damage":2,"enemies":"Blue Slaver","floor":4,"turns":5},{"damage":22,"enemies":"Gremlin Nob","floor":6,"turns":4},{"damage":4,"enemies":"Red Slaver","floor":7,"turns":5},{"damage":14,"enemies":"Lagavulin","floor":8,"turns":7},{"damage":0,"enemies":"Large Slime","floor":11,"turns":5},{"damage":7,"enemies":"Blue Slaver","floor":12,"turns":6},{"damage":12,"enemies":"The Guardian","floor":16,"turns":8},{"damage":34,"enemies":"2 Thieves","floor":18,"turns":5},{"damage":7,"enemies":"3 Byrds","floor":19,"turns":4},{"damage":2,"enemies":"Snecko","floor":20,"turns":6},{"damage":4,"enemies":"Centurion and Healer","floor":21,"turns":6},{"damage":60,"enemies":"Slavers","floor":24,"turns":4}],"seed_played":"6779585081678729354","potions_obtained":[{"floor":3,"key":"PowerPotion"},{"floor":5,"key":"AttackPotion"},{"floor":5,"key":"FearPotion"},{"floor":8,"key":"FearPotion"},{"floor":11,"key":"SneckoOil"},{"floor":12,"key":"Energy Potion"},{"floor":18,"key":"LiquidBronze"},{"floor":19,"key":"Fire Potion"}],"is_trial":false,"path_per_floor":["M","M","M","M","?","E","M","E","T","R","M","M","R","$","R","B",null,"M","M","M","M","?","R","E"],"character_chosen":"THE_SILENT","items_purchased":["Noxious Fumes"],"campfire_rested":2,"item_purchase_floors":[14],"current_hp_per_floor":[70,70,70,68,68,46,42,28,28,28,28,21,42,42,42,30,70,36,29,27,23,23,44,0],"gold":197,"neow_bonus":"RANDOM_COLORLESS_2","is_prod":false,"is_daily":false,"chose_seed":false,"campfire_upgraded":2,"win_rate":0,"timestamp":1545111035,"path_taken":["M","M","M","M","?","E","M","E","T","R","M","M","R","$","R","BOSS","M","M","M","M","?","R","E"],"build_version":"2018-12-13","purchased_purges":1,"victory":false,"max_hp_per_floor":[70,70,70,70,70,70,70,70,70,70,70,70,70,70,70,70,70,70,70,70,70,70,70,70],"card_choices":[{"not_picked":["Cloak And Dagger","Slice"],"picked":"Noxious Fumes","floor":1},{"not_picked":["Bouncing Flask","Deflect"],"picked":"Noxious Fumes","floor":2},{"not_picked":["Terror","Choke"],"picked":"Acrobatics","floor":3},{"not_picked":["Acrobatics","Sucker Punch"],"picked":"Calculated Gamble","floor":4},{"not_picked":["Blade Dance","Outmaneuver"],"picked":"Malaise","floor":6},{"not_picked":["Prepared","Finisher","PiercingWail"],"picked":"SKIP","floor":7},{"not_picked":["Envenom","Heel Hook"],"picked":"Expertise","floor":8},{"not_picked":["All Out Attack","Calculated Gamble"],"picked":"Outmaneuver","floor":11},{"not_picked":["Riddle With Holes","Bane"],"picked":"Deadly Poison","floor":12},{"not_picked":["Unload","Grand Finale"],"picked":"After Image","floor":16},{"not_picked":["All Out Attack+1","Sucker Punch+1"],"picked":"Escape Plan","floor":18},{"not_picked":["Dash","Reflex","Blade Dance"],"picked":"SKIP","floor":19},{"not_picked":["Prepared","Bane"],"picked":"Acrobatics","floor":20},{"not_picked":["Finisher","Calculated Gamble+1"],"picked":"Leg Sweep","floor":21}],"player_experience":118690,"relics_obtained":[{"floor":6,"key":"StoneCalendar"},{"floor":8,"key":"Bottled Lightning"}],"event_choices":[{"damage_healed":0,"gold_gain":0,"player_choice":"Got Potions","damage_taken":0,"max_hp_gain":0,"max_hp_loss":0,"event_name":"Lab","floor":5,"gold_loss":0},{"damage_healed":0,"gold_gain":0,"player_choice":"Forge","damage_taken":0,"max_hp_gain":0,"max_hp_loss":0,"event_name":"Accursed Blacksmith","floor":22,"gold_loss":0,"cards_upgraded":["Noxious Fumes"]}],"is_beta":false,"boss_relics":[{"not_picked":["Coffee Dripper","Ectoplasm"],"picked":"Cursed Key"}],"items_purged_floors":[14],"is_endless":false,"potions_floor_spawned":[3,8,11,12,18,19,21],"killed_by":"Slavers","ascension_level":1}