{"gold_per_floor":[118,65,140,158,169,169,197,207,207,207,207],"floor_reached":11,"playtime":952,"items_purged":[],"score":102,"play_id":"5ae339c8-bd08-416b-8195-f49a4e7c3d88","local_time":"20190420123821","is_ascension_mode":true,"campfire_choices":[{"data":"Zap","floor":6.0,"key":"SMITH"}],"neow_cost":"NONE","seed_source_timestamp":562463538397160,"circlet_count":0,"master_deck":["Strike_B","Strike_B","Strike_B","Strike_B","Defend_B+1","Defend_B","Defend_B","Defend_B+1","Zap+1","Dualcast","Creative AI+1","Lockon","Coolheaded","Sweeping Beam","Consume","Steam"],"special_seed":0,"relics":["Cracked Core","War Paint","Question Card"],"potions_floor_usage":[8,11],"damage_taken":[{"damage":8.0,"enemies":"Small Slimes","floor":1.0,"turns":4.0},{"damage":0.0,"enemies":"2 Louse","floor":4.0,"turns":4.0},{"damage":0.0,"enemies":"Jaw Worm","floor":5.0,"turns":6.0},{"damage":20.0,"enemies":"3 Sentries","floor":7.0,"turns":6.0},{"damage":12,"enemies":"Large Slime","floor":8,"turns":5},{"damage":27,"enemies":"The Mushroom Lair","floor":11,"turns":3}],"seed_played":"-3262539354545790659","potions_obtained":[{"floor":1.0,"key":"AttackPotion"},{"floor":4.0,"key":"SteroidPotion"},{"floor":8,"key":"FocusPotion"}],"is_trial":false,"path_per_floor":["M","$","?","M","M","R","E","M","T","?","?"],"character_chosen":"DEFECT","items_purchased":["Coolheaded"],"campfire_rested":0,"item_purchase_floors":[2],"current_hp_per_floor":[60,60,49,49,49,49,29,17,17,17,0],"gold":207,"neow_bonus":"ONE_RANDOM_RARE_CARD","is_prod":false,"is_daily":false,"chose_seed":false,"campfire_upgraded":1,"win_rate":0,"timestamp":1555756701,"path_taken":["M","$","?","M","M","R","E","M","T","?","?"],"build_version":"2019-01-23","purchased_purges":0,"victory":false,"max_hp_per_floor":[75,75,75,75,75,75,75,75,75,75,75],"card_choices":[{"not_picked":["Beam Cell","Hologram"],"picked":"Lockon","floor":1.0},{"not_picked":["Static Discharge","Streamline","Tempest"],"picked":"SKIP","floor":4.0},{"not_picked":["Hologram","Go for the Eyes"],"picked":"Sweeping Beam","floor":5.0},{"not_picked":["Turbo","Sweeping Beam"],"picked":"Consume","floor":7.0},{"not_picked":["Darkness","Streamline"],"picked":"Steam","floor":8}],"player_experience":491014,"relics_obtained":[{"floor":7.0,"key":"War Paint"},{"floor":9,"key":"Question Card"}],"event_choices":[{"damage_healed":0.0,"max_hp_gain":0.0,"max_hp_loss":0.0,"gold_gain":75.0,"event_name":"World of Goop","player_choice":"Gather Gold","floor":3.0,"gold_loss":0.0,"damage_taken":11.0},{"damage_healed":0,"gold_gain":0,"player_choice":"Grow","damage_taken":0,"max_hp_gain":0,"max_hp_loss":0,"event_name":"Living Wall","floor":10,"gold_loss":0,"cards_upgraded":["Creative AI"]},{"damage_healed":0,"gold_gain":0,"player_choice":"Fought Mushrooms","damage_taken":0,"max_hp_gain":0,"max_hp_loss":0,"event_name":"Mushrooms","floor":11,"gold_loss":0}],"is_beta":false,"boss_relics":[],"items_purged_floors":[],"is_endless":false,"potions_floor_spawned":[1,4,8],"killed_by":"The Mushroom Lair","ascension_level":8}