{"gold_per_floor":[110,127,52,65,65,1,1,20,47,59,59,59],"floor_reached":12,"playtime":2507,"items_purged":["Strike_G"],"score":112,"play_id":"7d92ad09-35d5-4232-a78c-dba2bcde9b3f","local_time":"20190227213159","is_ascension_mode":true,"campfire_choices":[{"data":"Blur","floor":7,"key":"SMITH"}],"neow_cost":"NONE","seed_source_timestamp":1184683914252948,"circlet_count":0,"master_deck":["AscendersBane","Defend_G","Defend_G","Defend_G","Strike_G","Strike_G","Strike_G","Strike_G","Survivor","Neutralize","Blur+1","Blur"],"relics":["Ring of the Snake","Potion Belt","Smiling Mask","Lantern"],"potions_floor_usage":[4,12,12],"damage_taken":[{"damage":1,"enemies":"Small Slimes","floor":1,"turns":3},{"damage":4,"enemies":"Jaw Worm","floor":2,"turns":6},{"damage":9,"enemies":"Cultist","floor":4,"turns":5},{"damage":23,"enemies":"3 Louse","floor":8,"turns":3},{"damage":4,"enemies":"2 Fungi Beasts","floor":10,"turns":6},{"damage":0,"enemies":"3 Sentries","floor":12,"turns":1}],"seed_played":"-3933845311302031523","potions_obtained":[{"floor":1,"key":"Fire Potion"},{"floor":8,"key":"LiquidBronze"},{"floor":10,"key":"Ancient Potion"}],"is_trial":false,"path_per_floor":["M","M","$","M","?","?","R","M","T","M","?","E"],"character_chosen":"THE_SILENT","items_purchased":[],"campfire_rested":0,"item_purchase_floors":[],"current_hp_per_floor":[62,58,58,49,49,49,49,26,26,22,15,15],"gold":59,"neow_bonus":"RANDOM_COMMON_RELIC","is_prod":false,"is_daily":false,"chose_seed":false,"campfire_upgraded":1,"win_rate":0,"timestamp":1551331919,"path_taken":["M","M","$","M","?","?","R","M","T","?","?","E"],"build_version":"2019-01-23","purchased_purges":1,"victory":false,"max_hp_per_floor":[70,70,70,70,70,70,70,70,70,70,70,70],"card_choices":[{"not_picked":["All Out Attack","Leg Sweep"],"picked":"Blur","floor":1},{"not_picked":["Masterful Stab","Quick Slash","Bane"],"picked":"SKIP","floor":2},{"not_picked":["Well Laid Plans","Eviscerate","Underhanded Strike"],"picked":"SKIP","floor":4},{"not_picked":["Heel Hook","Outmaneuver","Venomology"],"picked":"SKIP","floor":8},{"not_picked":["Slice","Dodge and Roll"],"picked":"Blur","floor":10}],"player_experience":532522,"relics_obtained":[{"floor":9,"key":"Lantern"}],"event_choices":[{"cards_removed":["Defend_G"],"damage_healed":0,"gold_gain":0,"player_choice":"Forget","damage_taken":0,"max_hp_gain":0,"max_hp_loss":0,"event_name":"Living Wall","floor":5,"gold_loss":0},{"damage_healed":0,"gold_gain":0,"player_choice":"Paid Gold","damage_taken":0,"relics_obtained":["Smiling Mask"],"max_hp_gain":0,"max_hp_loss":0,"event_name":"WeMeetAgain","floor":6,"gold_loss":64},{"cards_removed":["Defend_G"],"damage_healed":0,"gold_gain":0,"player_choice":"Card Removal","damage_taken":7,"max_hp_gain":0,"max_hp_loss":0,"event_name":"Golden Wing","floor":11,"gold_loss":0}],"is_beta":false,"boss_relics":[],"items_purged_floors":[3],"is_endless":false,"potions_floor_spawned":[1,8,10],"killed_by":"3 Sentries","ascension_level":12}