{"gold_per_floor":[118,131,32,45,45,45,76,76,76,128,128,148,48,48,48,48],"floor_reached":16,"playtime":641,"items_purged":["Strike_G","Strike_G"],"score":127,"play_id":"2d14fc0c-fdb9-4e03-8c72-ba9e0b1f3cda","local_time":"20190106013453","is_ascension_mode":true,"campfire_choices":[{"floor":6,"key":"REST"},{"data":"Predator","floor":11,"key":"SMITH"},{"data":"Setup","floor":15,"key":"SMITH"}],"neow_cost":"NONE","seed_source_timestamp":1414506340554,"circlet_count":0,"master_deck":["Defend_G","Defend_G","Defend_G","Defend_G","Defend_G","Strike_G","Strike_G","Strike_G","Survivor","Neutralize","Expertise","Blur","Cloak And Dagger+1","Predator+1","Backflip","Setup+1"],"relics":["Ring of the Snake","Regal Pillow","Golden Idol","FossilizedHelix","Molten Egg 2","Bag of Marbles"],"potions_floor_usage":[7,16],"damage_taken":[{"damage":15,"enemies":"Jaw Worm","floor":1,"turns":4},{"damage":0,"enemies":"2 Louse","floor":2,"turns":3},{"damage":0,"enemies":"Cultist","floor":4,"turns":4},{"damage":10,"enemies":"3 Sentries","floor":7,"turns":11},{"damage":12,"enemies":"Lots of Slimes","floor":12,"turns":5},{"damage":53,"enemies":"Hexaghost","floor":16,"turns":14}],"seed_played":"2726804871457383562","potions_obtained":[{"floor":2,"key":"FearPotion"},{"floor":4,"key":"AttackPotion"}],"is_trial":false,"path_per_floor":["M","M","$","M","?","R","E","?","T","T","R","M","$","?","R","B"],"character_chosen":"THE_SILENT","items_purchased":["Cloak And Dagger"],"campfire_rested":1,"item_purchase_floors":[3],"current_hp_per_floor":[48,48,48,48,31,67,57,62,62,62,62,50,50,50,50,0],"gold":48,"neow_bonus":"RANDOM_COMMON_RELIC","is_prod":false,"is_daily":false,"chose_seed":false,"campfire_upgraded":2,"win_rate":0,"timestamp":1546767293,"path_taken":["M","M","$","M","?","R","E","?","T","?","R","M","$","?","R","BOSS"],"build_version":"2019-01-03v4","purchased_purges":2,"victory":false,"max_hp_per_floor":[70,70,70,70,70,70,70,75,75,75,75,75,75,75,75,75],"card_choices":[{"not_picked":["Bane","Skewer"],"picked":"Expertise","floor":1},{"not_picked":["Terror","Masterful Stab"],"picked":"Blur","floor":2},{"not_picked":["Prepared","Dodge and Roll"],"picked":"Predator","floor":4},{"not_picked":["Flying Knee","Tactician"],"picked":"Backflip","floor":7},{"not_picked":["Bane+1","Dagger Throw+1"],"picked":"Setup","floor":12}],"player_experience":279566,"relics_obtained":[{"floor":7,"key":"FossilizedHelix"},{"floor":9,"key":"Molten Egg 2"},{"floor":10,"key":"Bag of Marbles"}],"event_choices":[{"damage_healed":0,"gold_gain":0,"player_choice":"Take Damage","damage_taken":17,"relics_obtained":["Golden Idol"],"max_hp_gain":0,"max_hp_loss":0,"event_name":"Golden Idol","floor":5,"gold_loss":0},{"damage_healed":0,"gold_gain":0,"player_choice":"Donut","damage_taken":0,"max_hp_gain":5,"max_hp_loss":0,"event_name":"Big Fish","floor":8,"gold_loss":0},{"damage_healed":0,"gold_gain":0,"player_choice":"Upgraded","damage_taken":0,"max_hp_gain":0,"max_hp_loss":0,"event_name":"Upgrade Shrine","floor":14,"gold_loss":0,"cards_upgraded":["Cloak And Dagger"]}],"is_beta":false,"boss_relics":[],"items_purged_floors":[3,13],"is_endless":false,"potions_floor_spawned":[2,4],"killed_by":"Hexaghost","ascension_level":6}