{"gold_per_floor":[17,167,12,12,23,23,34,69,93,168,187,187,205,216,216,295,295,270,270,2,2,2,2,2,19,19,35,35,50,50,60,60,60],"floor_reached":33,"playtime":2348,"items_purged":["Doubt","Decay"],"score":482,"play_id":"4d06378a-fd43-4695-8652-b5501b278bb0","local_time":"20190605153802","is_ascension_mode":true,"campfire_choices":[{"data":"Armaments","floor":6.0,"key":"SMITH"},{"floor":12.0,"key":"REST"},{"data":"Clothesline","floor":15.0,"key":"SMITH"},{"data":"Ghostly","floor":23,"key":"SMITH"},{"data":"Ghostly","floor":28,"key":"SMITH"},{"data":"Immolate","floor":30,"key":"SMITH"},{"data":"Ghostly","floor":32,"key":"SMITH"}],"neow_cost":"NO_GOLD","seed_source_timestamp":1799693459483385,"circlet_count":0,"master_deck":["AscendersBane","Strike_R","Strike_R","Strike_R","Strike_R","Defend_R","Defend_R","Defend_R","Defend_R","Bash","Shrug It Off","Armaments+1","Clothesline+1","Immolate+1","Feed","Cleave","Ghostly+1","Ghostly+1","Ghostly+1","Metallicize","Fiend Fire"],"special_seed":0,"relics":["Burning Blood","Incense Burner","Ancient Tea Set","Bag of Marbles","Runic Pyramid","Oddly Smooth Stone","FaceOfCleric","Pear"],"potions_floor_usage":[16,16,33,33],"damage_taken":[{"damage":2.0,"enemies":"2 Louse","floor":1.0,"turns":5.0},{"damage":0.0,"enemies":"Small Slimes","floor":5.0,"turns":3.0},{"damage":0.0,"enemies":"Jaw Worm","floor":7.0,"turns":4.0},{"damage":42.0,"enemies":"Lagavulin","floor":8.0,"turns":8.0},{"damage":13.0,"enemies":"Large Slime","floor":11.0,"turns":8.0},{"damage":0.0,"enemies":"Blue Slaver","floor":13.0,"turns":2.0},{"damage":0.0,"enemies":"2 Fungi Beasts","floor":14.0,"turns":3.0},{"damage":35,"enemies":"Hexaghost","floor":16,"turns":13},{"damage":3,"enemies":"2 Thieves","floor":18,"turns":4},{"damage":18,"enemies":"3 Byrds","floor":25,"turns":7},{"damage":4,"enemies":"Cultist and Chosen","floor":27,"turns":8},{"damage":7,"enemies":"Sentry and Sphere","floor":29,"turns":10},{"damage":1,"enemies":"3 Cultists","floor":31,"turns":6},{"damage":64,"enemies":"Automaton","floor":33,"turns":14}],"seed_played":"3158339211244281869","potions_obtained":[{"floor":1.0,"key":"Weak Potion"},{"floor":27,"key":"AttackPotion"},{"floor":29,"key":"SpeedPotion"}],"is_trial":false,"path_per_floor":["M","?","$","?","M","R","M","E","T","?","M","R","M","M","R","B",null,"M","?","$","?","$","R","?","M","T","M","R","M","R","M","R","B"],"character_chosen":"IRONCLAD","items_purchased":["LiquidBronze","Oddly Smooth Stone"],"campfire_rested":1,"item_purchase_floors":[3,20],"current_hp_per_floor":[72,72,72,65,71,71,75,39,39,28,21,43,49,55,55,26,63,69,69,69,39,39,39,39,31,41,48,48,51,51,61,61,0],"gold":60,"neow_bonus":"ONE_RARE_RELIC","is_prod":false,"is_daily":false,"chose_seed":false,"campfire_upgraded":6,"win_rate":0,"timestamp":1559741882,"path_taken":["M","?","$","?","M","R","?","E","T","?","M","R","M","M","R","BOSS","M","?","$","?","?","R","?","M","T","M","R","M","R","?","R","BOSS"],"build_version":"2019-01-23","purchased_purges":2,"victory":false,"max_hp_per_floor":[75,75,75,75,75,75,75,75,75,75,75,75,75,75,75,75,75,78,78,78,39,39,39,39,43,53,58,58,62,62,67,67,67],"card_choices":[{"not_picked":["Sentinel","Rage"],"picked":"Shrug It Off","floor":1.0},{"not_picked":["Warcry","Twin Strike"],"picked":"Armaments","floor":5.0},{"not_picked":["Dual Wield","Warcry","Second Wind"],"picked":"SKIP","floor":7.0},{"not_picked":["Entrench","Flex","Searing Blow"],"picked":"SKIP","floor":8.0},{"not_picked":["Twin Strike","Headbutt"],"picked":"Clothesline","floor":11.0},{"not_picked":["True Grit","Flex"],"picked":"Immolate","floor":13.0},{"not_picked":["Ghostly Armor","Havoc","Thunderclap"],"picked":"SKIP","floor":14.0},{"not_picked":["Immolate","Reaper"],"picked":"Feed","floor":16},{"not_picked":["Fire Breathing+1","Whirlwind"],"picked":"Cleave","floor":18},{"not_picked":["Anger","Warcry","Cleave"],"picked":"SKIP","floor":25},{"not_picked":["Armaments","Sword Boomerang","Thunderclap"],"picked":"SKIP","floor":27},{"not_picked":["Armaments","Sword Boomerang","Thunderclap"],"picked":"SKIP","floor":27},{"not_picked":["Clash","Flame Barrier"],"picked":"Metallicize","floor":29},{"not_picked":["Headbutt","Perfected Strike+1"],"picked":"Fiend Fire","floor":31}],"player_experience":808076,"relics_obtained":[{"floor":8.0,"key":"Ancient Tea Set"},{"floor":9.0,"key":"Bag of Marbles"},{"floor":26,"key":"Pear"}],"event_choices":[{"damage_healed":0.0,"max_hp_gain":0.0,"max_hp_loss":0.0,"gold_gain":150.0,"event_name":"Liars Game","player_choice":"AGREE","floor":2.0,"gold_loss":0.0,"damage_taken":0.0,"cards_obtained":["Doubt"]},{"cards_removed":["Strike_R"],"damage_healed":0.0,"max_hp_gain":0.0,"max_hp_loss":0.0,"gold_gain":0.0,"event_name":"Golden Wing","player_choice":"Card Removal","floor":4.0,"gold_loss":0.0,"damage_taken":7.0},{"damage_healed":0.0,"max_hp_gain":0.0,"max_hp_loss":0.0,"gold_gain":75.0,"event_name":"World of Goop","player_choice":"Gather Gold","floor":10.0,"gold_loss":0.0,"damage_taken":11.0},{"damage_healed":0,"gold_gain":0,"player_choice":"Smashed Altar","damage_taken":0,"max_hp_gain":0,"max_hp_loss":0,"event_name":"Forgotten Altar","floor":19,"gold_loss":0,"cards_obtained":["Decay"]},{"damage_healed":0,"gold_gain":0,"player_choice":"Became a Ghost","damage_taken":0,"max_hp_gain":0,"max_hp_loss":39,"event_name":"Ghosts","floor":21,"gold_loss":0,"cards_obtained":["Ghostly","Ghostly","Ghostly"]},{"damage_healed":0,"gold_gain":0,"player_choice":"Trade","damage_taken":0,"relics_obtained":["FaceOfCleric"],"max_hp_gain":0,"max_hp_loss":0,"event_name":"FaceTrader","floor":24,"gold_loss":0}],"is_beta":false,"boss_relics":[{"not_picked":["Velvet Choker","Coffee Dripper"],"picked":"Runic Pyramid"}],"items_purged_floors":[3,20],"is_endless":false,"potions_floor_spawned":[1,7,13,27,29],"killed_by":"Automaton","ascension_level":19}