{"gold_per_floor":[117,130,145,145,145,170,170,188,259,277,277,302,315,328,328,402,402,416,427,324,344,344,344],"floor_reached":23,"playtime":1516,"items_purged":["Strike_R"],"score":390,"play_id":"9664ba60-e5d9-493b-96fe-f545d78d436a","local_time":"20190602123222","is_ascension_mode":true,"campfire_choices":[{"floor":7,"key":"REST"},{"data":"Anger","floor":11,"key":"SMITH"},{"floor":15,"key":"REST"}],"neow_cost":"NONE","seed_source_timestamp":1530524144982096,"circlet_count":0,"master_deck":["AscendersBane","Strike_R","Strike_R","Strike_R","Strike_R","Defend_R","Defend_R","Defend_R","Defend_R","Bash+1","Shrug It Off","Spot Weakness","Anger+1","Sentinel+1","Shrug It Off+1","Iron Wave","Demon Form","Shrug It Off+1","Warcry+1","Armaments+1","Feel No Pain+1","Corruption"],"relics":["Burning Blood","Letter Opener","Toxic Egg 2","Mercury Hourglass","The Courier","Sozu"],"potions_floor_usage":[12,19,23],"damage_taken":[{"damage":10,"enemies":"Small Slimes","floor":1,"turns":4},{"damage":9,"enemies":"Jaw Worm","floor":2,"turns":4},{"damage":9,"enemies":"2 Louse","floor":3,"turns":4},{"damage":56,"enemies":"Lagavulin","floor":6,"turns":7},{"damage":8,"enemies":"Blue Slaver","floor":8,"turns":5},{"damage":8,"enemies":"Large Slime","floor":10,"turns":5},{"damage":25,"enemies":"Gremlin Nob","floor":12,"turns":4},{"damage":0,"enemies":"3 Louse","floor":13,"turns":3},{"damage":1,"enemies":"2 Fungi Beasts","floor":14,"turns":3},{"damage":41,"enemies":"Slime Boss","floor":16,"turns":8},{"damage":17,"enemies":"2 Thieves","floor":18,"turns":4},{"damage":8,"enemies":"3 Byrds","floor":19,"turns":4},{"damage":38,"enemies":"Shelled Parasite and Fungi","floor":21,"turns":5},{"damage":23,"enemies":"Slavers","floor":23,"turns":2}],"seed_played":"7292728751485425892","potions_obtained":[{"floor":1,"key":"FearPotion"},{"floor":10,"key":"GamblersBrew"},{"floor":12,"key":"Swift Potion"},{"floor":14,"key":"EssenceOfSteel"}],"is_trial":false,"path_per_floor":["M","M","M","?","T","E","R","M","T","M","R","E","M","M","R","B",null,"M","M","$","M","?","E"],"character_chosen":"IRONCLAD","items_purchased":["Armaments+1"],"campfire_rested":2,"item_purchase_floors":[20],"current_hp_per_floor":[71,68,65,65,65,15,39,37,37,35,35,16,22,27,51,16,66,55,53,53,21,21,0],"gold":344,"neow_bonus":"TEN_PERCENT_HP_BONUS","is_prod":false,"is_daily":false,"chose_seed":false,"campfire_upgraded":1,"win_rate":0,"timestamp":1559471542,"path_taken":["M","M","M","?","?","E","R","M","T","M","R","E","M","M","R","BOSS","M","M","$","M","?","E"],"build_version":"2019-01-23","purchased_purges":1,"victory":false,"max_hp_per_floor":[82,82,82,82,82,82,82,82,82,82,82,82,82,82,82,82,82,82,82,82,82,82,82],"card_choices":[{"not_picked":["Heavy Blade","Warcry","Headbutt"],"picked":"SKIP","floor":1},{"not_picked":["Headbutt","Power Through"],"picked":"Shrug It Off","floor":2},{"not_picked":["Pummel","Iron Wave"],"picked":"Spot Weakness","floor":3},{"not_picked":["Sever Soul","Offering"],"picked":"Anger","floor":6},{"not_picked":["Clash","Headbutt"],"picked":"Sentinel+1","floor":8},{"not_picked":["Fire Breathing","Havoc+1"],"picked":"Shrug It Off+1","floor":10},{"not_picked":["Juggernaut","Thunderclap","Brutality"],"picked":"SKIP","floor":12},{"not_picked":["Rupture","Headbutt"],"picked":"Iron Wave","floor":13},{"not_picked":["Headbutt","Body Slam","Anger"],"picked":"SKIP","floor":14},{"not_picked":["Juggernaut","Reaper"],"picked":"Demon Form","floor":16},{"not_picked":["Warcry+1","Flex+1"],"picked":"Shrug It Off+1","floor":18},{"not_picked":["Thunderclap","Cleave"],"picked":"Warcry+1","floor":19},{"not_picked":["Shrug It Off+1","Armaments+1"],"picked":"Feel No Pain+1","floor":21}],"player_experience":772968,"relics_obtained":[{"floor":5,"key":"Letter Opener"},{"floor":6,"key":"Toxic Egg 2"},{"floor":9,"key":"Mercury Hourglass"},{"floor":12,"key":"The Courier"}],"event_choices":[{"damage_healed":0,"gold_gain":0,"player_choice":"Grow","damage_taken":0,"max_hp_gain":0,"max_hp_loss":0,"event_name":"Living Wall","floor":4,"gold_loss":0,"cards_upgraded":["Bash"]},{"damage_healed":0,"gold_gain":0,"player_choice":"Read","damage_taken":0,"max_hp_gain":0,"max_hp_loss":0,"event_name":"The Library","floor":22,"gold_loss":0,"cards_obtained":["Corruption"]}],"is_beta":false,"boss_relics":[{"not_picked":["Calling Bell","Runic Pyramid"],"picked":"Sozu"}],"items_purged_floors":[20],"is_endless":false,"potions_floor_spawned":[1,10,12,14,16,18,21],"killed_by":"Slavers","ascension_level":18}