{"gold_per_floor":[117,117,129,129,148,182,182,216,273,273,285,285,285,296,296,367,367,382,307,322,369,387,387,419,439,464,491,504,515,515,542,542,542],"floor_reached":33,"playtime":4142,"items_purged":[],"score":586,"play_id":"e8c0f8e1-c1f0-41fe-a318-5c8ed06da556","local_time":"20190206165329","is_ascension_mode":true,"campfire_choices":[{"data":"Disarm","floor":7.0,"key":"SMITH"},{"floor":10.0,"key":"REST"},{"floor":13.0,"key":"REST"},{"floor":15.0,"key":"REST"},{"floor":23.0,"key":"REST"},{"floor":30,"key":"REST"},{"floor":32,"key":"REST"}],"neow_cost":"NONE","seed_source_timestamp":0,"circlet_count":0,"master_deck":["AscendersBane","Strike_R+1","Strike_R","Strike_R","Strike_R","Defend_R+1","Defend_R","Defend_R","Defend_R","Bash+1","Spot Weakness","Disarm+1","Dropkick","Juggernaut","Shockwave","Body Slam+1","Impervious","Armaments+1","Rage","Clumsy","Rampage+1","Feel No Pain","Infernal Blade"],"special_seed":0,"relics":["Burning Blood","Red Skull","Smiling Mask","Tiny Chest","Cursed Key","Omamori","Singing Bowl","Whetstone","Anchor","Pantograph"],"potions_floor_usage":[27,27],"damage_taken":[{"damage":3.0,"enemies":"Small Slimes","floor":1.0,"turns":4.0},{"damage":9.0,"enemies":"2 Louse","floor":3.0,"turns":3.0},{"damage":12.0,"enemies":"Jaw Worm","floor":5.0,"turns":3.0},{"damage":20.0,"enemies":"Lagavulin","floor":6.0,"turns":5.0},{"damage":36.0,"enemies":"Gremlin Nob","floor":8.0,"turns":5.0},{"damage":11.0,"enemies":"Exordium Wildlife","floor":11.0,"turns":4.0},{"damage":9.0,"enemies":"Blue Slaver","floor":14.0,"turns":2.0},{"damage":29.0,"enemies":"The Guardian","floor":16.0,"turns":10.0},{"damage":30.0,"enemies":"Shell Parasite","floor":18.0,"turns":7.0},{"damage":0.0,"enemies":"3 Byrds","floor":20.0,"turns":6.0},{"damage":41.0,"enemies":"Shelled Parasite and Fungi","floor":22.0,"turns":6.0},{"damage":11.0,"enemies":"Book of Stabbing","floor":24.0,"turns":6.0},{"damage":17.0,"enemies":"Cultist and Chosen","floor":25.0,"turns":7.0},{"damage":20,"enemies":"Slavers","floor":27,"turns":6},{"damage":13,"enemies":"Centurion and Healer","floor":28,"turns":6},{"damage":2,"enemies":"Chosen and Byrds","floor":29,"turns":6},{"damage":15,"enemies":"Book of Stabbing","floor":31,"turns":6},{"damage":105,"enemies":"Collector","floor":33,"turns":10}],"seed_played":"-1124394620060676148","potions_obtained":[{"floor":3.0,"key":"EntropicBrew"},{"floor":5.0,"key":"Weak Potion"},{"floor":8.0,"key":"SkillPotion"},{"floor":11.0,"key":"Regen Potion"},{"floor":16.0,"key":"Strength Potion"},{"floor":20.0,"key":"SkillPotion"},{"floor":22.0,"key":"EssenceOfSteel"},{"floor":24.0,"key":"Fire Potion"}],"is_trial":false,"path_per_floor":["M","?","M","?","M","E","R","E","T","R","M","?","R","M","R","B",null,"M","?","M","T","M","R","E","M","T","E","M","M","R","E","R","B"],"character_chosen":"IRONCLAD","items_purchased":[],"campfire_rested":6,"item_purchase_floors":[],"current_hp_per_floor":[78,78,75,75,69,55,55,25,25,49,44,19,43,40,64,41,72,48,48,54,54,19,43,40,31,31,17,12,18,45,36,63,0],"gold":542,"neow_bonus":"TEN_PERCENT_HP_BONUS","is_prod":false,"is_daily":false,"chose_seed":false,"campfire_upgraded":1,"win_rate":0,"timestamp":1549468409,"path_taken":["M","?","M","?","M","E","R","E","T","R","M","?","R","M","R","BOSS","M","?","M","?","M","R","E","M","T","E","M","M","R","E","R","BOSS"],"build_version":"2019-01-23","purchased_purges":0,"victory":false,"max_hp_per_floor":[82,82,82,82,82,82,82,82,82,82,82,82,82,82,82,82,82,82,82,82,82,82,82,84,86,86,86,88,90,90,90,90,90],"card_choices":[{"not_picked":["Heavy Blade","True Grit"],"picked":"Spot Weakness","floor":1.0},{"not_picked":["Iron Wave","Seeing Red"],"picked":"Disarm","floor":3.0},{"not_picked":["Wild Strike","Pummel"],"picked":"Dropkick","floor":5.0},{"not_picked":["Warcry","Iron Wave"],"picked":"Juggernaut","floor":6.0},{"not_picked":["Headbutt","Combust"],"picked":"Shockwave","floor":8.0},{"not_picked":["Bloodletting","Entrench"],"picked":"Body Slam","floor":11.0},{"not_picked":["Warcry","Clash","Body Slam"],"picked":"SKIP","floor":14.0},{"not_picked":["Berserk","Demon Form"],"picked":"Impervious","floor":16.0},{"not_picked":["Power Through","Twin Strike"],"picked":"Armaments+1","floor":18.0},{"not_picked":["Heavy Blade","Perfected Strike"],"picked":"Rage","floor":20.0},{"not_picked":["Power Through","Headbutt"],"picked":"Rampage","floor":22.0},{"not_picked":["Havoc","Dark Embrace","Body Slam"],"picked":"Singing Bowl","floor":24.0},{"not_picked":["Pummel","Pommel Strike","Wild Strike"],"picked":"Singing Bowl","floor":25.0},{"not_picked":["Clash","Perfected Strike"],"picked":"Feel No Pain","floor":27},{"not_picked":["True Grit","Burning Pact","Twin Strike"],"picked":"Singing Bowl","floor":28},{"not_picked":["Twin Strike","Berserk","Headbutt"],"picked":"Singing Bowl","floor":29},{"not_picked":["Havoc","Blood for Blood"],"picked":"Infernal Blade","floor":31}],"player_experience":189660,"relics_obtained":[{"floor":6.0,"key":"Red Skull"},{"floor":8.0,"key":"Smiling Mask"},{"floor":9.0,"key":"Tiny Chest"},{"floor":21.0,"key":"Omamori"},{"floor":24.0,"key":"Singing Bowl"},{"floor":26.0,"key":"Whetstone"},{"floor":27,"key":"Anchor"},{"floor":31,"key":"Pantograph"}],"event_choices":[{"damage_healed":0.0,"max_hp_gain":0.0,"max_hp_loss":0.0,"gold_gain":0.0,"event_name":"Living Wall","player_choice":"Grow","floor":2.0,"gold_loss":0.0,"damage_taken":0.0,"cards_upgraded":["Bash"]},{"damage_healed":0.0,"max_hp_gain":0.0,"max_hp_loss":0.0,"gold_gain":0.0,"event_name":"Golden Idol","player_choice":"Ignored","floor":4.0,"gold_loss":0.0,"damage_taken":0.0},{"damage_healed":0.0,"max_hp_gain":0.0,"max_hp_loss":0.0,"gold_gain":0.0,"event_name":"Shining Light","player_choice":"Entered Light","floor":12.0,"gold_loss":0.0,"damage_taken":25.0,"cards_upgraded":["Strike_R","Defend_R"]},{"cards_removed":["Strike_R"],"damage_healed":0.0,"max_hp_gain":0.0,"max_hp_loss":0.0,"gold_gain":0.0,"event_name":"Beggar","player_choice":"Gave Gold","floor":19.0,"gold_loss":75.0,"damage_taken":0.0}],"is_beta":false,"boss_relics":[{"not_picked":["Coffee Dripper","Black Blood"],"picked":"Cursed Key"}],"items_purged_floors":[],"is_endless":false,"potions_floor_spawned":[3,5,8,11,16,20,22,24,25],"killed_by":"Collector","ascension_level":17}