{"gold_per_floor":[118,131,131,131,131,131,143,157,239,514,549,549,215,247,247,322,322,332,53,63,77,77],"floor_reached":22,"playtime":2179,"items_purged":["Regret","Strike_R"],"score":369,"play_id":"72c0d8a5-24e4-45e7-9320-5d6f28b28731","local_time":"20190428021853","is_ascension_mode":true,"campfire_choices":[{"data":"Defend_R","floor":6,"key":"SMITH"},{"floor":12,"key":"REST"},{"data":"Mayhem","floor":15,"key":"SMITH"}],"neow_cost":"NONE","seed_source_timestamp":1215307809233656,"circlet_count":0,"master_deck":["AscendersBane","Strike_R","Strike_R","Strike_R","Strike_R","Defend_R","Defend_R+1","Defend_R","Defend_R+1","Bash+1","Armaments+1","Battle Trance","Rampage","Flame Barrier","Mayhem+1","Immolate","Fiend Fire","Cleave","Demon Form","Ghostly Armor"],"relics":["Burning Blood","Mercury Hourglass","Ancient Tea Set","Regal Pillow","Black Star"],"potions_floor_usage":[14,16,20,21],"damage_taken":[{"damage":7,"enemies":"Jaw Worm","floor":1,"turns":3},{"damage":11,"enemies":"Small Slimes","floor":2,"turns":4},{"damage":0,"enemies":"Cultist","floor":7,"turns":3},{"damage":1,"enemies":"Red Slaver","floor":8,"turns":4},{"damage":31,"enemies":"3 Sentries","floor":11,"turns":7},{"damage":15,"enemies":"Lagavulin","floor":14,"turns":5},{"damage":27,"enemies":"Hexaghost","floor":16,"turns":10},{"damage":25,"enemies":"2 Thieves","floor":18,"turns":4},{"damage":22,"enemies":"Spheric Guardian","floor":20,"turns":4},{"damage":37,"enemies":"3 Cultists","floor":21,"turns":5},{"damage":11,"enemies":"Snake Plant","floor":22,"turns":3}],"seed_played":"-8301867628895304447","potions_obtained":[{"floor":1,"key":"SpeedPotion"},{"floor":8,"key":"Dexterity Potion"},{"floor":11,"key":"Block Potion"},{"floor":14,"key":"SmokeBomb"},{"floor":16,"key":"GamblersBrew"},{"floor":18,"key":"BloodPotion"}],"is_trial":false,"path_per_floor":["M","M","?","?","?","R","M","M","T","?","E","R","$","E","R","B",null,"M","$","M","M","M"],"character_chosen":"IRONCLAD","items_purchased":["Flame Barrier","Mayhem","Demon Form"],"campfire_rested":1,"item_purchase_floors":[13,13,19],"current_hp_per_floor":[67,62,67,43,43,43,49,54,54,54,29,53,53,44,44,23,66,47,47,39,8,0],"gold":77,"neow_bonus":"UPGRADE_CARD","is_prod":false,"is_daily":false,"chose_seed":false,"campfire_upgraded":2,"win_rate":0,"timestamp":1556410733,"path_taken":["M","M","?","?","?","R","M","M","T","?","E","R","$","E","R","BOSS","M","$","M","M","M"],"build_version":"2019-01-23","purchased_purges":2,"victory":false,"max_hp_per_floor":[75,75,80,80,80,80,80,80,80,80,80,80,80,80,80,80,80,80,80,80,80,80],"card_choices":[{"not_picked":["Bloodletting","Headbutt","Thunderclap"],"picked":"SKIP","floor":1},{"not_picked":["Ghostly Armor","Heavy Blade"],"picked":"Armaments","floor":2},{"not_picked":["Second Wind","Combust"],"picked":"Battle Trance","floor":7},{"not_picked":["Iron Wave","Body Slam"],"picked":"Rampage","floor":8},{"not_picked":["Dual Wield","Warcry","Wild Strike"],"picked":"SKIP","floor":11},{"not_picked":["Seeing Red","Headbutt"],"picked":"Immolate","floor":14},{"not_picked":["Bludgeon","Dark Embrace"],"picked":"Fiend Fire","floor":16},{"not_picked":["Entrench+1","Twin Strike+1"],"picked":"Cleave","floor":18},{"not_picked":["Seeing Red","Bloodletting","Sentinel+1"],"picked":"SKIP","floor":20},{"not_picked":["Headbutt+1","Sword Boomerang+1"],"picked":"Ghostly Armor","floor":21}],"player_experience":527811,"relics_obtained":[{"floor":9,"key":"Mercury Hourglass"},{"floor":11,"key":"Ancient Tea Set"},{"floor":14,"key":"Regal Pillow"}],"event_choices":[{"damage_healed":0,"gold_gain":0,"player_choice":"Donut","damage_taken":0,"max_hp_gain":5,"max_hp_loss":0,"event_name":"Big Fish","floor":3,"gold_loss":0},{"damage_healed":0,"gold_gain":0,"player_choice":"Entered Light","damage_taken":24,"max_hp_gain":0,"max_hp_loss":0,"event_name":"Shining Light","floor":4,"gold_loss":0,"cards_upgraded":["Defend_R","Armaments"]},{"damage_healed":0,"gold_gain":0,"player_choice":"Ignored","damage_taken":0,"max_hp_gain":0,"max_hp_loss":0,"event_name":"Liars Game","floor":5,"gold_loss":0},{"damage_healed":0,"gold_gain":275,"player_choice":"Desecrate","damage_taken":0,"max_hp_gain":0,"max_hp_loss":0,"event_name":"Golden Shrine","floor":10,"gold_loss":0,"cards_obtained":["Regret"]}],"is_beta":false,"boss_relics":[{"not_picked":["Tiny House","Pandora\u0027s Box"],"picked":"Black Star"}],"items_purged_floors":[13,19],"is_endless":false,"potions_floor_spawned":[1,8,11,14,16,18],"killed_by":"Snake Plant","ascension_level":18}