{"gold_per_floor":[217,236,5,24,24,36,1,29,29,44,104,175,191,204,204,276,276,286,248,248,259,209,209,221,252,299,221,233,233],"floor_reached":29,"playtime":2448,"items_purged":["Strike_B","Strike_B","Steam Power"],"score":508,"play_id":"ce4f3529-d163-4794-9ae3-5f9c44d8e6ac","local_time":"20190531134704","is_ascension_mode":true,"campfire_choices":[{"data":"Coolheaded","floor":15,"key":"SMITH"},{"data":"Loop","floor":23,"key":"SMITH"}],"neow_cost":"NONE","seed_source_timestamp":1361272949521390,"circlet_count":0,"master_deck":["AscendersBane","Defend_B","Defend_B","Defend_B","Defend_B","Zap","Dualcast","Conserve Battery","Coolheaded+1","White Noise","Coolheaded","Genetic Algorithm","Steam","Sweeping Beam","Core Surge","Cold Snap","Machine Learning","Loop+1","Aggregate","Skim","Ball Lightning","Coolheaded+1","Conserve Battery+1"],"relics":["Cracked Core","Membership Card","Art of War","Symbiotic Virus","Pantograph","Tiny Chest","Gremlin Horn","Sozu","Toxic Egg 2","Vajra"],"potions_floor_usage":[6,11,28],"damage_taken":[{"damage":0,"enemies":"Cultist","floor":1,"turns":3},{"damage":2,"enemies":"Small Slimes","floor":2,"turns":3},{"damage":0,"enemies":"Jaw Worm","floor":4,"turns":4},{"damage":0,"enemies":"Exordium Thugs","floor":6,"turns":5},{"damage":4,"enemies":"Lagavulin","floor":8,"turns":7},{"damage":18,"enemies":"Lots of Slimes","floor":10,"turns":5},{"damage":0,"enemies":"Gremlin Nob","floor":11,"turns":3},{"damage":0,"enemies":"Blue Slaver","floor":13,"turns":4},{"damage":3,"enemies":"Exordium Thugs","floor":14,"turns":4},{"damage":53,"enemies":"Slime Boss","floor":16,"turns":16},{"damage":2,"enemies":"Spheric Guardian","floor":18,"turns":6},{"damage":5,"enemies":"3 Byrds","floor":21,"turns":4},{"damage":0,"enemies":"Sentry and Sphere","floor":24,"turns":8},{"damage":31,"enemies":"Book of Stabbing","floor":25,"turns":6},{"damage":21,"enemies":"Snecko","floor":28,"turns":4},{"damage":9,"enemies":"Centurion and Healer","floor":29,"turns":2}],"seed_played":"4448212257735001625","potions_obtained":[{"floor":1,"key":"PowerPotion"},{"floor":2,"key":"Fire Potion"},{"floor":6,"key":"FocusPotion"},{"floor":11,"key":"FairyPotion"}],"is_trial":false,"path_per_floor":["M","M","$","M","?","M","?","E","T","M","E","T","M","M","R","B",null,"M","$","?","M","$","R","M","E","T","$","M","M"],"character_chosen":"DEFECT","items_purchased":["Membership Card","Coolheaded+1"],"campfire_rested":0,"item_purchase_floors":[3,27],"current_hp_per_floor":[64,62,62,62,51,51,68,64,64,46,46,46,46,43,43,15,57,55,55,55,50,50,50,50,19,19,19,7,0],"gold":233,"neow_bonus":"HUNDRED_GOLD","is_prod":false,"is_daily":false,"chose_seed":false,"campfire_upgraded":2,"win_rate":0,"timestamp":1559303224,"path_taken":["M","M","$","M","?","M","?","E","T","M","E","?","?","M","R","BOSS","M","?","?","M","$","R","M","E","T","$","M","M"],"build_version":"2019-01-23","purchased_purges":3,"victory":false,"max_hp_per_floor":[71,71,71,71,71,71,71,71,71,71,71,71,71,71,71,71,71,71,71,71,71,71,71,71,71,71,71,71,71],"card_choices":[{"not_picked":["Scrape","Double Energy"],"picked":"Conserve Battery","floor":1},{"not_picked":["Redo","Conserve Battery"],"picked":"Coolheaded","floor":2},{"not_picked":["Heatsinks","Go for the Eyes"],"picked":"White Noise","floor":4},{"not_picked":["Fusion","Rebound"],"picked":"Coolheaded","floor":6},{"not_picked":["Aggregate","Barrage"],"picked":"Genetic Algorithm","floor":8},{"not_picked":["Streamline","Coolheaded"],"picked":"Steam","floor":10},{"not_picked":["Gash","Turbo"],"picked":"Sweeping Beam","floor":11},{"not_picked":["Chill","BootSequence"],"picked":"Core Surge","floor":13},{"not_picked":["Go for the Eyes","Coolheaded"],"picked":"Cold Snap","floor":14},{"not_picked":["Meteor Strike","Amplify"],"picked":"Machine Learning","floor":16},{"not_picked":["Rebound","Steam"],"picked":"Loop","floor":18},{"not_picked":["Rebound","Darkness"],"picked":"Skim","floor":21},{"not_picked":["Compile Driver+1","Streamline+1"],"picked":"Ball Lightning","floor":24},{"not_picked":["Hologram","Beam Cell","Aggregate"],"picked":"SKIP","floor":25},{"not_picked":["Hologram","Beam Cell","Aggregate"],"picked":"SKIP","floor":25},{"not_picked":["Chill+1","Streamline"],"picked":"Conserve Battery+1","floor":28}],"player_experience":750042,"relics_obtained":[{"floor":8,"key":"Symbiotic Virus"},{"floor":9,"key":"Pantograph"},{"floor":11,"key":"Tiny Chest"},{"floor":12,"key":"Gremlin Horn"},{"floor":25,"key":"Toxic Egg 2"},{"floor":26,"key":"Vajra"}],"event_choices":[{"damage_healed":0,"gold_gain":0,"player_choice":"Success","damage_taken":11,"relics_obtained":["Art of War"],"max_hp_gain":0,"max_hp_loss":0,"event_name":"Scrap Ooze","floor":5,"gold_loss":0},{"damage_healed":17,"gold_gain":0,"player_choice":"Healed","damage_taken":0,"max_hp_gain":0,"max_hp_loss":0,"event_name":"The Cleric","floor":7,"gold_loss":35},{"damage_healed":0,"gold_gain":0,"cards_transformed":["Strike_B","Strike_B"],"player_choice":"Became Test Subject","damage_taken":0,"max_hp_gain":0,"max_hp_loss":0,"event_name":"Drug Dealer","floor":20,"gold_loss":0,"cards_obtained":["Aggregate","Steam Power"]}],"is_beta":false,"boss_relics":[{"not_picked":["Philosopher\u0027s Stone","Calling Bell"],"picked":"Sozu"}],"items_purged_floors":[19,22,27],"is_endless":false,"potions_floor_spawned":[1,2,6,11,13,21,25,28],"killed_by":"Centurion and Healer","ascension_level":16}