{"gold_per_floor":[112,127,127,7,22,0,0,0,25,43,43],"floor_reached":11,"playtime":1384,"items_purged":["Strike_G"],"score":63,"play_id":"88475f82-0fe7-4940-83ab-38ca1381f160","local_time":"20181203202048","is_ascension_mode":false,"campfire_choices":[{"data":"Endless Agony","floor":7,"key":"SMITH"}],"neow_cost":"PERCENT_DAMAGE","seed_source_timestamp":1680593817072268,"circlet_count":0,"master_deck":["Defend_G","Defend_G","Defend_G","Defend_G","Defend_G","Strike_G","Strike_G","Strike_G","Survivor","Neutralize","Tools of the Trade","Endless Agony+1","Blur","Outmaneuver+1","Expertise","Well Laid Plans"],"relics":["Ring of the Snake","Bag of Marbles"],"potions_floor_usage":[11],"damage_taken":[{"damage":1,"enemies":"2 Louse","floor":1,"turns":3},{"damage":0,"enemies":"Cultist","floor":2,"turns":4},{"damage":0,"enemies":"Small Slimes","floor":5,"turns":6},{"damage":2,"enemies":"Looter","floor":6,"turns":5},{"damage":15,"enemies":"Exordium Wildlife","floor":10,"turns":6},{"damage":32,"enemies":"Exordium Thugs","floor":11,"turns":7}],"seed_played":"7065833517591336595","potions_obtained":[{"floor":1,"key":"Dexterity Potion"},{"floor":2,"key":"Energy Potion"},{"floor":10,"key":"EssenceOfSteel"}],"is_trial":false,"path_per_floor":["M","M","?","$","M","M","R","?","T","M","M"],"character_chosen":"THE_SILENT","items_purchased":["Outmaneuver"],"campfire_rested":0,"item_purchase_floors":[4],"current_hp_per_floor":[48,48,41,41,41,39,39,39,39,24,0],"gold":43,"neow_bonus":"THREE_RARE_CARDS","is_prod":false,"is_daily":false,"chose_seed":false,"campfire_upgraded":1,"win_rate":0.0,"timestamp":1543897248,"path_taken":["M","M","?","$","M","M","R","?","T","M","?"],"build_version":"2018-11-15","purchased_purges":1,"victory":false,"max_hp_per_floor":[70,70,70,70,70,70,70,70,70,70,70],"card_choices":[{"not_picked":["Wraith Form v2","Grand Finale"],"picked":"Tools of the Trade","floor":0},{"not_picked":["Terror","Concentrate"],"picked":"Endless Agony","floor":1},{"not_picked":["Cloak And Dagger","Backflip"],"picked":"Blur","floor":2},{"not_picked":["Accuracy","Bane","Catalyst"],"picked":"SKIP","floor":5},{"not_picked":["Deadly Poison","Bane"],"picked":"Expertise","floor":6},{"not_picked":["Deflect","Slice"],"picked":"Well Laid Plans","floor":10}],"player_experience":82768,"relics_obtained":[{"floor":9,"key":"Bag of Marbles"}],"event_choices":[{"cards_removed":["Strike_G"],"damage_healed":0,"gold_gain":0,"player_choice":"Card Removal","damage_taken":7,"max_hp_gain":0,"max_hp_loss":0,"event_name":"Golden Wing","floor":3,"gold_loss":0},{"damage_healed":0,"gold_gain":0,"player_choice":"Forge","damage_taken":0,"max_hp_gain":0,"max_hp_loss":0,"event_name":"Accursed Blacksmith","floor":8,"gold_loss":0,"cards_upgraded":["Outmaneuver"]}],"is_beta":false,"boss_relics":[],"items_purged_floors":[4],"is_endless":false,"potions_floor_spawned":[1,2,10],"killed_by":"Exordium Thugs","ascension_level":0}