{"gold_per_floor":[10,10,30,42,57,57,57,57,84,84,99,130,51,64,64,135,135,147,166,81,81,101,101],"floor_reached":23,"playtime":1465,"items_purged":[],"score":367,"play_id":"6429eecf-536d-4a4d-a741-43035a6f8b44","local_time":"20190529184950","is_ascension_mode":true,"campfire_choices":[{"data":"Armaments","floor":6,"key":"SMITH"},{"data":"Bash","floor":8,"key":"SMITH"},{"data":"Shockwave","floor":10,"key":"SMITH"},{"data":"Metallicize","floor":15,"key":"SMITH"}],"neow_cost":"NO_GOLD","seed_source_timestamp":1207611289598548,"circlet_count":0,"master_deck":["AscendersBane","Strike_R","Strike_R","Strike_R","Strike_R","Defend_R","Defend_R","Defend_R","Defend_R","Bash+1","Cleave","Sever Soul","Armaments+1","Shockwave+1","Spot Weakness","Inflame","Corruption","Metallicize+1","Impervious","Feel No Pain","Warcry","Disarm","Entrench"],"relics":["Burning Blood","PreservedInsect","Blood Vial","Black Star","Dream Catcher"],"potions_floor_usage":[23],"damage_taken":[{"damage":9,"enemies":"Jaw Worm","floor":1,"turns":5},{"damage":7,"enemies":"Cultist","floor":3,"turns":4},{"damage":0,"enemies":"Small Slimes","floor":4,"turns":2},{"damage":1,"enemies":"2 Fungi Beasts","floor":5,"turns":3},{"damage":4,"enemies":"Blue Slaver","floor":11,"turns":5},{"damage":29,"enemies":"Gremlin Nob","floor":12,"turns":4},{"damage":11,"enemies":"Looter","floor":14,"turns":3},{"damage":28,"enemies":"The Guardian","floor":16,"turns":14},{"damage":24,"enemies":"3 Byrds","floor":18,"turns":7},{"damage":17,"enemies":"Chosen","floor":19,"turns":7},{"damage":20,"enemies":"Centurion and Healer","floor":22,"turns":10},{"damage":55,"enemies":"Slavers","floor":23,"turns":4}],"seed_played":"6000542132343453652","potions_obtained":[{"floor":5,"key":"SteroidPotion"},{"floor":11,"key":"Explosive Potion"},{"floor":16,"key":"Strength Potion"}],"is_trial":false,"path_per_floor":["M","?","M","M","M","R","?","R","T","R","M","E","$","M","R","B",null,"M","M","?","?","M","E"],"character_chosen":"IRONCLAD","items_purchased":["Corruption"],"campfire_rested":0,"item_purchase_floors":[13],"current_hp_per_floor":[79,79,78,84,89,89,94,94,94,94,94,71,71,68,68,48,83,67,58,58,58,46,0],"gold":101,"neow_bonus":"TWENTY_PERCENT_HP_BONUS","is_prod":false,"is_daily":false,"chose_seed":false,"campfire_upgraded":4,"win_rate":0,"timestamp":1559148590,"path_taken":["M","?","?","M","M","R","?","R","T","R","M","E","?","M","R","BOSS","M","M","?","?","M","E"],"build_version":"2019-01-23","purchased_purges":0,"victory":false,"max_hp_per_floor":[89,89,89,89,89,89,94,94,94,94,94,94,94,94,94,94,94,94,94,94,94,94,94],"card_choices":[{"not_picked":["Headbutt","Rupture"],"picked":"Cleave","floor":1},{"not_picked":["Warcry","Power Through"],"picked":"Armaments","floor":3},{"not_picked":["Flex","Rage"],"picked":"Shockwave","floor":4},{"not_picked":["Headbutt","Flex"],"picked":"Spot Weakness","floor":5},{"not_picked":["Juggernaut","Headbutt","Perfected Strike"],"picked":"SKIP","floor":11},{"not_picked":["Pommel Strike","Clash"],"picked":"Inflame","floor":12},{"not_picked":["Intimidate","Clash"],"picked":"Metallicize","floor":14},{"not_picked":["Immolate","Demon Form"],"picked":"Impervious","floor":16},{"not_picked":["Perfected Strike","Thunderclap"],"picked":"Feel No Pain","floor":18},{"not_picked":["Headbutt","Rampage"],"picked":"Warcry","floor":19},{"not_picked":["Headbutt","Body Slam"],"picked":"Entrench","floor":22}],"player_experience":707194,"relics_obtained":[{"floor":9,"key":"PreservedInsect"},{"floor":12,"key":"Blood Vial"}],"event_choices":[{"damage_healed":0,"gold_gain":0,"cards_transformed":["Strike_R"],"player_choice":"Transformed","damage_taken":0,"max_hp_gain":0,"max_hp_loss":0,"event_name":"Transmorgrifier","floor":2,"gold_loss":0,"cards_obtained":["Sever Soul"]},{"damage_healed":0,"gold_gain":0,"player_choice":"Donut","damage_taken":0,"max_hp_gain":5,"max_hp_loss":0,"event_name":"Big Fish","floor":7,"gold_loss":0},{"damage_healed":0,"gold_gain":0,"player_choice":"Obtained Relic","damage_taken":0,"relics_obtained":["Dream Catcher"],"max_hp_gain":0,"max_hp_loss":0,"event_name":"Addict","floor":20,"gold_loss":85},{"damage_healed":0,"gold_gain":0,"player_choice":"Read","damage_taken":0,"max_hp_gain":0,"max_hp_loss":0,"event_name":"The Library","floor":21,"gold_loss":0,"cards_obtained":["Disarm"]}],"is_beta":false,"boss_relics":[{"not_picked":["Mark of Pain","Coffee Dripper"],"picked":"Black Star"}],"items_purged_floors":[],"is_endless":false,"potions_floor_spawned":[5,11,16,18],"killed_by":"Slavers","ascension_level":18}