{"gold_per_floor":[115,115,40,57,67,67,96,8,8,42,42,59,59,118,118,223,223,242,91,191,191,91,91,91],"floor_reached":24,"playtime":1546,"items_purged":["Regret","Strike_B"],"score":329,"play_id":"de52dd02-abaa-4c03-91b6-97274fea1e5c","local_time":"20190420121010","is_ascension_mode":true,"campfire_choices":[{"data":"Defragment","floor":6.0,"key":"SMITH"},{"data":"Lockon","floor":13.0,"key":"SMITH"},{"data":"Zap","floor":15.0,"key":"SMITH"},{"floor":23.0,"key":"REST"}],"neow_cost":"NONE","seed_source_timestamp":0,"circlet_count":0,"master_deck":["Strike_B","Strike_B+1","Strike_B","Defend_B+1","Defend_B","Defend_B","Defend_B","Zap+1","Dualcast","Steam","Cold Snap+1","Defragment+1","Lockon+1","Coolheaded+1","Capacitor+1","Self Repair","Barrage","Creative AI","Consume"],"special_seed":0,"relics":["Cracked Core","Pocketwatch","Whetstone","FossilizedHelix","Tiny Chest","Philosopher\u0027s Stone","War Paint","Du-Vu Doll","Shuriken","Nloth\u0027s Gift"],"potions_floor_usage":[],"damage_taken":[{"damage":7.0,"enemies":"Jaw Worm","floor":1.0,"turns":3.0},{"damage":0.0,"enemies":"Cultist","floor":4.0,"turns":3.0},{"damage":0.0,"enemies":"2 Louse","floor":5.0,"turns":3.0},{"damage":22.0,"enemies":"Gremlin Nob","floor":7.0,"turns":4.0},{"damage":0.0,"enemies":"Lagavulin","floor":10.0,"turns":7.0},{"damage":0.0,"enemies":"Blue Slaver","floor":12.0,"turns":2.0},{"damage":8.0,"enemies":"3 Sentries","floor":14.0,"turns":6.0},{"damage":10.0,"enemies":"Hexaghost","floor":16.0,"turns":8.0},{"damage":14.0,"enemies":"2 Thieves","floor":18.0,"turns":3.0},{"damage":25.0,"enemies":"Colosseum Slavers","floor":20.0,"turns":4.0},{"damage":23.0,"enemies":"Colosseum Nobs","floor":20.0,"turns":6.0},{"damage":46,"enemies":"Book of Stabbing","floor":24,"turns":5}],"seed_played":"-7589617418757849121","potions_obtained":[{"floor":1.0,"key":"Regen Potion"},{"floor":10.0,"key":"PowerPotion"},{"floor":12.0,"key":"Fire Potion"},{"floor":14.0,"key":"Fire Potion"}],"is_trial":false,"path_per_floor":["M","?","$","M","M","R","E","$","T","E","?","M","R","E","R","B",null,"M","$","?","?","$","R","E"],"character_chosen":"DEFECT","items_purchased":["Capacitor","Dexterity Potion","War Paint"],"campfire_rested":1,"item_purchase_floors":[8,8,19],"current_hp_per_floor":[61,61,61,61,61,61,51,51,51,51,51,51,51,57,57,54,70,56,56,22,22,22,44,0],"gold":91,"neow_bonus":"THREE_CARDS","is_prod":false,"is_daily":false,"chose_seed":false,"campfire_upgraded":3,"win_rate":0,"timestamp":1555755010,"path_taken":["M","?","$","M","M","R","E","$","T","E","?","?","R","E","R","BOSS","M","$","?","?","$","R","E"],"build_version":"2019-01-23","purchased_purges":2,"victory":false,"max_hp_per_floor":[75,75,75,75,75,75,75,75,75,75,75,75,75,75,75,75,75,75,75,75,75,75,75,75],"card_choices":[{"not_picked":["Static Discharge","Barrage"],"picked":"Steam","floor":0.0},{"not_picked":["Melter","Stack"],"picked":"Cold Snap","floor":1.0},{"not_picked":["Redo","Loop"],"picked":"Defragment","floor":4.0},{"not_picked":["Go for the Eyes","Aggregate"],"picked":"Lockon","floor":5.0},{"not_picked":["Fusion","Streamline"],"picked":"Coolheaded","floor":7.0},{"not_picked":["Coolheaded","Reinforced Body","Aggregate"],"picked":"SKIP","floor":10.0},{"not_picked":["Chill","FTL"],"picked":"Self Repair","floor":12.0},{"not_picked":["Recycle","Compile Driver"],"picked":"Barrage","floor":14.0},{"not_picked":["All For One","Meteor Strike"],"picked":"Creative AI","floor":16.0},{"not_picked":["Melter","Barrage"],"picked":"Consume","floor":18.0}],"player_experience":487819,"relics_obtained":[{"floor":7.0,"key":"Whetstone"},{"floor":9.0,"key":"FossilizedHelix"},{"floor":10.0,"key":"Boot"},{"floor":14.0,"key":"Tiny Chest"},{"floor":20.0,"key":"Du-Vu Doll"},{"floor":20.0,"key":"Shuriken"}],"event_choices":[{"damage_healed":0.0,"max_hp_gain":0.0,"max_hp_loss":0.0,"gold_gain":0.0,"event_name":"Big Fish","player_choice":"Box","floor":2.0,"gold_loss":0.0,"damage_taken":0.0,"relics_obtained":["Pocketwatch"],"cards_obtained":["Regret"]},{"damage_healed":0.0,"max_hp_gain":0.0,"max_hp_loss":0.0,"gold_gain":0.0,"event_name":"Upgrade Shrine","player_choice":"Upgraded","floor":11.0,"gold_loss":0.0,"damage_taken":0.0,"cards_upgraded":["Capacitor"]},{"damage_healed":0.0,"max_hp_gain":0.0,"max_hp_loss":0.0,"gold_gain":0.0,"event_name":"Colosseum","player_choice":"Fight","floor":20.0,"gold_loss":0.0,"damage_taken":0.0},{"damage_healed":0.0,"max_hp_gain":0.0,"max_hp_loss":0.0,"gold_gain":0.0,"event_name":"Colosseum","player_choice":"Fought Nobs","floor":20.0,"gold_loss":0.0,"damage_taken":0.0},{"damage_healed":0.0,"max_hp_gain":0.0,"max_hp_loss":0.0,"gold_gain":0.0,"event_name":"N\u0027loth","player_choice":"Traded Relic","floor":21.0,"relics_lost":["Boot"],"gold_loss":0.0,"damage_taken":0.0,"relics_obtained":["Nloth\u0027s Gift"]}],"is_beta":false,"boss_relics":[{"not_picked":["Velvet Choker","Ectoplasm"],"picked":"Philosopher\u0027s Stone"}],"items_purged_floors":[3,22],"is_endless":false,"potions_floor_spawned":[1,10,12,14,18],"killed_by":"Book of Stabbing","ascension_level":8}