{"gold_per_floor":[114,114,129,144,69,69,85,119,119,119,135,135,150,162,162,162],"floor_reached":16,"playtime":525,"items_purged":["Strike_G"],"score":151,"play_id":"66962ed8-7995-4ebf-895f-155867cc9ef0","local_time":"20190122192437","is_ascension_mode":true,"campfire_choices":[{"data":"Deadly Poison","floor":6,"key":"SMITH"},{"data":"Crippling Poison","floor":12,"key":"SMITH"},{"data":"Adrenaline","floor":15,"key":"SMITH"}],"neow_cost":"NONE","seed_source_timestamp":1239027321008192,"circlet_count":0,"master_deck":["Defend_G","Defend_G","Defend_G","Defend_G","Defend_G","Strike_G","Strike_G","Strike_G","Strike_G","Survivor","Neutralize","Deadly Poison+1","Crippling Poison+1","Backstab","Backflip","Adrenaline+1","Backstab"],"relics":["Ring of the Snake","NeowsBlessing","Prayer Wheel","Ornamental Fan","Singing Bowl"],"potions_floor_usage":[8,16,16],"damage_taken":[{"damage":0,"enemies":"Small Slimes","floor":1,"turns":1},{"damage":0,"enemies":"Cultist","floor":3,"turns":1},{"damage":0,"enemies":"2 Louse","floor":4,"turns":1},{"damage":9,"enemies":"Exordium Thugs","floor":7,"turns":4},{"damage":19,"enemies":"Lagavulin","floor":8,"turns":6},{"damage":15,"enemies":"Large Slime","floor":11,"turns":10},{"damage":6,"enemies":"2 Fungi Beasts","floor":13,"turns":3},{"damage":0,"enemies":"Gremlin Gang","floor":14,"turns":3},{"damage":45,"enemies":"Slime Boss","floor":16,"turns":7}],"seed_played":"-7484441563753967686","potions_obtained":[{"floor":1,"key":"Explosive Potion"},{"floor":2,"key":"SmokeBomb"},{"floor":2,"key":"Dexterity Potion"},{"floor":4,"key":"Regen Potion"},{"floor":8,"key":"Fire Potion"},{"floor":11,"key":"Poison Potion"}],"is_trial":false,"path_per_floor":["M","?","M","M","$","R","M","E","T","?","M","R","M","M","R","B"],"character_chosen":"THE_SILENT","items_purchased":[],"campfire_rested":0,"item_purchase_floors":[],"current_hp_per_floor":[63,63,63,63,63,63,54,50,50,50,37,37,33,35,35,0],"gold":162,"neow_bonus":"THREE_ENEMY_KILL","is_prod":false,"is_daily":false,"chose_seed":false,"campfire_upgraded":3,"win_rate":0,"timestamp":1548213877,"path_taken":["M","?","M","?","$","R","M","E","T","?","M","R","M","M","R","BOSS"],"build_version":"2019-01-17v2","purchased_purges":1,"victory":false,"max_hp_per_floor":[70,70,70,70,70,70,70,70,70,70,72,72,74,76,76,76],"card_choices":[{"not_picked":["Terror","Slice","PiercingWail"],"picked":"SKIP","floor":1},{"not_picked":["Cloak And Dagger","Bane"],"picked":"Deadly Poison","floor":3},{"not_picked":["Heel Hook","Finisher"],"picked":"Crippling Poison","floor":4},{"not_picked":["Caltrops","Dagger Throw"],"picked":"Backstab","floor":7},{"not_picked":["Terror","Expertise"],"picked":"Backflip","floor":8},{"not_picked":["Choke","Outmaneuver","Underhanded Strike"],"picked":"Singing Bowl","floor":11},{"not_picked":["Predator","Flying Knee","Skewer"],"picked":"SKIP","floor":11},{"not_picked":["Prepared","Skewer"],"picked":"Adrenaline","floor":13},{"not_picked":["Blade Dance","Setup","Deflect"],"picked":"Singing Bowl","floor":13},{"not_picked":["Flying Knee","Night Terror"],"picked":"Backstab","floor":14},{"not_picked":["Tactician","Skewer","Bane"],"picked":"Singing Bowl","floor":14}],"player_experience":386538,"relics_obtained":[{"floor":8,"key":"Prayer Wheel"},{"floor":9,"key":"Ornamental Fan"}],"event_choices":[{"damage_healed":0,"gold_gain":0,"player_choice":"Got Potions","damage_taken":0,"max_hp_gain":0,"max_hp_loss":0,"event_name":"Lab","floor":2,"gold_loss":0},{"damage_healed":0,"gold_gain":0,"player_choice":"Gave Potion","damage_taken":0,"relics_obtained":["Singing Bowl"],"max_hp_gain":0,"max_hp_loss":0,"event_name":"WeMeetAgain","floor":10,"gold_loss":0}],"is_beta":false,"boss_relics":[],"items_purged_floors":[5],"is_endless":false,"potions_floor_spawned":[1,4,8,11],"killed_by":"Slime Boss","ascension_level":9}