{"gold_per_floor":[113,113,388,404,38,38,69,83,107,121,132,132,192,157,157,255,255,265,253,253],"floor_reached":20,"playtime":1419,"items_purged":[],"score":278,"play_id":"1bd21eac-b7cd-4d93-ab23-a857816d0927","local_time":"20190420023002","is_ascension_mode":true,"campfire_choices":[{"data":"Neutralize","floor":6,"key":"SMITH"},{"floor":12,"key":"REST"},{"floor":15,"key":"DIG"}],"neow_cost":"NONE","seed_source_timestamp":525527215125108,"circlet_count":0,"master_deck":["AscendersBane","Defend_G+1","Defend_G","Defend_G","Defend_G+1","Defend_G","Strike_G","Strike_G","Survivor","Neutralize+1","Deadly Poison+1","Regret","Noxious Fumes","Malaise","Leg Sweep","Wraith Form v2","Underhanded Strike+1","Dash+1","Unload+1","Backflip","Crippling Poison"],"relics":["Ring of the Snake","Ancient Tea Set","Shovel","Smiling Mask","Juzu Bracelet","War Paint","Unceasing Top","Astrolabe"],"potions_floor_usage":[13,16,16],"damage_taken":[{"damage":0,"enemies":"2 Louse","floor":1,"turns":4},{"damage":3,"enemies":"Cultist","floor":4,"turns":5},{"damage":24,"enemies":"3 Sentries","floor":7,"turns":10},{"damage":12,"enemies":"Small Slimes","floor":8,"turns":4},{"damage":7,"enemies":"Exordium Thugs","floor":10,"turns":4},{"damage":7,"enemies":"2 Fungi Beasts","floor":11,"turns":4},{"damage":19,"enemies":"Lagavulin Event","floor":13,"turns":8},{"damage":20,"enemies":"The Guardian","floor":16,"turns":9},{"damage":24,"enemies":"3 Byrds","floor":18,"turns":6},{"damage":9,"enemies":"2 Thieves","floor":19,"turns":4},{"damage":26,"enemies":"Colosseum Slavers","floor":20,"turns":2}],"seed_played":"2316040495392571913","potions_obtained":[{"floor":10,"key":"Dexterity Potion"},{"floor":11,"key":"Ancient Potion"},{"floor":13,"key":"PowerPotion"}],"is_trial":false,"path_per_floor":["M","?","?","M","$","R","E","M","T","M","M","R","?","?","R","B",null,"M","M","?"],"character_chosen":"THE_SILENT","items_purchased":["Shovel","Noxious Fumes"],"campfire_rested":1,"item_purchase_floors":[5,5],"current_hp_per_floor":[63,63,63,60,60,60,36,24,24,17,10,31,12,29,29,9,55,31,22,0],"gold":253,"neow_bonus":"RANDOM_COMMON_RELIC","is_prod":false,"is_daily":false,"chose_seed":false,"campfire_upgraded":1,"win_rate":0,"timestamp":1555720202,"path_taken":["M","?","?","M","$","R","E","M","T","M","M","R","?","?","R","BOSS","M","M","?"],"build_version":"2019-01-23","purchased_purges":0,"victory":false,"max_hp_per_floor":[70,70,70,70,70,70,70,70,70,70,70,70,70,70,70,70,70,70,70,70],"card_choices":[{"not_picked":["Dagger Spray","Terror"],"picked":"Deadly Poison","floor":1},{"not_picked":["Bane","Accuracy","Acrobatics"],"picked":"SKIP","floor":4},{"not_picked":["Underhanded Strike","PiercingWail"],"picked":"Malaise","floor":7},{"not_picked":["Sucker Punch","Quick Slash","Slice"],"picked":"SKIP","floor":8},{"not_picked":["Poisoned Stab","Expertise","Reflex"],"picked":"SKIP","floor":10},{"not_picked":["Predator","Distraction"],"picked":"Leg Sweep","floor":11},{"not_picked":["Die Die Die","Burst"],"picked":"Wraith Form v2","floor":16},{"not_picked":["Sucker Punch","Blade Dance"],"picked":"Backflip","floor":18},{"not_picked":["Expertise","Catalyst"],"picked":"Crippling Poison","floor":19}],"player_experience":484755,"relics_obtained":[{"floor":7,"key":"Smiling Mask"},{"floor":9,"key":"Juzu Bracelet"},{"floor":13,"key":"War Paint"},{"floor":15,"key":"Unceasing Top"}],"event_choices":[{"damage_healed":0,"gold_gain":0,"player_choice":"Grow","damage_taken":0,"max_hp_gain":0,"max_hp_loss":0,"event_name":"Living Wall","floor":2,"gold_loss":0,"cards_upgraded":["Deadly Poison"]},{"damage_healed":0,"gold_gain":275,"player_choice":"Desecrate","damage_taken":0,"max_hp_gain":0,"max_hp_loss":0,"event_name":"Golden Shrine","floor":3,"gold_loss":0,"cards_obtained":["Regret"]},{"damage_healed":0,"gold_gain":0,"player_choice":"Searched \u00272\u0027 times","damage_taken":0,"max_hp_gain":0,"max_hp_loss":0,"event_name":"Dead Adventurer","floor":13,"gold_loss":0},{"damage_healed":17,"gold_gain":0,"player_choice":"Healed","damage_taken":0,"max_hp_gain":0,"max_hp_loss":0,"event_name":"The Cleric","floor":14,"gold_loss":35},{"damage_healed":0,"gold_gain":0,"player_choice":"Fight","damage_taken":0,"max_hp_gain":0,"max_hp_loss":0,"event_name":"Colosseum","floor":20,"gold_loss":0}],"is_beta":false,"boss_relics":[{"not_picked":["Pandora\u0027s Box","Coffee Dripper"],"picked":"Astrolabe"}],"items_purged_floors":[],"is_endless":false,"potions_floor_spawned":[10,11,13],"killed_by":"Colosseum Slavers","ascension_level":12}