{"gold_per_floor":[116,135,135,135,135,168,168,182,182,211,228,66,66,66,66,143,143,143],"floor_reached":18,"playtime":843,"items_purged":[],"score":357,"play_id":"2596e207-6db8-41b2-99e5-1e1c72f5f4da","local_time":"20190206153147","is_ascension_mode":true,"campfire_choices":[{"data":"Corruption","floor":7,"key":"SMITH"},{"data":"Metallicize","floor":13,"key":"SMITH"},{"data":"Rampage","floor":15,"key":"SMITH"}],"neow_cost":"NONE","seed_source_timestamp":190971118537284,"circlet_count":0,"master_deck":["AscendersBane","Strike_R+1","Strike_R","Strike_R+1","Strike_R","Defend_R+1","Defend_R","Defend_R","Defend_R","Bash+1","Rampage+1","Corruption+1","Metallicize+1","Feel No Pain","Spot Weakness","Barricade"],"relics":["Burning Blood","NeowsBlessing","Dodecahedron","Molten Egg 2","Bag of Marbles","Lantern","Whetstone","Philosopher\u0027s Stone"],"potions_floor_usage":[11,16],"damage_taken":[{"damage":0,"enemies":"Small Slimes","floor":1,"turns":1},{"damage":0,"enemies":"Jaw Worm","floor":2,"turns":1},{"damage":0,"enemies":"3 Sentries","floor":6,"turns":3},{"damage":2,"enemies":"2 Louse","floor":8,"turns":3},{"damage":25,"enemies":"Lagavulin","floor":10,"turns":7},{"damage":0,"enemies":"Gremlin Gang","floor":11,"turns":1},{"damage":33,"enemies":"Hexaghost","floor":16,"turns":8},{"damage":68,"enemies":"3 Byrds","floor":18,"turns":5}],"seed_played":"-7892938642039788482","potions_obtained":[{"floor":1,"key":"SteroidPotion"},{"floor":2,"key":"LiquidBronze"},{"floor":10,"key":"AttackPotion"},{"floor":16,"key":"Fruit Juice"}],"is_trial":false,"path_per_floor":["M","M","?","?","?","E","R","M","T","E","M","$","R","T","R","B",null,"M"],"character_chosen":"IRONCLAD","items_purchased":["Lantern"],"campfire_rested":0,"item_purchase_floors":[12],"current_hp_per_floor":[74,75,75,52,52,58,58,62,62,43,49,49,49,49,49,27,67,0],"gold":143,"neow_bonus":"THREE_ENEMY_KILL","is_prod":false,"is_daily":false,"chose_seed":false,"campfire_upgraded":3,"win_rate":0,"timestamp":1549463507,"path_taken":["M","M","?","?","?","E","R","M","T","E","?","?","R","?","R","BOSS","M"],"build_version":"2019-01-23","purchased_purges":0,"victory":false,"max_hp_per_floor":[75,75,75,75,75,75,75,75,75,75,75,75,75,75,75,80,80,80],"card_choices":[{"not_picked":["Flex","Shrug It Off"],"picked":"Rampage","floor":1},{"not_picked":["Shrug It Off","Carnage"],"picked":"Corruption","floor":2},{"not_picked":["Inflame","Reckless Charge"],"picked":"Metallicize","floor":6},{"not_picked":["Whirlwind","Headbutt","Cleave"],"picked":"SKIP","floor":8},{"not_picked":["Rage","Bloodletting"],"picked":"Feel No Pain","floor":10},{"not_picked":["Dual Wield","Clothesline+1"],"picked":"Spot Weakness","floor":11},{"not_picked":["Berserk","Dark Embrace"],"picked":"Barricade","floor":16}],"player_experience":188817,"relics_obtained":[{"floor":6,"key":"Dodecahedron"},{"floor":9,"key":"Molten Egg 2"},{"floor":10,"key":"Bag of Marbles"},{"floor":14,"key":"Whetstone"}],"event_choices":[{"damage_healed":0,"gold_gain":0,"player_choice":"Ignored","damage_taken":0,"max_hp_gain":0,"max_hp_loss":0,"event_name":"Liars Game","floor":3,"gold_loss":0},{"damage_healed":0,"gold_gain":0,"player_choice":"Entered Light","damage_taken":23,"max_hp_gain":0,"max_hp_loss":0,"event_name":"Shining Light","floor":4,"gold_loss":0,"cards_upgraded":["Defend_R","Strike_R"]},{"cards_removed":["Strike_R"],"damage_healed":0,"gold_gain":0,"player_choice":"Purged","damage_taken":0,"max_hp_gain":0,"max_hp_loss":0,"event_name":"Purifier","floor":5,"gold_loss":0}],"is_beta":false,"boss_relics":[{"not_picked":["Snecko Eye","White Beast Statue"],"picked":"Philosopher\u0027s Stone"}],"items_purged_floors":[],"is_endless":false,"potions_floor_spawned":[1,2,10,16],"killed_by":"3 Byrds","ascension_level":17}