{"gold_per_floor":[367,8,18,33,47,47,62,80,80,32,52,52,63,74,74,74],"floor_reached":16,"playtime":1410,"items_purged":["Strike_G"],"score":98,"play_id":"5449a979-c4ad-430f-8410-39f5099acdf1","local_time":"20181203195725","is_ascension_mode":false,"campfire_choices":[{"data":"Infinite Blades","floor":6,"key":"SMITH"},{"floor":15,"key":"REST"}],"neow_cost":"TEN_PERCENT_HP_LOSS","seed_source_timestamp":1679170265994535,"circlet_count":0,"master_deck":["Defend_G","Defend_G","Defend_G","Defend_G","Defend_G","Strike_G","Strike_G","Strike_G","Strike_G","Survivor","Neutralize","Deadly Poison","Infinite Blades+1","Blade Dance","Choke","Panacea","Underhanded Strike","Acrobatics","Tactician","Acrobatics","Outmaneuver","Blade Dance","Outmaneuver","Blade Dance","Expertise"],"relics":["Ring of the Snake","Frozen Egg 2","Potion Belt"],"potions_floor_usage":[14,16],"damage_taken":[{"damage":4,"enemies":"Cultist","floor":1,"turns":5},{"damage":8,"enemies":"Jaw Worm","floor":3,"turns":2},{"damage":10,"enemies":"Small Slimes","floor":4,"turns":3},{"damage":0,"enemies":"Looter","floor":5,"turns":4},{"damage":14,"enemies":"Lots of Slimes","floor":7,"turns":4},{"damage":0,"enemies":"Exordium Wildlife","floor":8,"turns":3},{"damage":11,"enemies":"Blue Slaver","floor":11,"turns":3},{"damage":12,"enemies":"Red Slaver","floor":13,"turns":5},{"damage":4,"enemies":"Lots of Slimes","floor":14,"turns":5},{"damage":24,"enemies":"Hexaghost","floor":16,"turns":10}],"seed_played":"5534088935739836780","potions_obtained":[{"floor":1,"key":"SkillPotion"},{"floor":4,"key":"AttackPotion"},{"floor":7,"key":"FairyPotion"},{"floor":8,"key":"EssenceOfSteel"}],"is_trial":false,"path_per_floor":["M","$","M","M","M","R","M","M","T","$","M","T","M","M","R","B"],"character_chosen":"THE_SILENT","items_purchased":["Infinite Blades","Blade Dance","Choke","Panacea","Blade Dance"],"campfire_rested":1,"item_purchase_floors":[2,2,2,2,10],"current_hp_per_floor":[59,59,51,41,41,41,27,27,27,27,16,16,4,6,24,0],"gold":74,"neow_bonus":"TWO_FIFTY_GOLD","is_prod":false,"is_daily":false,"chose_seed":false,"campfire_upgraded":1,"win_rate":0.0,"timestamp":1543895845,"path_taken":["M","$","M","?","M","R","M","M","T","?","M","?","M","M","R","BOSS"],"build_version":"2018-11-15","purchased_purges":1,"victory":false,"max_hp_per_floor":[63,63,63,63,63,63,63,63,63,63,63,63,63,63,63,63],"card_choices":[{"not_picked":["Crippling Poison","Distraction"],"picked":"Deadly Poison","floor":1},{"not_picked":["Bouncing Flask","Tactician"],"picked":"Underhanded Strike","floor":3},{"not_picked":["Skewer","Escape Plan"],"picked":"Acrobatics","floor":4},{"not_picked":["Acrobatics","Setup"],"picked":"Tactician","floor":5},{"not_picked":["PiercingWail","Slice"],"picked":"Acrobatics","floor":7},{"not_picked":["Concentrate","Quick Slash"],"picked":"Outmaneuver","floor":8},{"not_picked":["Cloak And Dagger","Predator"],"picked":"Outmaneuver","floor":11},{"not_picked":["Skewer","Dagger Throw"],"picked":"Blade Dance","floor":13},{"not_picked":["Leg Sweep","Catalyst"],"picked":"Expertise","floor":14}],"player_experience":81358,"relics_obtained":[{"floor":9,"key":"Frozen Egg 2"},{"floor":12,"key":"Potion Belt"}],"event_choices":[],"is_beta":false,"boss_relics":[],"items_purged_floors":[2],"is_endless":false,"potions_floor_spawned":[1,4,7,8],"killed_by":"Hexaghost","ascension_level":0}