{"gold_per_floor":[115,115,133,133,133,133,150,5,5,5,25,25,25,53,53,154,154,172,183,193,193,210,210,228,228,296,296],"floor_reached":27,"playtime":5658,"items_purged":[],"score":213,"play_id":"db75c161-7b09-4f5d-a631-4208a1159f06","local_time":"20190616191054","is_ascension_mode":false,"campfire_choices":[{"floor":6,"key":"REST"},{"data":"Glacier","floor":13,"key":"SMITH"},{"floor":15,"key":"REST"},{"floor":23,"key":"REST"},{"floor":25,"key":"REST"}],"neow_cost":"NONE","seed_source_timestamp":20008687761800,"circlet_count":0,"master_deck":["Strike_B","Strike_B","Strike_B","Strike_B","Defend_B","Defend_B","Defend_B","Defend_B","Zap+1","Dualcast","Rainbow","Glacier+1","Recycle","Blizzard","Cold Snap","Good Instincts","Compile Driver","Beam Cell","Machine Learning","Blizzard","Leap","Rebound","Capacitor","Redo","Melter","Conserve Battery+1","Genetic Algorithm","Writhe","White Noise+1","Steam+1"],"relics":["Cracked Core","Bronze Scales","Bottled Lightning","Smiling Mask","Orrery","Toxic Egg 2","Dodecahedron"],"potions_floor_usage":[14,16,20,22,27],"damage_taken":[{"damage":5,"enemies":"2 Louse","floor":1,"turns":2},{"damage":3,"enemies":"Cultist","floor":3,"turns":5},{"damage":0,"enemies":"Small Slimes","floor":7,"turns":3},{"damage":0,"enemies":"3 Louse","floor":11,"turns":4},{"damage":15,"enemies":"Lagavulin","floor":14,"turns":10},{"damage":26,"enemies":"The Guardian","floor":16,"turns":13},{"damage":13,"enemies":"2 Thieves","floor":18,"turns":5},{"damage":0,"enemies":"Spheric Guardian","floor":19,"turns":3},{"damage":13,"enemies":"Centurion and Healer","floor":20,"turns":13},{"damage":52,"enemies":"3 Cultists","floor":22,"turns":7},{"damage":14,"enemies":"Shelled Parasite and Fungi","floor":24,"turns":8},{"damage":8,"enemies":"Colosseum Slavers","floor":27,"turns":7},{"damage":39,"enemies":"Colosseum Nobs","floor":27,"turns":4}],"seed_played":"5766640238652474297","potions_obtained":[{"floor":1,"key":"PowerPotion"},{"floor":7,"key":"SkillPotion"},{"floor":16,"key":"Energy Potion"},{"floor":19,"key":"Weak Potion"},{"floor":24,"key":"Energy Potion"}],"is_trial":false,"path_per_floor":["M","?","M","?","?","R","M","$","T","?","M","?","R","E","R","B",null,"M","M","M","?","M","R","M","R","T","?"],"character_chosen":"DEFECT","items_purchased":["Cold Snap","Good Instincts"],"campfire_rested":4,"item_purchase_floors":[8,8],"current_hp_per_floor":[70,70,67,55,55,75,75,75,75,75,75,80,80,65,80,54,80,67,67,54,54,2,26,12,36,36,0],"gold":296,"neow_bonus":"ONE_RANDOM_RARE_CARD","is_prod":false,"is_daily":false,"chose_seed":false,"campfire_upgraded":1,"win_rate":0.0,"timestamp":1560708654,"path_taken":["M","?","M","?","?","R","?","$","T","?","M","?","R","E","R","BOSS","M","M","M","?","M","R","M","R","T","?"],"build_version":"2019-01-23","purchased_purges":0,"victory":false,"max_hp_per_floor":[75,75,75,75,75,75,75,75,75,75,75,80,80,80,80,80,80,80,80,80,80,80,80,80,80,80,80],"card_choices":[{"not_picked":["Streamline","Barrage"],"picked":"Glacier","floor":1},{"not_picked":["Turbo","Go for the Eyes"],"picked":"Recycle","floor":3},{"not_picked":["Coolheaded","Defragment"],"picked":"Blizzard","floor":7},{"not_picked":["Barrage","Consume"],"picked":"Compile Driver","floor":11},{"not_picked":["Sweeping Beam","Ball Lightning"],"picked":"Beam Cell","floor":14},{"not_picked":["All For One","Biased Cognition"],"picked":"Machine Learning","floor":16},{"not_picked":["Rip and Tear","Redo"],"picked":"Blizzard","floor":17},{"not_picked":["Beam Cell","Ball Lightning"],"picked":"Leap","floor":17},{"not_picked":["Ball Lightning","Gash"],"picked":"Rebound","floor":17},{"not_picked":["Turbo","Tempest"],"picked":"Capacitor","floor":17},{"not_picked":["Gash","Streamline"],"picked":"Redo","floor":17},{"not_picked":["FTL+1","Static Discharge"],"picked":"Melter","floor":18},{"not_picked":["Capacitor","Fusion+1"],"picked":"Conserve Battery+1","floor":19},{"not_picked":["Gash+1","Double Energy"],"picked":"Genetic Algorithm","floor":20},{"not_picked":["Hologram+1","Blizzard"],"picked":"White Noise+1","floor":22},{"not_picked":["Rebound+1","Core Surge"],"picked":"Steam+1","floor":24}],"player_experience":71940,"relics_obtained":[{"floor":9,"key":"Bottled Lightning"},{"floor":14,"key":"Smiling Mask"},{"floor":26,"key":"Dodecahedron"}],"event_choices":[{"damage_healed":0,"gold_gain":0,"player_choice":"Ignored","damage_taken":0,"max_hp_gain":0,"max_hp_loss":0,"event_name":"Golden Idol","floor":2,"gold_loss":0},{"damage_healed":0,"gold_gain":0,"player_choice":"Success","damage_taken":12,"relics_obtained":["Bronze Scales"],"max_hp_gain":0,"max_hp_loss":0,"event_name":"Scrap Ooze","floor":4,"gold_loss":0},{"damage_healed":0,"gold_gain":0,"player_choice":"Forge","damage_taken":0,"max_hp_gain":0,"max_hp_loss":0,"event_name":"Accursed Blacksmith","floor":5,"gold_loss":0,"cards_upgraded":["Zap"]},{"damage_healed":0,"gold_gain":0,"player_choice":"Leave","damage_taken":0,"max_hp_gain":0,"max_hp_loss":0,"event_name":"The Cleric","floor":10,"gold_loss":0},{"damage_healed":0,"gold_gain":0,"player_choice":"Donut","damage_taken":0,"max_hp_gain":5,"max_hp_loss":0,"event_name":"Big Fish","floor":12,"gold_loss":0},{"damage_healed":0,"gold_gain":0,"player_choice":"Opened","damage_taken":0,"relics_obtained":["Toxic Egg 2"],"max_hp_gain":0,"max_hp_loss":0,"event_name":"The Mausoleum","floor":21,"gold_loss":0,"cards_obtained":["Writhe"]},{"damage_healed":0,"gold_gain":0,"player_choice":"Fight","damage_taken":0,"max_hp_gain":0,"max_hp_loss":0,"event_name":"Colosseum","floor":27,"gold_loss":0},{"damage_healed":0,"gold_gain":0,"player_choice":"Fought Nobs","damage_taken":0,"max_hp_gain":0,"max_hp_loss":0,"event_name":"Colosseum","floor":27,"gold_loss":0}],"is_beta":false,"boss_relics":[{"not_picked":["Philosopher\u0027s Stone","Runic Pyramid"],"picked":"Orrery"}],"items_purged_floors":[],"is_endless":false,"potions_floor_spawned":[1,7,16,19,24],"killed_by":"Colosseum Nobs","ascension_level":0}