{"gold_per_floor":[115,115,115,115,133,133,208,208,208,223,223,95,95,112,112,211,211,228,178,178,178,77,89,89,89],"floor_reached":25,"playtime":924,"items_purged":["Strike_G","Tactician+1","Flechettes+1"],"score":286,"play_id":"66e67258-48e6-474e-a14a-9e9c56322f79","local_time":"20190107164744","is_ascension_mode":true,"campfire_choices":[{"data":"Deadly Poison","floor":6,"key":"SMITH"},{"data":"Blur","floor":8,"key":"SMITH"},{"data":"Footwork","floor":15,"key":"SMITH"}],"neow_cost":"NONE","seed_source_timestamp":132991082052563,"circlet_count":0,"master_deck":["Defend_G","Defend_G","Survivor","Neutralize","Blur+1","Deadly Poison+1","Footwork+1","Dodge and Roll","Burst","Night Terror+1","Catalyst+1","Poisoned Stab+1","Malaise","Backflip","Deadly Poison","Blur"],"relics":["Ring of the Snake","Juzu Bracelet","Smiling Mask","Molten Egg 2","Astrolabe","Turnip"],"potions_floor_usage":[14,14,14,16,25],"damage_taken":[{"damage":1,"enemies":"Small Slimes","floor":1,"turns":4},{"damage":4,"enemies":"Jaw Worm","floor":5,"turns":5},{"damage":0,"enemies":"Cultist","floor":10,"turns":4},{"damage":0,"enemies":"Large Slime","floor":14,"turns":7},{"damage":16,"enemies":"The Guardian","floor":16,"turns":13},{"damage":0,"enemies":"Spheric Guardian","floor":18,"turns":3},{"damage":12,"enemies":"Chosen","floor":23,"turns":2},{"damage":18,"enemies":"Colosseum Slavers","floor":25,"turns":5},{"damage":38,"enemies":"Colosseum Nobs","floor":25,"turns":3}],"seed_played":"-5218465773724344719","potions_obtained":[{"floor":1,"key":"Poison Potion"},{"floor":5,"key":"SkillPotion"},{"floor":14,"key":"Dexterity Potion"},{"floor":16,"key":"Weak Potion"},{"floor":18,"key":"SteroidPotion"}],"is_trial":false,"path_per_floor":["M","?","?","?","M","R","?","R","T","M","?","$","?","M","R","B",null,"M","$","?","?","$","M","T","?"],"character_chosen":"THE_SILENT","items_purchased":["Regen Potion","Deadly Poison"],"campfire_rested":0,"item_purchase_floors":[12,22],"current_hp_per_floor":[62,62,59,52,48,48,37,37,37,37,37,37,37,52,52,36,62,62,62,62,62,62,50,50,0],"gold":89,"neow_bonus":"RANDOM_COMMON_RELIC","is_prod":false,"is_daily":false,"chose_seed":false,"campfire_upgraded":3,"win_rate":0,"timestamp":1546908464,"path_taken":["M","?","?","?","M","R","?","R","T","M","?","$","?","M","R","BOSS","M","$","?","?","$","M","?","?"],"build_version":"2019-01-03v4","purchased_purges":3,"victory":false,"max_hp_per_floor":[70,70,70,70,70,70,70,70,70,70,70,70,70,70,70,70,70,70,70,70,70,70,70,70,70],"card_choices":[{"not_picked":["Infinite Blades","Dagger Throw"],"picked":"Blur","floor":1},{"not_picked":["Flying Knee","Finisher"],"picked":"Deadly Poison","floor":5},{"not_picked":["Crippling Poison","Reflex"],"picked":"Footwork","floor":10},{"not_picked":["Flying Knee+1","Prepared"],"picked":"Dodge and Roll","floor":14},{"not_picked":["Storm of Steel","Tools of the Trade"],"picked":"Burst","floor":16},{"not_picked":["Riddle With Holes+1","Prepared"],"picked":"Poisoned Stab+1","floor":18},{"not_picked":["Cloak And Dagger","Dagger Throw+1"],"picked":"Blur","floor":23}],"player_experience":295022,"relics_obtained":[{"floor":9,"key":"Molten Egg 2"},{"floor":24,"key":"Turnip"}],"event_choices":[{"cards_removed":["Strike_G"],"damage_healed":0,"gold_gain":0,"player_choice":"Forget","damage_taken":0,"max_hp_gain":0,"max_hp_loss":0,"event_name":"Living Wall","floor":2,"gold_loss":0},{"damage_healed":0,"gold_gain":0,"player_choice":"Success","damage_taken":3,"relics_obtained":["Smiling Mask"],"max_hp_gain":0,"max_hp_loss":0,"event_name":"Scrap Ooze","floor":3,"gold_loss":0},{"cards_removed":["Defend_G"],"damage_healed":0,"gold_gain":0,"player_choice":"Card Removal","damage_taken":7,"max_hp_gain":0,"max_hp_loss":0,"event_name":"Golden Wing","floor":4,"gold_loss":0},{"damage_healed":0,"gold_gain":75,"player_choice":"Gather Gold","damage_taken":11,"max_hp_gain":0,"max_hp_loss":0,"event_name":"World of Goop","floor":7,"gold_loss":0},{"damage_healed":0,"gold_gain":0,"player_choice":"Ignored","damage_taken":0,"max_hp_gain":0,"max_hp_loss":0,"event_name":"Shining Light","floor":11,"gold_loss":0},{"damage_healed":0,"gold_gain":0,"player_choice":"Bought 0 Potions","damage_taken":0,"max_hp_gain":0,"max_hp_loss":0,"event_name":"The Woman in Blue","floor":13,"gold_loss":0},{"damage_healed":0,"gold_gain":0,"cards_transformed":["Defend_G","Defend_G"],"player_choice":"Became Test Subject","damage_taken":0,"max_hp_gain":0,"max_hp_loss":0,"event_name":"Drug Dealer","floor":20,"gold_loss":0,"cards_obtained":["Flechettes","Malaise"]},{"damage_healed":0,"gold_gain":0,"player_choice":"Read","damage_taken":0,"max_hp_gain":0,"max_hp_loss":0,"event_name":"The Library","floor":21,"gold_loss":0,"cards_obtained":["Backflip"]},{"damage_healed":0,"gold_gain":0,"player_choice":"Fight","damage_taken":0,"max_hp_gain":0,"max_hp_loss":0,"event_name":"Colosseum","floor":25,"gold_loss":0},{"damage_healed":0,"gold_gain":0,"player_choice":"Fought Nobs","damage_taken":0,"max_hp_gain":0,"max_hp_loss":0,"event_name":"Colosseum","floor":25,"gold_loss":0}],"is_beta":false,"boss_relics":[{"not_picked":["Ectoplasm","Fusion Hammer"],"picked":"Astrolabe"}],"items_purged_floors":[12,19,22],"is_endless":false,"potions_floor_spawned":[1,5,14,16,18],"killed_by":"Colosseum Nobs","ascension_level":7}