{"gold_per_floor":[214,227,227,227,26,26,36,36,60,60,135,169,180,180,180,252,252,267,182,37,52,66,127,127,157,205,205,216,216,216],"floor_reached":30,"playtime":1694,"items_purged":[],"score":452,"play_id":"b232de3c-ed5d-40c7-a302-ff65305ad600","local_time":"20190204163107","is_ascension_mode":true,"campfire_choices":[{"data":"Bash","floor":6.0,"key":"SMITH"},{"data":"Disarm","floor":10.0,"key":"SMITH"},{"floor":15.0,"key":"REST"},{"floor":24.0,"key":"REST"},{"floor":27.0,"key":"REST"}],"neow_cost":"NONE","seed_source_timestamp":0,"circlet_count":0,"master_deck":["AscendersBane","Strike_R","Strike_R","Strike_R","Strike_R","Defend_R","Defend_R","Defend_R","Defend_R","Bash+1","Power Through","Havoc+1","Disarm+1","Iron Wave","Anger","Limit Break","Iron Wave","Dropkick","Heavy Blade","Anger","Twin Strike","Iron Wave","Corruption","Ghostly Armor","Shrug It Off","Impervious"],"special_seed":0,"relics":["Burning Blood","Brimstone","Bag of Preparation","Kunai","Orrery","StoneCalendar","Oddly Smooth Stone","Tiny Chest","Juzu Bracelet","Happy Flower"],"potions_floor_usage":[28],"damage_taken":[{"damage":5.0,"enemies":"Small Slimes","floor":1.0,"turns":3.0},{"damage":4.0,"enemies":"2 Louse","floor":2.0,"turns":4.0},{"damage":3.0,"enemies":"Jaw Worm","floor":7.0,"turns":3.0},{"damage":30.0,"enemies":"3 Sentries","floor":12.0,"turns":6.0},{"damage":14.0,"enemies":"Lots of Slimes","floor":13.0,"turns":3.0},{"damage":15.0,"enemies":"The Guardian","floor":16.0,"turns":7.0},{"damage":12.0,"enemies":"3 Byrds","floor":18.0,"turns":5.0},{"damage":9.0,"enemies":"2 Thieves","floor":21.0,"turns":3.0},{"damage":11.0,"enemies":"Cultist and Chosen","floor":22.0,"turns":5.0},{"damage":48.0,"enemies":"Book of Stabbing","floor":23.0,"turns":5.0},{"damage":30.0,"enemies":"Slavers","floor":25.0,"turns":5.0},{"damage":40,"enemies":"Chosen and Byrds","floor":28,"turns":6},{"damage":13,"enemies":"Snecko","floor":30,"turns":2}],"seed_played":"5011467536985608877","potions_obtained":[{"floor":1.0,"key":"LiquidBronze"},{"floor":16.0,"key":"Energy Potion"},{"floor":21.0,"key":"AttackPotion"},{"floor":25.0,"key":"Dexterity Potion"}],"is_trial":false,"path_per_floor":["M","M","?","?","$","R","M","$","T","R","?","E","M","?","R","B",null,"M","?","$","M","M","E","R","E","T","R","M","?","M"],"character_chosen":"IRONCLAD","items_purchased":["Brimstone","Oddly Smooth Stone"],"campfire_rested":3,"item_purchase_floors":[5,20],"current_hp_per_floor":[69,71,71,76,76,76,79,79,79,79,68,44,36,36,60,51,73,67,67,67,64,59,17,41,17,17,41,7,7,0],"gold":216,"neow_bonus":"HUNDRED_GOLD","is_prod":false,"is_daily":false,"chose_seed":false,"campfire_upgraded":2,"win_rate":0,"timestamp":1549294267,"path_taken":["M","M","?","?","$","R","M","$","T","R","?","E","M","?","R","BOSS","M","?","?","?","M","E","R","E","T","R","M","?","M"],"build_version":"2019-01-23","purchased_purges":0,"victory":false,"max_hp_per_floor":[75,75,75,80,80,80,80,80,80,80,80,80,80,80,80,80,80,80,80,80,80,80,80,80,80,80,80,80,80,80],"card_choices":[{"not_picked":["Inflame","Sentinel"],"picked":"Power Through","floor":1.0},{"not_picked":["Perfected Strike","Armaments"],"picked":"Havoc","floor":2.0},{"not_picked":["Sever Soul","Headbutt"],"picked":"Disarm","floor":7.0},{"not_picked":["Fire Breathing","Havoc"],"picked":"Iron Wave","floor":12.0},{"not_picked":["Fire Breathing","Blood for Blood"],"picked":"Anger","floor":13.0},{"not_picked":["Barricade","Exhume"],"picked":"Limit Break","floor":16.0},{"not_picked":["Combust","Blood for Blood"],"picked":"Iron Wave","floor":17.0},{"not_picked":["Shockwave","Headbutt"],"picked":"Dropkick","floor":17.0},{"not_picked":["Ghostly Armor","Armaments"],"picked":"Heavy Blade","floor":17.0},{"not_picked":["Thunderclap","Clash"],"picked":"Anger","floor":17.0},{"not_picked":["Spot Weakness+1","Thunderclap"],"picked":"Twin Strike","floor":18.0},{"not_picked":["Perfected Strike","Pommel Strike"],"picked":"Iron Wave","floor":21.0},{"not_picked":["Entrench","Flex"],"picked":"Corruption","floor":22.0},{"not_picked":["Armaments","Heavy Blade"],"picked":"Ghostly Armor","floor":23.0},{"not_picked":["Inflame","Disarm"],"picked":"Shrug It Off","floor":25.0},{"not_picked":["True Grit","Anger"],"picked":"Impervious","floor":28}],"player_experience":150759,"relics_obtained":[{"floor":9.0,"key":"Bag of Preparation"},{"floor":12.0,"key":"Kunai"},{"floor":23.0,"key":"Tiny Chest"},{"floor":25.0,"key":"Juzu Bracelet"},{"floor":26.0,"key":"Happy Flower"}],"event_choices":[{"damage_healed":0.0,"max_hp_gain":0.0,"max_hp_loss":0.0,"gold_gain":0.0,"event_name":"Living Wall","player_choice":"Grow","floor":3.0,"gold_loss":0.0,"damage_taken":0.0,"cards_upgraded":["Havoc"]},{"damage_healed":0.0,"max_hp_gain":5.0,"max_hp_loss":0.0,"gold_gain":0.0,"event_name":"Big Fish","player_choice":"Donut","floor":4.0,"gold_loss":0.0,"damage_taken":0.0},{"damage_healed":0.0,"max_hp_gain":0.0,"max_hp_loss":0.0,"gold_gain":75.0,"event_name":"World of Goop","player_choice":"Gather Gold","floor":11.0,"gold_loss":0.0,"damage_taken":11.0},{"damage_healed":0.0,"max_hp_gain":0.0,"max_hp_loss":0.0,"gold_gain":0.0,"event_name":"Golden Idol","player_choice":"Ignored","floor":14.0,"gold_loss":0.0,"damage_taken":0.0},{"damage_healed":0.0,"max_hp_gain":0.0,"max_hp_loss":0.0,"gold_gain":0.0,"event_name":"Addict","player_choice":"Obtained Relic","floor":19.0,"gold_loss":85.0,"damage_taken":0.0,"relics_obtained":["StoneCalendar"]},{"cards_removed":["Strike_R"],"damage_healed":0,"gold_gain":0,"player_choice":"Purged","damage_taken":0,"max_hp_gain":0,"max_hp_loss":0,"event_name":"Purifier","floor":29,"gold_loss":0}],"is_beta":false,"boss_relics":[{"not_picked":["White Beast Statue","Eternal Feather"],"picked":"Orrery"}],"items_purged_floors":[],"is_endless":false,"potions_floor_spawned":[1,16,21,25],"killed_by":"Snecko","ascension_level":14}