{"gold_per_floor":[112,112,126,201,217,280,280,312,312,312,328,340,340],"floor_reached":13,"playtime":1649,"items_purged":[],"score":147,"play_id":"0dfeb30d-aa74-43d2-a0e3-3a25339f10b7","local_time":"20190204003301","is_ascension_mode":true,"campfire_choices":[{"floor":10,"key":"REST"}],"neow_cost":"NONE","seed_source_timestamp":18546840214716,"circlet_count":0,"master_deck":["AscendersBane","Strike_R","Strike_R","Strike_R","Strike_R","Strike_R","Defend_R","Defend_R","Defend_R","Defend_R","Bash","Iron Wave","Body Slam","Battle Trance","Headbutt","Limit Break","Metallicize","Shockwave","Pommel Strike"],"relics":["Burning Blood","NeowsBlessing","Tiny Chest","FossilizedHelix","Matryoshka"],"potions_floor_usage":[8,11],"damage_taken":[{"damage":0,"enemies":"Jaw Worm","floor":1,"turns":1},{"damage":0,"enemies":"Cultist","floor":3,"turns":1},{"damage":0,"enemies":"2 Louse","floor":5,"turns":1},{"damage":55,"enemies":"3 Sentries","floor":6,"turns":12},{"damage":27,"enemies":"Gremlin Nob","floor":8,"turns":5},{"damage":9,"enemies":"Exordium Thugs","floor":11,"turns":5},{"damage":0,"enemies":"Red Slaver","floor":12,"turns":3},{"damage":49,"enemies":"Lagavulin","floor":13,"turns":8}],"seed_played":"1373962166215658362","potions_obtained":[{"floor":6,"key":"EssenceOfSteel"},{"floor":8,"key":"LiquidBronze"}],"is_trial":false,"path_per_floor":["M","?","M","?","M","E","?","E","T","R","M","M","E"],"character_chosen":"IRONCLAD","items_purchased":[],"campfire_rested":1,"item_purchase_floors":[],"current_hp_per_floor":[78,78,80,72,78,29,29,8,8,32,29,35,0],"gold":340,"neow_bonus":"THREE_ENEMY_KILL","is_prod":false,"is_daily":false,"chose_seed":true,"campfire_upgraded":0,"win_rate":0,"timestamp":1549236781,"path_taken":["M","?","M","?","?","E","?","E","T","R","M","M","E"],"build_version":"2019-01-23","purchased_purges":0,"victory":false,"max_hp_per_floor":[80,80,80,80,80,80,80,80,80,80,80,80,80],"card_choices":[{"not_picked":["Armaments","Clothesline"],"picked":"Iron Wave","floor":1},{"not_picked":["Flex","Pommel Strike"],"picked":"Body Slam","floor":3},{"not_picked":["Clothesline","Flex"],"picked":"Battle Trance","floor":5},{"not_picked":["Evolve","Twin Strike"],"picked":"Headbutt","floor":6},{"not_picked":["Iron Wave","Flex"],"picked":"Metallicize","floor":8},{"not_picked":["Body Slam","Sever Soul"],"picked":"Shockwave","floor":11},{"not_picked":["True Grit","Anger"],"picked":"Pommel Strike","floor":12}],"player_experience":128479,"relics_obtained":[{"floor":6,"key":"Tiny Chest"},{"floor":8,"key":"FossilizedHelix"},{"floor":9,"key":"Matryoshka"}],"event_choices":[{"damage_healed":0,"gold_gain":0,"player_choice":"Ignored","damage_taken":0,"max_hp_gain":0,"max_hp_loss":0,"event_name":"Golden Idol","floor":2,"gold_loss":0},{"damage_healed":0,"gold_gain":75,"player_choice":"Touch","damage_taken":8,"max_hp_gain":0,"max_hp_loss":0,"event_name":"FaceTrader","floor":4,"gold_loss":0},{"damage_healed":0,"gold_gain":0,"player_choice":"1 cards matched","damage_taken":0,"max_hp_gain":0,"max_hp_loss":0,"event_name":"Match and Keep!","floor":7,"gold_loss":0,"cards_obtained":["Limit Break"]}],"is_beta":false,"boss_relics":[],"items_purged_floors":[],"is_endless":false,"potions_floor_spawned":[6,8],"killed_by":"Lagavulin","ascension_level":11}