{"gold_per_floor":[109,122,122,136,149,149,172,204,252,286,286,315,315,315,315,417,417,430,3,3,3,14,39,39,314,314,325,336,361,361,361],"floor_reached":31,"playtime":2229,"items_purged":["Strike_R"],"score":335,"play_id":"8510f1bf-48e6-49e6-8321-d6be4aefd873","local_time":"20190114224416","is_ascension_mode":true,"campfire_choices":[{"data":"Armaments","floor":6,"key":"SMITH"},{"floor":11,"key":"REST"},{"data":"Iron Wave","floor":13,"key":"SMITH"},{"floor":15,"key":"REST"},{"data":"Pommel Strike","floor":24,"key":"SMITH"}],"neow_cost":"PERCENT_DAMAGE","seed_source_timestamp":98696900961323,"circlet_count":0,"master_deck":["Strike_R+1","Defend_R","Defend_R","Defend_R","Bash","Twin Strike+1","Armaments+1","Cleave+1","Shrug It Off+1","Headbutt","Iron Wave+1","Headbutt","Dropkick","Warcry+1","Clash","Pommel Strike+1","Thunderclap","Entrench+1","Metallicize","Ghostly Armor+1","Shrug It Off"],"relics":["Burning Blood","Dream Catcher","Whetstone","Regal Pillow","Strawberry","Prayer Wheel","Black Star","Bag of Marbles","Centennial Puzzle","Darkstone Periapt","Omamori","Red Skull","Girya","Pen Nib"],"potions_floor_usage":[8,12,16,28,29,29],"damage_taken":[{"damage":7,"enemies":"Small Slimes","floor":1,"turns":4},{"damage":1,"enemies":"Cultist","floor":2,"turns":3},{"damage":9,"enemies":"Jaw Worm","floor":4,"turns":3},{"damage":8,"enemies":"Blue Slaver","floor":5,"turns":5},{"damage":10,"enemies":"Lagavulin","floor":8,"turns":7},{"damage":28,"enemies":"Gremlin Nob","floor":10,"turns":4},{"damage":35,"enemies":"Lagavulin","floor":12,"turns":6},{"damage":57,"enemies":"Hexaghost","floor":16,"turns":10},{"damage":14,"enemies":"3 Byrds","floor":18,"turns":5},{"damage":7,"enemies":"Shell Parasite","floor":22,"turns":7},{"damage":26,"enemies":"Slavers","floor":23,"turns":6},{"damage":2,"enemies":"Cultist and Chosen","floor":27,"turns":5},{"damage":3,"enemies":"3 Cultists","floor":28,"turns":5},{"damage":70,"enemies":"Book of Stabbing","floor":29,"turns":8},{"damage":25,"enemies":"Snake Plant","floor":31,"turns":3}],"seed_played":"-1938689459783345377","potions_obtained":[{"floor":4,"key":"Dexterity Potion"},{"floor":10,"key":"BloodPotion"},{"floor":12,"key":"SpeedPotion"},{"floor":16,"key":"Regen Potion"},{"floor":23,"key":"Block Potion"},{"floor":27,"key":"Regen Potion"}],"is_trial":false,"path_per_floor":["M","M","?","M","M","R","T","E","T","E","R","E","R","?","R","B",null,"M","$","?","$","M","E","R","?","T","M","M","E","?","M"],"character_chosen":"IRONCLAD","items_purchased":["Bag of Marbles","Clash","Centennial Puzzle"],"campfire_rested":2,"item_purchase_floors":[19,19,19],"current_hp_per_floor":[55,60,60,57,55,55,55,51,51,36,77,56,56,39,80,29,87,79,79,79,79,78,58,58,58,58,62,65,21,21,0],"gold":361,"neow_bonus":"REMOVE_TWO","is_prod":false,"is_daily":false,"chose_seed":false,"campfire_upgraded":3,"win_rate":0,"timestamp":1547495056,"path_taken":["M","M","?","?","M","R","?","E","T","E","R","E","R","?","R","BOSS","M","$","?","$","M","E","R","?","T","?","M","E","?","M"],"build_version":"2019-01-10","purchased_purges":1,"victory":false,"max_hp_per_floor":[80,80,80,80,80,80,80,80,80,87,87,87,87,87,87,87,87,87,87,87,87,87,87,87,87,87,87,87,87,87,87],"card_choices":[{"not_picked":["Reckless Charge","Sentinel"],"picked":"Twin Strike","floor":1},{"not_picked":["Entrench","Evolve"],"picked":"Armaments","floor":2},{"not_picked":["Searing Blow","Perfected Strike"],"picked":"Cleave","floor":4},{"not_picked":["Armaments","Perfected Strike"],"picked":"Shrug It Off","floor":5},{"not_picked":["Clothesline","Exhume"],"picked":"Headbutt","floor":8},{"not_picked":["Dual Wield","Anger"],"picked":"Iron Wave","floor":10},{"not_picked":["Twin Strike","Cleave"],"picked":"Headbutt","floor":11},{"not_picked":["Reaper","Cleave","True Grit"],"picked":"SKIP","floor":12},{"not_picked":["Headbutt","Wild Strike"],"picked":"Dropkick","floor":15},{"not_picked":["Havoc","Bloodletting+1"],"picked":"Warcry+1","floor":18},{"not_picked":["Flex+1","Headbutt","Anger"],"picked":"SKIP","floor":18},{"not_picked":["Bloodletting","Carnage+1"],"picked":"Pommel Strike","floor":22},{"not_picked":["Wild Strike","Sword Boomerang"],"picked":"Thunderclap","floor":22},{"not_picked":["Heavy Blade+1","Anger"],"picked":"Entrench+1","floor":23},{"not_picked":["Carnage","Cleave"],"picked":"Metallicize","floor":27},{"not_picked":["Armaments","Perfected Strike","Flex"],"picked":"SKIP","floor":27},{"not_picked":["Power Through","True Grit"],"picked":"Ghostly Armor+1","floor":28},{"not_picked":["Warcry","Demon Form","Corruption+1"],"picked":"SKIP","floor":28},{"not_picked":["Heavy Blade","Armaments+1"],"picked":"Shrug It Off","floor":29}],"player_experience":25713,"relics_obtained":[{"floor":7,"key":"Dream Catcher"},{"floor":8,"key":"Whetstone"},{"floor":9,"key":"Regal Pillow"},{"floor":10,"key":"Strawberry"},{"floor":12,"key":"Prayer Wheel"},{"floor":23,"key":"Darkstone Periapt"},{"floor":23,"key":"Omamori"},{"floor":26,"key":"Red Skull"},{"floor":29,"key":"Girya"},{"floor":29,"key":"Pen Nib"}],"event_choices":[{"cards_removed":["Strike_R"],"damage_healed":0,"gold_gain":0,"player_choice":"Offered Basic","damage_taken":0,"max_hp_gain":0,"max_hp_loss":0,"event_name":"Bonfire Elementals","floor":3,"gold_loss":0},{"damage_healed":0,"gold_gain":0,"player_choice":"Entered Light","damage_taken":17,"max_hp_gain":0,"max_hp_loss":0,"event_name":"Shining Light","floor":14,"gold_loss":0,"cards_upgraded":["Shrug It Off","Cleave"]},{"damage_healed":0,"gold_gain":0,"player_choice":"Ignored","damage_taken":0,"max_hp_gain":0,"max_hp_loss":0,"event_name":"Beggar","floor":20,"gold_loss":0},{"damage_healed":0,"gold_gain":275,"player_choice":"Desecrate","damage_taken":0,"max_hp_gain":0,"max_hp_loss":0,"event_name":"Golden Shrine","floor":25,"gold_loss":0,"cards_obtained":["Regret"]},{"cards_removed":["Strike_R"],"damage_healed":0,"gold_gain":0,"player_choice":"Card Removal","damage_taken":0,"max_hp_gain":0,"max_hp_loss":0,"event_name":"Wheel of Change","floor":30,"gold_loss":0}],"is_beta":false,"boss_relics":[{"not_picked":["Runic Cube","Orrery"],"picked":"Black Star"}],"items_purged_floors":[19],"is_endless":false,"potions_floor_spawned":[4,10,12,16,23,27],"killed_by":"Snake Plant","ascension_level":3}