{"gold_per_floor":[366,25,25,37,37,37,50,5,5,5,5,5],"floor_reached":12,"playtime":741,"items_purged":["Strike_G"],"score":76,"play_id":"9617191a-1a0f-4599-8ffc-54c6df019d56","local_time":"20181220144821","is_ascension_mode":true,"campfire_choices":[{"data":"Neutralize","floor":6,"key":"SMITH"},{"data":"Blade Dance","floor":10,"key":"SMITH"}],"neow_cost":"TEN_PERCENT_HP_LOSS","seed_source_timestamp":631137805917569,"circlet_count":0,"master_deck":["Defend_G","Defend_G","Defend_G","Defend_G","Strike_G","Strike_G","Strike_G","Strike_G","Survivor","Neutralize+1","Blur","After Image","Cloak And Dagger","Outmaneuver","Blade Dance+1"],"relics":["Ring of the Snake","Membership Card","Golden Idol"],"potions_floor_usage":[],"damage_taken":[{"damage":4,"enemies":"2 Louse","floor":1,"turns":5},{"damage":2,"enemies":"Small Slimes","floor":4,"turns":6},{"damage":0,"enemies":"Cultist","floor":7,"turns":5},{"damage":2,"enemies":"Looter","floor":8,"turns":5},{"damage":73,"enemies":"Gremlin Nob","floor":12,"turns":6}],"seed_played":"-5247611773904594529","potions_obtained":[{"floor":4,"key":"Ancient Potion"}],"is_trial":false,"path_per_floor":["M","$","?","M","?","R","M","M","T","R","?","E"],"character_chosen":"THE_SILENT","items_purchased":["Membership Card","After Image","Cloak And Dagger"],"campfire_rested":0,"item_purchase_floors":[2,2,2],"current_hp_per_floor":[59,59,64,62,62,62,62,60,60,60,43,0],"gold":5,"neow_bonus":"TWO_FIFTY_GOLD","is_prod":false,"is_daily":false,"chose_seed":false,"campfire_upgraded":2,"win_rate":0,"timestamp":1545346101,"path_taken":["M","$","?","M","?","R","M","?","T","R","?","E"],"build_version":"2018-12-13","purchased_purges":1,"victory":false,"max_hp_per_floor":[63,63,68,68,68,68,68,68,68,68,68,68],"card_choices":[{"not_picked":["Bane","Slice"],"picked":"Blur","floor":1},{"not_picked":["Slice","Deadly Poison"],"picked":"Outmaneuver","floor":4},{"not_picked":["Slice","Flying Knee","PiercingWail"],"picked":"SKIP","floor":7},{"not_picked":["Distraction","Dodge and Roll"],"picked":"Blade Dance","floor":8}],"player_experience":139776,"relics_obtained":[],"event_choices":[{"damage_healed":0,"gold_gain":0,"player_choice":"Donut","damage_taken":0,"max_hp_gain":5,"max_hp_loss":0,"event_name":"Big Fish","floor":3,"gold_loss":0},{"cards_removed":["Defend_G"],"damage_healed":0,"gold_gain":0,"player_choice":"Offered Basic","damage_taken":0,"max_hp_gain":0,"max_hp_loss":0,"event_name":"Bonfire Elementals","floor":5,"gold_loss":0},{"damage_healed":0,"gold_gain":0,"player_choice":"Take Damage","damage_taken":17,"relics_obtained":["Golden Idol"],"max_hp_gain":0,"max_hp_loss":0,"event_name":"Golden Idol","floor":11,"gold_loss":0}],"is_beta":false,"boss_relics":[],"items_purged_floors":[2],"is_endless":false,"potions_floor_spawned":[4],"killed_by":"Gremlin Nob","ascension_level":3}