{"gold_per_floor":[111,111,111,129,139,139,139,139,185,214,214,233,14,28,28,28],"floor_reached":16,"playtime":1234,"items_purged":[],"score":115,"play_id":"7b64f061-0f80-4566-8c95-55bd1fd7180f","local_time":"20181219180319","is_ascension_mode":true,"campfire_choices":[{"data":"Setup","floor":7,"key":"SMITH"},{"data":"Neutralize","floor":11,"key":"SMITH"},{"data":"Catalyst","floor":15,"key":"SMITH"}],"neow_cost":"PERCENT_DAMAGE","seed_source_timestamp":555942441129804,"circlet_count":0,"master_deck":["Defend_G","Defend_G","Defend_G","Defend_G","Strike_G","Strike_G","Strike_G","Survivor","Neutralize+1","Catalyst+1","Blur","Setup+1","Blur","Footwork","Bouncing Flask","Deadly Poison"],"relics":["Ring of the Snake","Mercury Hourglass","PreservedInsect","Orichalcum","Membership Card"],"potions_floor_usage":[12,12,16],"damage_taken":[{"damage":6,"enemies":"Cultist","floor":1,"turns":7},{"damage":0,"enemies":"Small Slimes","floor":4,"turns":5},{"damage":1,"enemies":"Jaw Worm","floor":5,"turns":6},{"damage":33,"enemies":"Lagavulin","floor":10,"turns":12},{"damage":3,"enemies":"Large Slime","floor":12,"turns":9},{"damage":0,"enemies":"Blue Slaver","floor":14,"turns":5},{"damage":54,"enemies":"Slime Boss","floor":16,"turns":9}],"seed_played":"-781673646430968243","potions_obtained":[{"floor":1,"key":"Regen Potion"},{"floor":10,"key":"Block Potion"},{"floor":12,"key":"Dexterity Potion"}],"is_trial":false,"path_per_floor":["M","?","?","M","M","?","R","T","T","E","R","M","$","M","R","B"],"character_chosen":"THE_SILENT","items_purchased":["Membership Card","Bouncing Flask"],"campfire_rested":0,"item_purchase_floors":[13,13],"current_hp_per_floor":[43,40,63,63,62,62,62,62,62,29,29,41,41,41,41,0],"gold":28,"neow_bonus":"TRANSFORM_TWO_CARDS","is_prod":false,"is_daily":false,"chose_seed":false,"campfire_upgraded":3,"win_rate":0,"timestamp":1545271399,"path_taken":["M","?","?","?","M","?","R","?","T","E","R","M","?","M","R","BOSS"],"build_version":"2018-12-13","purchased_purges":0,"victory":false,"max_hp_per_floor":[70,70,70,70,70,70,70,70,70,70,70,70,70,70,70,70],"card_choices":[{"not_picked":["Sucker Punch","Quick Slash"],"picked":"Setup","floor":1},{"not_picked":["Bane","Flechettes","Distraction"],"picked":"SKIP","floor":4},{"not_picked":["Deflect","Flechettes","Slice"],"picked":"SKIP","floor":5},{"not_picked":["PiercingWail","Cloak And Dagger"],"picked":"Blur","floor":10},{"not_picked":["Infinite Blades","Deflect"],"picked":"Footwork","floor":12},{"not_picked":["PiercingWail","A Thousand Cuts"],"picked":"Deadly Poison","floor":14}],"player_experience":135608,"relics_obtained":[{"floor":9,"key":"PreservedInsect"},{"floor":10,"key":"Orichalcum"}],"event_choices":[{"damage_healed":0,"gold_gain":0,"player_choice":"Success","damage_taken":3,"relics_obtained":["Mercury Hourglass"],"max_hp_gain":0,"max_hp_loss":0,"event_name":"Scrap Ooze","floor":2,"gold_loss":0},{"damage_healed":23,"gold_gain":0,"player_choice":"Banana","damage_taken":0,"max_hp_gain":0,"max_hp_loss":0,"event_name":"Big Fish","floor":3,"gold_loss":0},{"cards_removed":["Defend_G"],"damage_healed":0,"gold_gain":0,"player_choice":"Forget","damage_taken":0,"max_hp_gain":0,"max_hp_loss":0,"event_name":"Living Wall","floor":6,"gold_loss":0}],"is_beta":false,"boss_relics":[],"items_purged_floors":[],"is_endless":false,"potions_floor_spawned":[1,10,12],"killed_by":"Slime Boss","ascension_level":3}