{"gold_per_floor":[110,110,130,82,94,121,121,139,220,252,269,282,282,282,282,381,381,395,395,411,336,354,383,383,418,418,444,456,468,495,594,594,693,693,705,705,22,0,0,28,45,76,76,76,108,108,122,170,170,170],"floor_reached":50,"playtime":4947,"items_purged":["Strike_B+1"],"score":1080,"play_id":"ffd76703-be5e-4b12-a0d4-400db153666a","local_time":"20190424191900","is_ascension_mode":true,"campfire_choices":[{"data":"Zap","floor":7.0,"key":"SMITH"},{"floor":13.0,"key":"REST"},{"data":"Defragment","floor":15.0,"key":"SMITH"},{"floor":24.0,"key":"REST"},{"floor":32.0,"key":"DIG"},{"floor":44.0,"key":"DIG"},{"floor":46.0,"key":"DIG"},{"floor":49,"key":"RECALL"}],"neow_cost":"NONE","seed_source_timestamp":0,"circlet_count":0,"master_deck":["AscendersBane","Strike_B+1","Strike_B+1","Defend_B+1","Defend_B+1","Defend_B+1","Defend_B+1","Zap+1","Dualcast","Compile Driver+1","Glacier","Machine Learning","Doom and Gloom","Defragment+1","Electrodynamics","Fusion","Biased Cognition","Coolheaded+1","Sweeping Beam","Steam Power","Self Repair","Consume","Redo+1","Force Field","Amplify","Recycle+1","PanicButton","Loop","Coolheaded+1","Force Field+1","Redo+1","Aggregate+1"],"special_seed":0,"relics":["Cracked Core","DataDisk","Calipers","Mummified Hand","PreservedInsect","Fusion Hammer","Shovel","Orichalcum","Mercury Hourglass","Dead Branch","Bag of Preparation","Unceasing Top","Sozu","Cables","Mango","Red Mask","Pantograph","Juzu Bracelet","Pocketwatch","Toxic Egg 2","Lantern","StoneCalendar"],"potions_floor_usage":[],"damage_taken":[{"damage":7.0,"enemies":"Jaw Worm","floor":1.0,"turns":3.0},{"damage":0.0,"enemies":"Small Slimes","floor":3.0,"turns":3.0},{"damage":0.0,"enemies":"Cultist","floor":5.0,"turns":3.0},{"damage":0.0,"enemies":"Lagavulin","floor":6.0,"turns":10.0},{"damage":11.0,"enemies":"Looter","floor":8.0,"turns":2.0},{"damage":7.0,"enemies":"3 Sentries","floor":10.0,"turns":5.0},{"damage":0.0,"enemies":"Blue Slaver","floor":11.0,"turns":3.0},{"damage":6.0,"enemies":"Exordium Wildlife","floor":12.0,"turns":3.0},{"damage":0.0,"enemies":"3 Louse","floor":14.0,"turns":1.0},{"damage":19.0,"enemies":"Hexaghost","floor":16.0,"turns":9.0},{"damage":0.0,"enemies":"Spheric Guardian","floor":18.0,"turns":3.0},{"damage":4.0,"enemies":"Chosen","floor":20.0,"turns":3.0},{"damage":7.0,"enemies":"Snake Plant","floor":22.0,"turns":4.0},{"damage":14.0,"enemies":"Gremlin Leader","floor":23.0,"turns":4.0},{"damage":11.0,"enemies":"Book of Stabbing","floor":25.0,"turns":3.0},{"damage":10.0,"enemies":"Gremlin Leader","floor":27.0,"turns":3.0},{"damage":7.0,"enemies":"Centurion and Healer","floor":28.0,"turns":2.0},{"damage":0.0,"enemies":"Shelled Parasite and Fungi","floor":29.0,"turns":4.0},{"damage":23.0,"enemies":"Slavers","floor":30.0,"turns":2.0},{"damage":10.0,"enemies":"Automaton","floor":33.0,"turns":9.0},{"damage":0.0,"enemies":"3 Shapes","floor":35.0,"turns":4.0},{"damage":0.0,"enemies":"Giant Head","floor":40.0,"turns":6.0},{"damage":0.0,"enemies":"3 Darklings","floor":41.0,"turns":2.0},{"damage":0.0,"enemies":"Nemesis","floor":42.0,"turns":5.0},{"damage":0.0,"enemies":"Giant Head","floor":45.0,"turns":9.0},{"damage":0.0,"enemies":"Jaw Worm Horde","floor":47.0,"turns":2.0},{"damage":0.0,"enemies":"2 Orb Walkers","floor":48.0,"turns":3.0},{"damage":95,"enemies":"Time Eater","floor":50,"turns":12}],"seed_played":"1577839755119479728","potions_obtained":[{"floor":5.0,"key":"FocusPotion"},{"floor":8.0,"key":"SmokeBomb"},{"floor":11.0,"key":"Energy Potion"},{"floor":20.0,"key":"Fire Potion"},{"floor":22.0,"key":"GamblersBrew"},{"floor":29.0,"key":"Ancient Potion"}],"is_trial":false,"path_per_floor":["M","?","M","?","M","E","R","M","T","E","M","M","R","M","R","B",null,"M","?","M","?","M","E","R","E","T","E","M","M","E","?","R","B",null,"M","?","$","?","$","E","M","E","T","R","E","R","M","?","R","B"],"character_chosen":"DEFECT","items_purchased":["Cables","Mango","Loop"],"campfire_rested":2,"item_purchase_floors":[37,37,37],"current_hp_per_floor":[61,46,46,46,46,46,46,35,35,28,28,22,44,44,44,25,63,63,63,59,59,52,38,60,56,56,46,39,46,30,30,30,27,63,70,65,79,79,79,86,86,89,89,89,89,89,89,89,89,0],"gold":170,"neow_bonus":"RANDOM_COMMON_RELIC","is_prod":false,"is_daily":false,"chose_seed":false,"campfire_upgraded":2,"win_rate":0,"timestamp":1556126340,"path_taken":["M","?","M","?","M","E","R","M","T","E","M","M","R","?","R","BOSS","M","?","M","?","?","E","R","E","T","E","M","M","E","?","R","BOSS","M","?","$","?","?","E","?","E","T","R","E","R","M","?","R","BOSS"],"build_version":"2019-01-23","purchased_purges":1,"victory":false,"max_hp_per_floor":[75,75,75,75,75,75,75,75,75,75,75,75,75,75,75,75,75,75,75,75,75,75,75,75,75,75,75,75,75,75,75,75,75,75,75,75,89,89,89,89,89,89,89,89,89,89,89,89,89,89],"card_choices":[{"not_picked":["Ball Lightning","Conserve Battery"],"picked":"Compile Driver","floor":1.0},{"not_picked":["Go for the Eyes","Compile Driver"],"picked":"Glacier","floor":3.0},{"not_picked":["Stack","Leap"],"picked":"Machine Learning","floor":5.0},{"not_picked":["Redo","Leap"],"picked":"Doom and Gloom","floor":6.0},{"not_picked":["Ball Lightning","Rebound"],"picked":"Defragment","floor":8.0},{"not_picked":["Chaos","Sweeping Beam"],"picked":"Electrodynamics","floor":10.0},{"not_picked":["Go for the Eyes","Stack"],"picked":"Fusion","floor":11.0},{"not_picked":["FTL","Conserve Battery","Ball Lightning"],"picked":"SKIP","floor":12.0},{"not_picked":["Hyperbeam","Machine Learning"],"picked":"Biased Cognition","floor":16.0},{"not_picked":["Hologram","Rebound"],"picked":"Coolheaded+1","floor":18.0},{"not_picked":["Streamline","Go for the Eyes"],"picked":"Sweeping Beam","floor":20.0},{"not_picked":["Conserve Battery","Rebound"],"picked":"Steam Power","floor":22.0},{"not_picked":["Stack","Rebound+1"],"picked":"Self Repair","floor":23.0},{"not_picked":["Coolheaded","Fission"],"picked":"Consume","floor":25.0},{"not_picked":["Ball Lightning","Darkness","Leap+1"],"picked":"SKIP","floor":27.0},{"not_picked":["Ball Lightning","Darkness","Leap+1"],"picked":"SKIP","floor":27.0},{"not_picked":["Gash","Beam Cell"],"picked":"Redo+1","floor":28.0},{"not_picked":["Aggregate+1","Streamline","Leap"],"picked":"SKIP","floor":29.0},{"not_picked":["Darkness+1","Skim"],"picked":"Force Field","floor":30.0},{"not_picked":["Buffer","Machine Learning"],"picked":"Amplify","floor":33.0},{"not_picked":["Conserve Battery","Leap"],"picked":"Recycle+1","floor":35.0},{"not_picked":["Trip","Impatience"],"picked":"PanicButton","floor":36.0},{"not_picked":["Sunder+1","Beam Cell","Streamline"],"picked":"SKIP","floor":40.0},{"not_picked":["Go for the Eyes+1","Skim+1"],"picked":"Coolheaded+1","floor":41.0},{"not_picked":["Chill","Chaos+1","Turbo"],"picked":"SKIP","floor":42.0},{"not_picked":["Hello World+1","Steam"],"picked":"Force Field","floor":45.0},{"not_picked":["Steam Power+1","Steam+1"],"picked":"Redo+1","floor":47.0},{"not_picked":["Sweeping Beam+1","Steam+1"],"picked":"Aggregate+1","floor":48.0}],"player_experience":506769,"relics_obtained":[{"floor":6.0,"key":"Calipers"},{"floor":9.0,"key":"Mummified Hand"},{"floor":10.0,"key":"PreservedInsect"},{"floor":23.0,"key":"Shovel"},{"floor":25.0,"key":"Orichalcum"},{"floor":26.0,"key":"Mercury Hourglass"},{"floor":27.0,"key":"Dead Branch"},{"floor":30.0,"key":"Bag of Preparation"},{"floor":32.0,"key":"Unceasing Top"},{"floor":40.0,"key":"Pantograph"},{"floor":42.0,"key":"Juzu Bracelet"},{"floor":44.0,"key":"Pocketwatch"},{"floor":45.0,"key":"Toxic Egg 2"},{"floor":46.0,"key":"Lantern"},{"floor":48.0,"key":"StoneCalendar"}],"event_choices":[{"damage_healed":0.0,"max_hp_gain":0.0,"max_hp_loss":0.0,"gold_gain":0.0,"event_name":"Shining Light","player_choice":"Entered Light","floor":2.0,"gold_loss":0.0,"damage_taken":15.0,"cards_upgraded":["Compile Driver","Strike_B"]},{"damage_healed":0.0,"max_hp_gain":0.0,"max_hp_loss":0.0,"gold_gain":0.0,"event_name":"World of Goop","player_choice":"Left Gold","floor":4.0,"gold_loss":48.0,"damage_taken":0.0},{"damage_healed":0.0,"max_hp_gain":0.0,"max_hp_loss":0.0,"gold_gain":0.0,"event_name":"Back to Basics","player_choice":"Simplicity","floor":19.0,"gold_loss":0.0,"damage_taken":0.0,"cards_upgraded":["Strike_B","Strike_B","Strike_B","Defend_B","Defend_B","Defend_B","Defend_B"]},{"cards_removed":["Strike_B"],"damage_healed":0.0,"max_hp_gain":0.0,"max_hp_loss":0.0,"gold_gain":0.0,"event_name":"Beggar","player_choice":"Gave Gold","floor":21.0,"gold_loss":75.0,"damage_taken":0.0},{"damage_healed":0.0,"max_hp_gain":0.0,"max_hp_loss":0.0,"gold_gain":99.0,"event_name":"Nest","player_choice":"Stole From Cult","floor":31.0,"gold_loss":0.0,"damage_taken":0.0},{"damage_healed":0.0,"max_hp_gain":0.0,"max_hp_loss":0.0,"gold_gain":0.0,"event_name":"SensoryStone","player_choice":"Memory 2","floor":36.0,"gold_loss":0.0,"damage_taken":5.0},{"damage_healed":0.0,"max_hp_gain":0.0,"max_hp_loss":0.0,"gold_gain":0.0,"event_name":"Tomb of Lord Red Mask","player_choice":"Paid","floor":38.0,"gold_loss":22.0,"damage_taken":0.0,"relics_obtained":["Red Mask"]},{"damage_healed":0.0,"max_hp_gain":0.0,"max_hp_loss":0.0,"gold_gain":0.0,"event_name":"Mysterious Sphere","player_choice":"Fight","floor":48.0,"gold_loss":0.0,"damage_taken":0.0}],"is_beta":false,"boss_relics":[{"not_picked":["Runic Dome","Tiny House"],"picked":"Fusion Hammer"},{"not_picked":["Orrery","White Beast Statue"],"picked":"Sozu"}],"items_purged_floors":[37],"is_endless":false,"potions_floor_spawned":[5,8,11,20,22,23,29,33,41,45,47],"killed_by":"Time Eater","ascension_level":10}