{"gold_per_floor":[210,61,11,24,99,99,53,53,80,119,131,143,175,205,217,305,317,345,375,387,399,411,423,466,478,490,514,526,551,563],"floor_reached":30,"playtime":1304,"items_purged":["Strike_G"],"score":406,"play_id":"fa28df98-6d9c-4395-acf3-40df5009611e","local_time":"20190513231822","is_ascension_mode":true,"campfire_choices":[{"data":"Bouncing Flask","floor":6,"key":"SMITH"},{"data":"Backflip","floor":8,"key":"SMITH"},{"data":"Noxious Fumes","floor":12,"key":"SMITH"},{"data":"Noxious Fumes","floor":15,"key":"SMITH"},{"floor":23,"key":"REST"},{"floor":25,"key":"REST"}],"neow_cost":"NONE","seed_source_timestamp":2090633618307727,"circlet_count":0,"master_deck":["AscendersBane","Defend_G","Defend_G","Defend_G","Defend_G","Defend_G","Strike_G","Survivor","Neutralize","Bouncing Flask+1","Backflip+1","Noxious Fumes+1","Madness","Neutralize","Crippling Poison","Noxious Fumes+1","A Thousand Cuts","Leg Sweep","Distraction","Wraith Form v2"],"relics":["Ring of the Snake","MawBank","Paper Crane","Cursed Key","Oddly Smooth Stone"],"potions_floor_usage":[10,16,16,24,24,29],"damage_taken":[{"damage":10,"enemies":"Small Slimes","floor":1,"turns":5},{"damage":0,"enemies":"Jaw Worm","floor":4,"turns":4},{"damage":15,"enemies":"Lagavulin","floor":10,"turns":6},{"damage":0,"enemies":"2 Louse","floor":13,"turns":3},{"damage":9,"enemies":"Exordium Thugs","floor":14,"turns":5},{"damage":8,"enemies":"Slime Boss","floor":16,"turns":9},{"damage":4,"enemies":"2 Thieves","floor":18,"turns":4},{"damage":4,"enemies":"Shell Parasite","floor":19,"turns":5},{"damage":59,"enemies":"Slavers","floor":24,"turns":6},{"damage":16,"enemies":"Cultist and Chosen","floor":27,"turns":6},{"damage":2,"enemies":"Snecko","floor":29,"turns":6},{"damage":16,"enemies":"Chosen and Byrds","floor":30,"turns":4}],"seed_played":"7599088557868671499","potions_obtained":[{"floor":4,"key":"Regen Potion"},{"floor":13,"key":"EntropicBrew"},{"floor":27,"key":"Ancient Potion"},{"floor":28,"key":"FairyPotion"}],"is_trial":false,"path_per_floor":["M","$","?","M","?","R","$","R","T","E","?","R","M","M","R","B",null,"M","M","?","?","T","R","E","R","T","M","?","M","M"],"character_chosen":"THE_SILENT","items_purchased":["GhostInAJar","Backflip"],"campfire_rested":2,"item_purchase_floors":[2,7],"current_hp_per_floor":[53,53,53,53,42,42,42,42,42,42,42,42,42,33,33,25,59,55,51,38,38,38,60,1,23,23,7,7,5,0],"gold":563,"neow_bonus":"HUNDRED_GOLD","is_prod":false,"is_daily":false,"chose_seed":false,"campfire_upgraded":4,"win_rate":0,"timestamp":1557814702,"path_taken":["M","$","?","M","?","R","$","R","T","E","?","R","M","M","R","BOSS","M","M","?","?","?","R","E","R","T","M","?","M","M"],"build_version":"2019-01-23","purchased_purges":1,"victory":false,"max_hp_per_floor":[70,70,70,70,70,70,70,70,70,70,70,70,70,70,70,70,70,70,70,75,75,75,75,75,75,75,75,75,75,75],"card_choices":[{"not_picked":["Dagger Throw","Finisher"],"picked":"Bouncing Flask","floor":1},{"not_picked":["Outmaneuver","Deflect","Calculated Gamble"],"picked":"SKIP","floor":4},{"not_picked":["Distraction","Dagger Spray"],"picked":"Noxious Fumes","floor":10},{"not_picked":["Calculated Gamble","Skewer"],"picked":"Crippling Poison","floor":13},{"not_picked":["Dodge and Roll","Blade Dance"],"picked":"Noxious Fumes","floor":14},{"not_picked":["Bullet Time","Tools of the Trade"],"picked":"A Thousand Cuts","floor":16},{"not_picked":["Accuracy","Poisoned Stab+1"],"picked":"Leg Sweep","floor":18},{"not_picked":["Quick Slash+1","Sucker Punch","Infinite Blades"],"picked":"SKIP","floor":19},{"not_picked":["Deflect","Outmaneuver","Sucker Punch+1"],"picked":"SKIP","floor":24},{"not_picked":["Acrobatics","Infinite Blades","Blade Dance"],"picked":"SKIP","floor":27},{"not_picked":["Prepared","Blade Dance","Dagger Throw"],"picked":"SKIP","floor":29}],"player_experience":570539,"relics_obtained":[{"floor":9,"key":"MawBank"},{"floor":10,"key":"Paper Crane"},{"floor":24,"key":"Oddly Smooth Stone"}],"event_choices":[{"cards_removed":["Strike_G"],"damage_healed":0,"gold_gain":0,"player_choice":"Card Removal","damage_taken":0,"max_hp_gain":0,"max_hp_loss":0,"event_name":"The Cleric","floor":3,"gold_loss":50},{"damage_healed":0,"gold_gain":75,"player_choice":"Gather Gold","damage_taken":11,"max_hp_gain":0,"max_hp_loss":0,"event_name":"World of Goop","floor":5,"gold_loss":0},{"damage_healed":0,"gold_gain":0,"player_choice":"2 cards matched","damage_taken":0,"max_hp_gain":0,"max_hp_loss":0,"event_name":"Match and Keep!","floor":11,"gold_loss":0,"cards_obtained":["Madness","Neutralize"]},{"damage_healed":0,"gold_gain":0,"player_choice":"Shed Blood","damage_taken":18,"max_hp_gain":5,"max_hp_loss":0,"event_name":"Forgotten Altar","floor":20,"gold_loss":0},{"damage_healed":0,"gold_gain":0,"cards_transformed":["Strike_G","Strike_G"],"player_choice":"Became Test Subject","damage_taken":0,"max_hp_gain":0,"max_hp_loss":0,"event_name":"Drug Dealer","floor":21,"gold_loss":0,"cards_obtained":["Distraction","Wraith Form v2"]},{"damage_healed":0,"gold_gain":0,"player_choice":"Got Potions","damage_taken":0,"max_hp_gain":0,"max_hp_loss":0,"event_name":"Lab","floor":28,"gold_loss":0}],"is_beta":false,"boss_relics":[{"not_picked":["Runic Pyramid","Empty Cage"],"picked":"Cursed Key"}],"items_purged_floors":[2],"is_endless":false,"potions_floor_spawned":[4,13,19,27],"killed_by":"Chosen and Byrds","ascension_level":13}