{"gold_per_floor":[110,124,53,53,53,53,83,98,124,124,141,154,188,38,38,134,134,145,145,145,145,160,160,175,195,263,292,64,64,13,28,28,131,131,147,99,115,115,115,115,128,160,186,200,200,213,213,229,229,229],"floor_reached":50,"playtime":2316,"items_purged":["Strike_G"],"score":738,"play_id":"7a4fa3ce-931c-4ac0-89b1-5e0e28486c8a","local_time":"20190120143638","is_ascension_mode":true,"campfire_choices":[{"data":"Noxious Fumes","floor":6,"key":"SMITH"},{"data":"Deadly Poison","floor":10,"key":"SMITH"},{"data":"Deadly Poison","floor":15,"key":"SMITH"},{"data":"Wraith Form v2","floor":23,"key":"SMITH"},{"floor":32,"key":"REST"},{"data":"Malaise","floor":40,"key":"SMITH"},{"floor":49,"key":"REST"}],"neow_cost":"NONE","seed_source_timestamp":1047155373370342,"circlet_count":0,"master_deck":["Defend_G","Defend_G+1","Defend_G+1","Strike_G+1","Survivor","Neutralize+1","Deadly Poison+1","Noxious Fumes+1","Deadly Poison+1","Backflip","Wraith Form v2+1","Deflect+1","Tools of the Trade+1","Sucker Punch+1","Noxious Fumes+1","Malaise+1","Dodge and Roll","Terror+1","Cloak And Dagger+1","Adrenaline"],"relics":["Ring of the Snake","NeowsBlessing","Pocketwatch","Pantograph","War Paint","Ancient Tea Set","Anchor","Astrolabe","Bag of Marbles","Unceasing Top","GremlinMask","Molten Egg 2","Shuriken","Juzu Bracelet","Empty Cage","Bottled Flame","Orichalcum"],"potions_floor_usage":[13,27,27,33,41,44,48,50],"damage_taken":[{"damage":0,"enemies":"Cultist","floor":1,"turns":1},{"damage":0,"enemies":"2 Louse","floor":2,"turns":1},{"damage":0,"enemies":"3 Sentries","floor":7,"turns":2},{"damage":7,"enemies":"Jaw Worm","floor":8,"turns":3},{"damage":3,"enemies":"2 Fungi Beasts","floor":11,"turns":3},{"damage":3,"enemies":"Exordium Wildlife","floor":12,"turns":3},{"damage":6,"enemies":"Lagavulin","floor":13,"turns":5},{"damage":19,"enemies":"Hexaghost","floor":16,"turns":7},{"damage":15,"enemies":"Spheric Guardian","floor":18,"turns":6},{"damage":0,"enemies":"Shell Parasite","floor":22,"turns":6},{"damage":2,"enemies":"Centurion and Healer","floor":24,"turns":6},{"damage":15,"enemies":"Snake Plant","floor":25,"turns":4},{"damage":24,"enemies":"Slavers","floor":27,"turns":6},{"damage":2,"enemies":"Cultist and Chosen","floor":31,"turns":6},{"damage":39,"enemies":"Automaton","floor":33,"turns":9},{"damage":42,"enemies":"3 Darklings","floor":35,"turns":5},{"damage":6,"enemies":"Orb Walker","floor":37,"turns":6},{"damage":17,"enemies":"Sphere and 2 Shapes","floor":41,"turns":6},{"damage":12,"enemies":"Reptomancer","floor":42,"turns":6},{"damage":16,"enemies":"Spire Growth","floor":44,"turns":6},{"damage":1,"enemies":"4 Shapes","floor":46,"turns":6},{"damage":2,"enemies":"Writhing Mass","floor":48,"turns":7},{"damage":56,"enemies":"Donu and Deca","floor":50,"turns":6}],"seed_played":"3770065332248683040","potions_obtained":[{"floor":8,"key":"FearPotion"},{"floor":11,"key":"Regen Potion"},{"floor":12,"key":"FearPotion"},{"floor":16,"key":"Fire Potion"},{"floor":24,"key":"PowerPotion"},{"floor":27,"key":"FearPotion"},{"floor":35,"key":"EssenceOfSteel"},{"floor":42,"key":"Fire Potion"},{"floor":44,"key":"SkillPotion"},{"floor":48,"key":"AttackPotion"}],"is_trial":false,"path_per_floor":["M","M","$","?","T","R","E","M","T","R","M","M","E","$","R","B",null,"M","?","T","?","M","R","M","M","T","E","$","?","$","M","R","B",null,"M","$","M","?","?","R","M","E","T","M","?","M","?","M","R","B"],"character_chosen":"THE_SILENT","items_purchased":["Noxious Fumes","Anchor","Juzu Bracelet","Poison Potion","Dodge and Roll"],"campfire_rested":2,"item_purchase_floors":[3,14,28,30,36],"current_hp_per_floor":[63,63,63,49,49,49,49,42,42,42,39,36,45,45,45,51,65,50,50,50,50,50,50,48,33,33,9,9,9,9,7,28,14,56,14,14,8,8,61,61,44,32,32,16,16,15,15,13,31,0],"gold":229,"neow_bonus":"THREE_ENEMY_KILL","is_prod":false,"is_daily":false,"chose_seed":false,"campfire_upgraded":5,"win_rate":0,"timestamp":1548023798,"path_taken":["M","M","?","?","?","R","E","M","T","R","M","M","E","$","R","BOSS","M","?","?","?","?","R","M","M","T","E","$","?","$","M","R","BOSS","M","$","M","?","?","R","M","E","T","M","?","M","?","M","R","BOSS"],"build_version":"2019-01-17v2","purchased_purges":1,"victory":false,"max_hp_per_floor":[70,70,70,70,70,70,70,70,70,70,70,70,70,70,70,70,70,70,70,70,70,70,70,70,70,70,70,70,70,70,70,70,70,70,70,70,70,70,61,61,61,61,61,61,61,61,61,61,61,61],"card_choices":[{"not_picked":["Dagger Throw","Backflip"],"picked":"Quick Slash","floor":1},{"not_picked":["Poisoned Stab","Backflip"],"picked":"Deadly Poison","floor":2},{"not_picked":["Tools of the Trade","Masterful Stab","Dagger Throw"],"picked":"SKIP","floor":7},{"not_picked":["Dagger Throw","Dagger Spray","Deflect"],"picked":"SKIP","floor":8},{"not_picked":["Skewer","Deflect","Endless Agony"],"picked":"SKIP","floor":11},{"not_picked":["Acrobatics","Cloak And Dagger"],"picked":"Deadly Poison","floor":12},{"not_picked":["Envenom","Sucker Punch"],"picked":"Backflip","floor":13},{"not_picked":["A Thousand Cuts","Doppelganger"],"picked":"Wraith Form v2","floor":16},{"not_picked":["Heel Hook","Accuracy","All Out Attack+1"],"picked":"SKIP","floor":18},{"not_picked":["Flying Knee","Outmaneuver","Blade Dance"],"picked":"SKIP","floor":22},{"not_picked":["Flying Knee","Acrobatics"],"picked":"Noxious Fumes+1","floor":24},{"not_picked":["Cloak And Dagger","Prepared","Concentrate"],"picked":"SKIP","floor":25},{"not_picked":["Dagger Throw+1","Setup+1","Outmaneuver"],"picked":"SKIP","floor":27},{"not_picked":["Deflect","PiercingWail+1","Dagger Throw+1"],"picked":"SKIP","floor":31},{"not_picked":["Deflect","PiercingWail+1","Dagger Throw+1"],"picked":"SKIP","floor":31},{"not_picked":["Bullet Time","Glass Knife+1"],"picked":"Malaise","floor":33},{"not_picked":["Quick Slash+1","Masterful Stab+1","Outmaneuver+1"],"picked":"SKIP","floor":35},{"not_picked":["Backflip","Dagger Spray+1","Dagger Throw+1"],"picked":"SKIP","floor":37},{"not_picked":["Setup+1","Tactician"],"picked":"Terror+1","floor":41},{"not_picked":["Dagger Spray+1","Cloak And Dagger+1","Accuracy+1"],"picked":"SKIP","floor":42},{"not_picked":["Dagger Spray+1","Accuracy+1"],"picked":"Cloak And Dagger+1","floor":42},{"not_picked":["Blade Dance","Dodge and Roll","Dagger Throw+1"],"picked":"SKIP","floor":44},{"not_picked":["Cloak And Dagger+1","Outmaneuver+1"],"picked":"Adrenaline","floor":46},{"not_picked":["Dagger Spray+1","Slice+1","PiercingWail+1"],"picked":"SKIP","floor":48}],"player_experience":378097,"relics_obtained":[{"floor":5,"key":"Pocketwatch"},{"floor":7,"key":"Pantograph"},{"floor":9,"key":"War Paint"},{"floor":13,"key":"Ancient Tea Set"},{"floor":20,"key":"Unceasing Top"},{"floor":26,"key":"Molten Egg 2"},{"floor":27,"key":"Shuriken"},{"floor":42,"key":"Bottled Flame"},{"floor":43,"key":"Orichalcum"}],"event_choices":[{"damage_healed":0,"gold_gain":0,"player_choice":"Entered Light","damage_taken":14,"max_hp_gain":0,"max_hp_loss":0,"event_name":"Shining Light","floor":4,"gold_loss":0,"cards_upgraded":["Neutralize","Strike_G"]},{"damage_healed":0,"gold_gain":0,"player_choice":"Opened","damage_taken":0,"relics_obtained":["Bag of Marbles"],"max_hp_gain":0,"max_hp_loss":0,"event_name":"The Mausoleum","floor":19,"gold_loss":0},{"damage_healed":0,"gold_gain":0,"player_choice":"Trade","damage_taken":0,"relics_obtained":["GremlinMask"],"max_hp_gain":0,"max_hp_loss":0,"event_name":"FaceTrader","floor":21,"gold_loss":0},{"damage_healed":0,"gold_gain":0,"player_choice":"Ignored","damage_taken":0,"max_hp_gain":0,"max_hp_loss":0,"event_name":"Vampires","floor":29,"gold_loss":0},{"damage_healed":0,"gold_gain":0,"player_choice":"Ignored","damage_taken":0,"max_hp_gain":0,"max_hp_loss":0,"event_name":"Mysterious Sphere","floor":38,"gold_loss":0},{"damage_healed":61,"gold_gain":0,"player_choice":"Heal","damage_taken":0,"max_hp_gain":0,"max_hp_loss":9,"event_name":"The Moai Head","floor":39,"gold_loss":0},{"damage_healed":0,"gold_gain":0,"player_choice":"Memory 1","damage_taken":0,"max_hp_gain":0,"max_hp_loss":0,"event_name":"SensoryStone","floor":45,"gold_loss":0},{"cards_removed":["Quick Slash"],"damage_healed":0,"gold_gain":0,"player_choice":"Removed Attack","damage_taken":0,"max_hp_gain":0,"max_hp_loss":0,"event_name":"Falling","floor":47,"gold_loss":0}],"is_beta":false,"boss_relics":[{"not_picked":["Busted Crown","Ectoplasm"],"picked":"Astrolabe"},{"not_picked":["Runic Dome","Pandora\u0027s Box"],"picked":"Empty Cage"}],"items_purged_floors":[28],"is_endless":false,"potions_floor_spawned":[8,11,12,16,24,27,31,35,42,44,48],"killed_by":"Donu and Deca","ascension_level":8}