{"gold_per_floor":[144,189,234,279,324,414,414,459,509,509,599,655,655,745,745,1045,1045,1090,363,363,39,84,84,174,219,274,319,344,344,389,101,101,401,401,446,446,491,191,236,326,326,371,371,461,461,506,551,51,51,51],"floor_reached":51,"playtime":2904,"items_purged":[],"score":974,"play_id":"10ac99b2-9c1b-44e6-9cda-11b5d9f9bafb","local_time":"20190615185729","daily_mods":["Shiny","Time Dilation","Midas"],"is_ascension_mode":false,"campfire_choices":[{"floor":7,"key":"REST"},{"floor":15,"key":"REST"},{"floor":23,"key":"REST"},{"floor":29,"key":"REST"},{"floor":32,"key":"REST"},{"floor":41,"key":"REST"},{"floor":45,"key":"REST"},{"floor":49,"key":"REST"}],"neow_cost":"","seed_source_timestamp":0,"circlet_count":0,"master_deck":["Venomology","Corpse Explosion","Malaise","Phantasmal Killer","Die Die Die","Adrenaline","Envenom","Burst","Wraith Form v2","Tools of the Trade","Unload","After Image","Bullet Time","Storm of Steel","Glass Knife","A Thousand Cuts","Crippling Poison","Cloak And Dagger","Footwork","Caltrops","Leg Sweep","Skewer+1","Die Die Die+1","Eviscerate+1","Footwork","Noxious Fumes","Backstab+1","Caltrops","Cloak And Dagger+1","Adrenaline","Accuracy","Predator","After Image","Blade Dance","Terror+1","Cloak And Dagger+1","Cloak And Dagger+1","After Image","Outmaneuver+1","Blade Dance+1","Blade Dance+1","Catalyst+1"],"special_seed":18063,"relics":["Ring of the Snake","Strawberry","Bag of Marbles","Anchor","Sundial","Boot","Astrolabe","Ginger","Regal Pillow","HandDrill","Matryoshka","Thread and Needle","Meat on the Bone","Tiny Chest","Dream Catcher","Bag of Preparation","Letter Opener","Black Star","Ancient Tea Set","Ice Cream","Pantograph","Toxic Egg 2","Bottled Lightning","Pen Nib","Pocketwatch","StoneCalendar","ClockworkSouvenir"],"potions_floor_usage":[2,2,3,5,5,6,11,14,16,16,18,24,33,33,33,33,39,39,42,44,50,50,50],"damage_taken":[{"damage":6,"enemies":"Cultist","floor":1,"turns":3},{"damage":8,"enemies":"Jaw Worm","floor":2,"turns":2},{"damage":0,"enemies":"Small Slimes","floor":3,"turns":2},{"damage":0,"enemies":"Looter","floor":4,"turns":3},{"damage":9,"enemies":"Large Slime","floor":5,"turns":3},{"damage":19,"enemies":"3 Sentries","floor":6,"turns":3},{"damage":0,"enemies":"Exordium Wildlife","floor":8,"turns":2},{"damage":25,"enemies":"Lagavulin","floor":11,"turns":4},{"damage":0,"enemies":"3 Sentries","floor":14,"turns":2},{"damage":0,"enemies":"Hexaghost","floor":16,"turns":8},{"damage":0,"enemies":"Spheric Guardian","floor":18,"turns":3},{"damage":15,"enemies":"3 Byrds","floor":22,"turns":3},{"damage":17,"enemies":"Slavers","floor":24,"turns":3},{"damage":2,"enemies":"Centurion and Healer","floor":25,"turns":4},{"damage":7,"enemies":"Shelled Parasite and Fungi","floor":27,"turns":3},{"damage":0,"enemies":"Snake Plant","floor":30,"turns":1},{"damage":31,"enemies":"Collector","floor":33,"turns":4},{"damage":0,"enemies":"Orb Walker","floor":35,"turns":1},{"damage":0,"enemies":"3 Shapes","floor":37,"turns":1},{"damage":0,"enemies":"3 Darklings","floor":39,"turns":2},{"damage":40,"enemies":"Giant Head","floor":40,"turns":10},{"damage":0,"enemies":"Writhing Mass","floor":42,"turns":2},{"damage":0,"enemies":"Reptomancer","floor":44,"turns":5},{"damage":0,"enemies":"Sphere and 2 Shapes","floor":46,"turns":2},{"damage":11,"enemies":"3 Darklings","floor":47,"turns":3},{"damage":35,"enemies":"Awakened One","floor":50,"turns":9}],"seed_played":"-4255218080682064028","potions_obtained":[{"floor":1,"key":"Weak Potion"},{"floor":2,"key":"GamblersBrew"},{"floor":11,"key":"Fire Potion"},{"floor":16,"key":"Fruit Juice"},{"floor":22,"key":"Block Potion"},{"floor":24,"key":"FearPotion"},{"floor":25,"key":"FearPotion"},{"floor":37,"key":"Energy Potion"},{"floor":39,"key":"Block Potion"},{"floor":40,"key":"Fire Potion"},{"floor":44,"key":"PowerPotion"}],"is_trial":false,"path_per_floor":["M","M","M","M","M","E","R","M","T","?","E","?","?","E","R","B",null,"M","$","?","$","M","R","E","M","T","M","T","R","M","$","R","B",null,"M","T","M","$","M","E","R","M","T","E","R","M","M","$","R","B",null],"character_chosen":"THE_SILENT","items_purchased":["Footwork","Ginger","Regal Pillow","HandDrill","Noxious Fumes","Matryoshka","Accuracy","Letter Opener","Ice Cream","StoneCalendar","ClockworkSouvenir"],"campfire_rested":8,"item_purchase_floors":[19,19,19,19,21,21,31,31,38,48,48],"current_hp_per_floor":[64,56,56,56,47,35,58,58,58,51,26,26,26,26,49,54,82,82,82,73,73,58,82,65,63,63,56,56,82,82,82,82,51,82,82,82,82,82,82,42,81,81,81,81,82,82,71,71,82,47],"gold":51,"neow_bonus":"","is_prod":false,"is_daily":true,"chose_seed":false,"campfire_upgraded":0,"win_rate":0,"timestamp":1560650249,"path_taken":["M","M","M","M","M","E","R","?","T","?","E","?","?","E","R","BOSS","M","$","?","$","M","R","E","M","T","M","?","R","?","$","R","BOSS","M","?","M","$","?","E","R","M","T","E","R","M","M","$","R","BOSS"],"build_version":"2019-01-23","purchased_purges":0,"victory":true,"max_hp_per_floor":[70,70,70,70,70,77,77,77,77,77,77,77,77,77,77,82,82,82,82,82,82,82,82,82,82,82,82,82,82,82,82,82,82,82,82,82,82,82,82,82,82,82,82,82,82,82,82,82,82,82],"card_choices":[{"not_picked":["Slice","All Out Attack","Setup"],"picked":"SKIP","floor":1},{"not_picked":["Cloak And Dagger","Outmaneuver"],"picked":"Crippling Poison","floor":2},{"not_picked":["Sucker Punch","Skewer"],"picked":"Cloak And Dagger","floor":3},{"not_picked":["Crippling Poison","Acrobatics","Dagger Spray"],"picked":"SKIP","floor":4},{"not_picked":["Backflip","Adrenaline"],"picked":"Footwork","floor":5},{"not_picked":["Night Terror","Flying Knee"],"picked":"Caltrops","floor":6},{"not_picked":["Quick Slash","All Out Attack","Outmaneuver"],"picked":"SKIP","floor":8},{"not_picked":["Dodge and Roll","Grand Finale"],"picked":"Leg Sweep","floor":11},{"not_picked":["Deflect","Leg Sweep","Bane"],"picked":"SKIP","floor":14},{"not_picked":["Concentrate","Dagger Throw+1","Underhanded Strike"],"picked":"SKIP","floor":18},{"not_picked":["Poisoned Stab","Acrobatics","Sucker Punch"],"picked":"SKIP","floor":22},{"not_picked":["Skewer+1","Outmaneuver"],"picked":"Backstab+1","floor":24},{"not_picked":["Sucker Punch","Crippling Poison+1"],"picked":"Caltrops","floor":25},{"not_picked":["Choke+1","Reflex"],"picked":"Cloak And Dagger+1","floor":27},{"not_picked":["Slice","PiercingWail"],"picked":"Adrenaline","floor":30},{"not_picked":["Sucker Punch+1","Underhanded Strike"],"picked":"Predator","floor":32},{"not_picked":["Tools of the Trade","Unload"],"picked":"After Image","floor":33},{"not_picked":["Crippling Poison","Quick Slash+1"],"picked":"Blade Dance","floor":35},{"not_picked":["Backflip+1","Deadly Poison+1"],"picked":"Terror+1","floor":37},{"not_picked":["Catalyst+1","Poisoned Stab+1"],"picked":"Cloak And Dagger+1","floor":39},{"not_picked":["PiercingWail","Reflex+1"],"picked":"Cloak And Dagger+1","floor":40},{"not_picked":["Quick Slash+1","Prepared+1"],"picked":"After Image","floor":41},{"not_picked":["Prepared+1","Choke+1"],"picked":"Outmaneuver+1","floor":42},{"not_picked":["Backflip+1","Flying Knee+1"],"picked":"Blade Dance+1","floor":44},{"not_picked":["Reflex+1","Bane"],"picked":"Blade Dance+1","floor":46},{"not_picked":["Skewer+1","Reflex+1","Quick Slash+1"],"picked":"SKIP","floor":47},{"not_picked":["Die Die Die","Deadly Poison+1"],"picked":"Catalyst+1","floor":49}],"player_experience":638102,"relics_obtained":[{"floor":6,"key":"Strawberry"},{"floor":9,"key":"Bag of Marbles"},{"floor":11,"key":"Sundial"},{"floor":14,"key":"Boot"},{"floor":24,"key":"Thread and Needle"},{"floor":26,"key":"Meat on the Bone"},{"floor":26,"key":"Tiny Chest"},{"floor":28,"key":"Dream Catcher"},{"floor":28,"key":"Bag of Preparation"},{"floor":36,"key":"Ancient Tea Set"},{"floor":40,"key":"Pantograph"},{"floor":40,"key":"Toxic Egg 2"},{"floor":43,"key":"Bottled Lightning"},{"floor":44,"key":"Pen Nib"},{"floor":44,"key":"Pocketwatch"}],"event_choices":[{"damage_healed":0,"gold_gain":0,"player_choice":"Success","damage_taken":7,"relics_obtained":["Anchor"],"max_hp_gain":0,"max_hp_loss":0,"event_name":"Scrap Ooze","floor":10,"gold_loss":0},{"damage_healed":0,"gold_gain":56,"player_choice":"Gained Gold","damage_taken":0,"max_hp_gain":0,"max_hp_loss":0,"event_name":"Golden Wing","floor":12,"gold_loss":0},{"damage_healed":0,"gold_gain":0,"player_choice":"Ignored","damage_taken":0,"max_hp_gain":0,"max_hp_loss":0,"event_name":"Shining Light","floor":13,"gold_loss":0},{"damage_healed":0,"gold_gain":0,"player_choice":"Stopped","damage_taken":9,"max_hp_gain":0,"max_hp_loss":0,"event_name":"Cursed Tome","floor":20,"gold_loss":0}],"is_beta":false,"boss_relics":[{"not_picked":["Ectoplasm","Calling Bell"],"picked":"Astrolabe"},{"not_picked":["Busted Crown","Eternal Feather"],"picked":"Black Star"}],"items_purged_floors":[],"is_endless":false,"potions_floor_spawned":[1,2,11,16,22,24,25,37,39,40,44],"ascension_level":0}