{"gold_per_floor":[112,112,112,158,174,208,208,221,275,285,316,333,333,53,53,149,149,159,159,84,94,113,113],"floor_reached":23,"playtime":725,"items_purged":["Strike_G"],"score":328,"play_id":"07fbfcab-1d47-457e-b78f-c9a19b762c1e","local_time":"20190122193655","is_ascension_mode":true,"campfire_choices":[{"data":"Corpse Explosion","floor":7,"key":"SMITH"},{"floor":13,"key":"REST"},{"data":"Dash","floor":15,"key":"SMITH"}],"neow_cost":"NONE","seed_source_timestamp":1239564460179131,"circlet_count":0,"master_deck":["Defend_G","Defend_G","Defend_G","Defend_G","Defend_G","Strike_G","Strike_G","Survivor","Neutralize","Escape Plan","Dash+1","Corpse Explosion+1","Dash","Well Laid Plans","A Thousand Cuts","Calculated Gamble+1"],"relics":["Ring of the Serpent","NeowsBlessing","Girya","Happy Flower","Unceasing Top","Regal Pillow","Pantograph","MealTicket"],"potions_floor_usage":[11,16,22,22],"damage_taken":[{"damage":0,"enemies":"Small Slimes","floor":1,"turns":1},{"damage":0,"enemies":"2 Louse","floor":5,"turns":1},{"damage":0,"enemies":"3 Sentries","floor":6,"turns":1},{"damage":2,"enemies":"Jaw Worm","floor":8,"turns":2},{"damage":0,"enemies":"Lots of Slimes","floor":10,"turns":1},{"damage":35,"enemies":"Gremlin Nob","floor":11,"turns":4},{"damage":1,"enemies":"Looter","floor":12,"turns":4},{"damage":32,"enemies":"Slime Boss","floor":16,"turns":11},{"damage":42,"enemies":"2 Thieves","floor":18,"turns":4},{"damage":0,"enemies":"Chosen","floor":21,"turns":5},{"damage":21,"enemies":"Snake Plant","floor":22,"turns":6},{"damage":14,"enemies":"Book of Stabbing","floor":23,"turns":3}],"seed_played":"-3816790997960757452","potions_obtained":[{"floor":6,"key":"FearPotion"},{"floor":12,"key":"SkillPotion"},{"floor":18,"key":"Ancient Potion"},{"floor":21,"key":"Poison Potion"}],"is_trial":false,"path_per_floor":["M","?","?","T","M","E","R","M","T","M","E","M","R","$","R","B",null,"M","?","$","M","M","E"],"character_chosen":"THE_SILENT","items_purchased":["Well Laid Plans","MealTicket"],"campfire_rested":1,"item_purchase_floors":[14,14],"current_hp_per_floor":[63,63,51,51,51,51,51,49,49,49,14,13,49,49,49,38,62,20,20,35,35,14,0],"gold":113,"neow_bonus":"THREE_ENEMY_KILL","is_prod":false,"is_daily":false,"chose_seed":false,"campfire_upgraded":2,"win_rate":0,"timestamp":1548214615,"path_taken":["M","?","?","?","M","E","R","M","T","M","E","?","R","$","R","BOSS","M","?","$","M","M","E"],"build_version":"2019-01-17v2","purchased_purges":1,"victory":false,"max_hp_per_floor":[70,70,70,70,70,70,70,70,70,70,70,70,70,70,70,70,70,70,70,70,70,70,70],"card_choices":[{"not_picked":["Dodge and Roll","Reflex"],"picked":"Escape Plan","floor":1},{"not_picked":["Blade Dance","All Out Attack"],"picked":"Dash","floor":5},{"not_picked":["Eviscerate","Dash"],"picked":"Corpse Explosion","floor":6},{"not_picked":["Sucker Punch","Deflect","Blade Dance"],"picked":"SKIP","floor":8},{"not_picked":["Sucker Punch","Quick Slash","Dagger Spray"],"picked":"SKIP","floor":10},{"not_picked":["Caltrops","Outmaneuver","Masterful Stab"],"picked":"SKIP","floor":11},{"not_picked":["Poisoned Stab","Endless Agony"],"picked":"Dash","floor":12},{"not_picked":["Doppelganger","Venomology"],"picked":"A Thousand Cuts","floor":16},{"not_picked":["Sucker Punch","Outmaneuver"],"picked":"Calculated Gamble+1","floor":18},{"not_picked":["Choke+1","Quick Slash","Flying Knee"],"picked":"SKIP","floor":21},{"not_picked":["Dagger Throw","Poisoned Stab","Flying Knee"],"picked":"SKIP","floor":22}],"player_experience":387063,"relics_obtained":[{"floor":4,"key":"Happy Flower"},{"floor":6,"key":"Unceasing Top"},{"floor":9,"key":"Regal Pillow"},{"floor":11,"key":"Pantograph"}],"event_choices":[{"cards_removed":["Strike_G"],"damage_healed":0,"gold_gain":0,"player_choice":"Forget","damage_taken":0,"max_hp_gain":0,"max_hp_loss":0,"event_name":"Living Wall","floor":2,"gold_loss":0},{"damage_healed":0,"gold_gain":0,"player_choice":"Success","damage_taken":12,"relics_obtained":["Girya"],"max_hp_gain":0,"max_hp_loss":0,"event_name":"Scrap Ooze","floor":3,"gold_loss":0},{"cards_removed":["Strike_G"],"damage_healed":0,"gold_gain":0,"player_choice":"Offered Basic","damage_taken":0,"max_hp_gain":0,"max_hp_loss":0,"event_name":"Bonfire Elementals","floor":19,"gold_loss":0}],"is_beta":false,"boss_relics":[{"not_picked":["Orrery","Snecko Eye"],"picked":"Ring of the Serpent"}],"items_purged_floors":[20],"is_endless":false,"potions_floor_spawned":[6,12,18,21],"killed_by":"Book of Stabbing","ascension_level":9}