{"gold_per_floor":[109,46,65,82,93,93,93,157,211,211,211,136,98,110,110,185,185,204,215,44,144,159,159,159,159,159,184,197,197,74,105,105,105],"floor_reached":33,"playtime":2474,"items_purged":["Strike_B","Strike_B"],"score":481,"play_id":"e60b47fe-cd74-4c35-9ada-aa8b821c2f6b","local_time":"20190529160900","is_ascension_mode":true,"campfire_choices":[{"data":"Zap","floor":6.0,"key":"SMITH"},{"data":"Leap","floor":10.0,"key":"SMITH"},{"floor":15.0,"key":"REST"},{"data":"Glacier","floor":23,"key":"SMITH"},{"floor":25,"key":"REST"},{"floor":29,"key":"REST"},{"floor":32,"key":"REST"}],"neow_cost":"NONE","seed_source_timestamp":1196867883036961,"circlet_count":0,"master_deck":["AscendersBane","Strike_B+1","Defend_B","Defend_B","Defend_B","Defend_B","Zap+1","Dualcast","Leap+1","Gash","Steam","Electrodynamics+1","Static Discharge","Storm","Core Surge","Coolheaded+1","Glacier+1","Genetic Algorithm+1","Gash+1","Blizzard","Undo+1","Coolheaded+1","Capacitor","Coolheaded+1"],"special_seed":0,"relics":["Cracked Core","Centennial Puzzle","Dodecahedron","Juzu Bracelet","Tiny Chest","Oddly Smooth Stone","Sozu","Gambling Chip","Toxic Egg 2","Bag of Preparation","Art of War","Bag of Marbles"],"potions_floor_usage":[33],"damage_taken":[{"damage":10.0,"enemies":"Small Slimes","floor":1.0,"turns":3.0},{"damage":0.0,"enemies":"Cultist","floor":3.0,"turns":4.0},{"damage":2.0,"enemies":"2 Louse","floor":4.0,"turns":2.0},{"damage":4.0,"enemies":"Blue Slaver","floor":5.0,"turns":4.0},{"damage":16.0,"enemies":"3 Sentries","floor":8.0,"turns":5.0},{"damage":0.0,"enemies":"2 Fungi Beasts","floor":14.0,"turns":1.0},{"damage":25.0,"enemies":"Hexaghost","floor":16.0,"turns":11.0},{"damage":4.0,"enemies":"2 Thieves","floor":18.0,"turns":2.0},{"damage":5.0,"enemies":"Shell Parasite","floor":19.0,"turns":5.0},{"damage":8.0,"enemies":"Colosseum Slavers","floor":21.0,"turns":2.0},{"damage":10.0,"enemies":"Colosseum Nobs","floor":21.0,"turns":4.0},{"damage":4,"enemies":"Cultist and Chosen","floor":22,"turns":5},{"damage":14,"enemies":"Slavers","floor":27,"turns":5},{"damage":12,"enemies":"Snake Plant","floor":28,"turns":3},{"damage":10,"enemies":"Gremlin Leader","floor":31,"turns":7},{"damage":39,"enemies":"Champ","floor":33,"turns":16}],"seed_played":"4953693039569154371","potions_obtained":[{"floor":4.0,"key":"Fire Potion"},{"floor":8.0,"key":"Energy Potion"}],"is_trial":false,"path_per_floor":["M","?","M","M","M","R","?","E","T","R","?","$","?","M","R","B",null,"M","M","$","?","M","R","?","R","T","E","M","R","$","E","R","B"],"character_chosen":"DEFECT","items_purchased":["Glacier","Capacitor","Coolheaded+1"],"campfire_rested":4,"item_purchase_floors":[20,30,30],"current_hp_per_floor":[54,54,54,52,48,48,45,29,29,29,15,15,15,15,36,11,56,52,47,47,29,25,25,25,46,46,32,20,41,41,31,52,13],"gold":105,"neow_bonus":"RANDOM_COMMON_RELIC","is_prod":false,"is_daily":false,"chose_seed":false,"campfire_upgraded":3,"win_rate":0,"timestamp":1559138940,"path_taken":["M","?","M","M","?","R","?","E","T","R","?","?","?","M","R","BOSS","M","M","$","?","M","R","?","R","T","E","M","R","$","E","R","BOSS"],"build_version":"2019-01-23","purchased_purges":2,"victory":false,"max_hp_per_floor":[71,71,71,71,71,71,71,71,71,71,71,71,71,71,71,71,71,71,71,71,71,71,71,71,71,71,71,71,71,71,71,71,71],"card_choices":[{"not_picked":["Compile Driver","Coolheaded"],"picked":"Leap","floor":1.0},{"not_picked":["Skim","Steam"],"picked":"Gash","floor":3.0},{"not_picked":["White Noise","Compile Driver"],"picked":"Steam","floor":4.0},{"not_picked":["Conserve Battery","Rebound"],"picked":"Electrodynamics","floor":5.0},{"not_picked":["Gash","Turbo"],"picked":"Static Discharge","floor":8.0},{"not_picked":["Sweeping Beam","Compile Driver"],"picked":"Storm","floor":14.0},{"not_picked":["Reboot","Fission"],"picked":"Core Surge","floor":16.0},{"not_picked":["Sunder","Compile Driver"],"picked":"Coolheaded+1","floor":18.0},{"not_picked":["Redo","Beam Cell","Static Discharge"],"picked":"SKIP","floor":19.0},{"not_picked":["Leap","Chill"],"picked":"Genetic Algorithm","floor":21.0},{"not_picked":["Doom and Gloom","Ball Lightning"],"picked":"Gash+1","floor":22},{"not_picked":["Glacier+1","Conserve Battery+1"],"picked":"Undo+1","floor":27},{"not_picked":["Double Energy+1","Reinforced Body+1"],"picked":"Coolheaded+1","floor":28},{"not_picked":["Reprogram+1","Fission+1","Hello World"],"picked":"SKIP","floor":31}],"player_experience":697085,"relics_obtained":[{"floor":8.0,"key":"Tiny Chest"},{"floor":9.0,"key":"Oddly Smooth Stone"},{"floor":21.0,"key":"Gambling Chip"},{"floor":21.0,"key":"Toxic Egg 2"},{"floor":26,"key":"Bag of Preparation"},{"floor":27,"key":"Art of War"},{"floor":31,"key":"Bag of Marbles"}],"event_choices":[{"damage_healed":0.0,"max_hp_gain":0.0,"max_hp_loss":0.0,"gold_gain":0.0,"event_name":"WeMeetAgain","player_choice":"Paid Gold","floor":2.0,"gold_loss":63.0,"damage_taken":0.0,"relics_obtained":["Dodecahedron"]},{"damage_healed":0.0,"max_hp_gain":0.0,"max_hp_loss":0.0,"gold_gain":0.0,"event_name":"Scrap Ooze","player_choice":"Success","floor":7.0,"gold_loss":0.0,"damage_taken":3.0,"relics_obtained":["Juzu Bracelet"]},{"damage_healed":0.0,"max_hp_gain":0.0,"max_hp_loss":0.0,"gold_gain":0.0,"event_name":"Shining Light","player_choice":"Entered Light","floor":11.0,"gold_loss":0.0,"damage_taken":14.0,"cards_upgraded":["Electrodynamics","Strike_B"]},{"damage_healed":0.0,"max_hp_gain":0.0,"max_hp_loss":0.0,"gold_gain":0.0,"event_name":"World of Goop","player_choice":"Left Gold","floor":13.0,"gold_loss":38.0,"damage_taken":0.0},{"damage_healed":0.0,"max_hp_gain":0.0,"max_hp_loss":0.0,"gold_gain":0.0,"event_name":"Colosseum","player_choice":"Fight","floor":21.0,"gold_loss":0.0,"damage_taken":0.0},{"damage_healed":0.0,"max_hp_gain":0.0,"max_hp_loss":0.0,"gold_gain":0.0,"event_name":"Colosseum","player_choice":"Fought Nobs","floor":21.0,"gold_loss":0.0,"damage_taken":0.0},{"damage_healed":0,"gold_gain":0,"cards_transformed":["Strike_B"],"player_choice":"Transformed","damage_taken":0,"max_hp_gain":0,"max_hp_loss":0,"event_name":"Transmorgrifier","floor":24,"gold_loss":0,"cards_obtained":["Blizzard"]}],"is_beta":false,"boss_relics":[{"not_picked":["Busted Crown","Nuclear Battery"],"picked":"Sozu"}],"items_purged_floors":[12,20],"is_endless":false,"potions_floor_spawned":[4,8,14,18,19,21,22,31],"killed_by":"Champ","ascension_level":14}