{"gold_per_floor":[114,114,126,1,17,17,44,44,67,78,78,78,116,140,140,229,229,248,248,68,68,91,135,135,149,149,149,149,201,201,245,245,245],"floor_reached":33,"playtime":1906,"items_purged":["Strike_R","Injury"],"score":553,"play_id":"7a71f7ef-0c96-4dec-8ed7-b5d8687a85fa","local_time":"20190519140758","is_ascension_mode":true,"campfire_choices":[{"data":"Pummel","floor":6.0,"key":"SMITH"},{"data":"Combust","floor":8.0,"key":"SMITH"},{"floor":15.0,"key":"REST"},{"data":"Feel No Pain","floor":27.0,"key":"SMITH"},{"data":"Disarm","floor":30.0,"key":"SMITH"},{"floor":32.0,"key":"REST"}],"neow_cost":"NONE","seed_source_timestamp":0,"circlet_count":0,"master_deck":["AscendersBane","Strike_R+1","Strike_R","Strike_R+1","Strike_R","Defend_R","Defend_R","Defend_R","Defend_R","Bash+1","Evolve","Shockwave","Anger","Pummel+1","Combust+1","Spot Weakness+1","Cleave","Reaper","Sword Boomerang","Feel No Pain+1","Power Through+1","Disarm+1","Corruption","Shockwave+1","Sentinel"],"special_seed":0,"relics":["Burning Blood","Boot","Juzu Bracelet","Happy Flower","Golden Idol","Art of War","Sozu","Potion Belt","Mummified Hand","Whetstone","Pen Nib"],"potions_floor_usage":[],"damage_taken":[{"damage":1.0,"enemies":"Cultist","floor":1.0,"turns":4.0},{"damage":7.0,"enemies":"Small Slimes","floor":3.0,"turns":4.0},{"damage":7.0,"enemies":"2 Louse","floor":5.0,"turns":4.0},{"damage":34.0,"enemies":"Lagavulin","floor":7.0,"turns":6.0},{"damage":19.0,"enemies":"Gremlin Gang","floor":10.0,"turns":4.0},{"damage":36.0,"enemies":"Gremlin Nob","floor":13.0,"turns":4.0},{"damage":8.0,"enemies":"Blue Slaver","floor":14.0,"turns":2.0},{"damage":13.0,"enemies":"Slime Boss","floor":16.0,"turns":7.0},{"damage":14.0,"enemies":"Chosen","floor":18.0,"turns":5.0},{"damage":1.0,"enemies":"Spheric Guardian","floor":22.0,"turns":3.0},{"damage":52.0,"enemies":"Slavers","floor":23.0,"turns":5.0},{"damage":11.0,"enemies":"Centurion and Healer","floor":25.0,"turns":7.0},{"damage":21.0,"enemies":"Gremlin Leader","floor":31.0,"turns":5.0},{"damage":72,"enemies":"Collector","floor":33,"turns":9}],"seed_played":"6902356074691811996","potions_obtained":[{"floor":7.0,"key":"PowerPotion"},{"floor":13.0,"key":"SkillPotion"},{"floor":14.0,"key":"AttackPotion"},{"floor":16.0,"key":"Swift Potion"}],"is_trial":false,"path_per_floor":["M","?","M","$","M","R","E","R","T","M","?","?","E","M","R","B",null,"M","?","$","?","M","E","?","M","T","R","?","T","R","E","R","B"],"character_chosen":"IRONCLAD","items_purchased":["Anger","Feel No Pain"],"campfire_rested":2,"item_purchase_floors":[4,20],"current_hp_per_floor":[73,73,72,72,71,71,43,43,43,30,30,55,25,23,45,38,66,63,63,63,63,68,44,44,44,44,44,44,44,44,29,51,0],"gold":245,"neow_bonus":"RANDOM_COMMON_RELIC","is_prod":false,"is_daily":false,"chose_seed":false,"campfire_upgraded":4,"win_rate":0,"timestamp":1558267678,"path_taken":["M","?","M","$","?","R","E","R","T","M","?","?","E","M","R","BOSS","M","?","$","?","M","E","?","M","T","R","?","?","R","E","R","BOSS"],"build_version":"2019-01-23","purchased_purges":2,"victory":false,"max_hp_per_floor":[75,75,75,75,75,75,75,75,75,75,75,75,75,75,75,75,75,75,75,75,75,75,75,75,75,75,75,75,75,75,75,75,75],"card_choices":[{"not_picked":["True Grit","Pommel Strike"],"picked":"Evolve","floor":1.0},{"not_picked":["True Grit","Cleave"],"picked":"Shockwave","floor":3.0},{"not_picked":["Clothesline","Cleave"],"picked":"Pummel","floor":5.0},{"not_picked":["Flex","Heavy Blade"],"picked":"Combust","floor":7.0},{"not_picked":["Havoc","Metallicize"],"picked":"Spot Weakness","floor":10.0},{"not_picked":["Bloodletting","Rampage"],"picked":"Cleave","floor":13.0},{"not_picked":["Dropkick","Perfected Strike","Bloodletting"],"picked":"SKIP","floor":14.0},{"not_picked":["Double Tap","Exhume"],"picked":"Reaper","floor":16.0},{"not_picked":["Burning Pact","Hemokinesis"],"picked":"Sword Boomerang","floor":18.0},{"not_picked":["Bloodletting+1","Body Slam"],"picked":"Power Through+1","floor":22.0},{"not_picked":["Whirlwind","Clash"],"picked":"Disarm","floor":23.0},{"not_picked":["Twin Strike","Entrench"],"picked":"Shockwave+1","floor":25.0},{"not_picked":["Clash","Evolve"],"picked":"Sentinel","floor":31.0}],"player_experience":662116,"relics_obtained":[{"floor":7.0,"key":"Juzu Bracelet"},{"floor":9.0,"key":"Happy Flower"},{"floor":13.0,"key":"Art of War"},{"floor":23.0,"key":"Potion Belt"},{"floor":26.0,"key":"Mummified Hand"},{"floor":29.0,"key":"Whetstone"},{"floor":31.0,"key":"Pen Nib"}],"event_choices":[{"damage_healed":0.0,"max_hp_gain":0.0,"max_hp_loss":0.0,"gold_gain":0.0,"event_name":"Upgrade Shrine","player_choice":"Upgraded","floor":2.0,"gold_loss":0.0,"damage_taken":0.0,"cards_upgraded":["Bash"]},{"damage_healed":0.0,"max_hp_gain":0.0,"max_hp_loss":0.0,"gold_gain":0.0,"event_name":"Golden Idol","player_choice":"Take Wound","floor":11.0,"gold_loss":0.0,"damage_taken":0.0,"relics_obtained":["Golden Idol"],"cards_obtained":["Injury"]},{"damage_healed":25.0,"max_hp_gain":0.0,"max_hp_loss":0.0,"gold_gain":0.0,"event_name":"Big Fish","player_choice":"Banana","floor":12.0,"gold_loss":0.0,"damage_taken":0.0},{"damage_healed":0.0,"max_hp_gain":0.0,"max_hp_loss":0.0,"gold_gain":0.0,"event_name":"Ghosts","player_choice":"Ignored","floor":19.0,"gold_loss":0.0,"damage_taken":0.0},{"damage_healed":0.0,"max_hp_gain":0.0,"max_hp_loss":0.0,"gold_gain":0.0,"event_name":"Upgrade Shrine","player_choice":"Upgraded","floor":21.0,"gold_loss":0.0,"damage_taken":0.0,"cards_upgraded":["Spot Weakness"]},{"damage_healed":0.0,"max_hp_gain":0.0,"max_hp_loss":0.0,"gold_gain":0.0,"event_name":"The Library","player_choice":"Read","floor":24.0,"gold_loss":0.0,"damage_taken":0.0,"cards_obtained":["Corruption"]},{"damage_healed":0.0,"max_hp_gain":0.0,"max_hp_loss":0.0,"gold_gain":0.0,"event_name":"The Mausoleum","player_choice":"Ignored","floor":28.0,"gold_loss":0.0,"damage_taken":0.0}],"is_beta":false,"boss_relics":[{"not_picked":["Calling Bell","Astrolabe"],"picked":"Sozu"}],"items_purged_floors":[4,20],"is_endless":false,"potions_floor_spawned":[7,13,14,16,22,25],"killed_by":"Collector","ascension_level":18}