{"gold_per_floor":[109,109,109,120,137,137,164,180,180,150,150,139,159,31,31,31],"floor_reached":16,"playtime":625,"items_purged":["Strike_G"],"score":143,"play_id":"4e986c3c-d57c-47e7-b2f2-edac76112de8","local_time":"20190120135309","is_ascension_mode":true,"campfire_choices":[{"data":"Flying Knee","floor":6,"key":"SMITH"},{"floor":11,"key":"REST"},{"floor":15,"key":"REST"}],"neow_cost":"NONE","seed_source_timestamp":1046239014113129,"circlet_count":0,"master_deck":["Defend_G","Defend_G","Defend_G","Defend_G","Defend_G","Strike_G","Strike_G","Strike_G","Strike_G","Survivor","Neutralize","Flying Knee+1","Accuracy","Doubt","Dark Shackles","Backflip","Venomology+1","Dodge and Roll+1","Choke","Deadly Poison+1","Deadly Poison+1"],"relics":["Ring of the Snake","NeowsBlessing","Dream Catcher","Question Card","Toxic Egg 2"],"potions_floor_usage":[12,13,13,13,16,16],"damage_taken":[{"damage":0,"enemies":"Jaw Worm","floor":1,"turns":1},{"damage":0,"enemies":"Cultist","floor":4,"turns":1},{"damage":0,"enemies":"Small Slimes","floor":5,"turns":1},{"damage":42,"enemies":"3 Sentries","floor":7,"turns":16},{"damage":8,"enemies":"Blue Slaver","floor":8,"turns":6},{"damage":0,"enemies":"Looter","floor":10,"turns":4},{"damage":4,"enemies":"Exordium Thugs","floor":12,"turns":4},{"damage":15,"enemies":"Exordium Wildlife","floor":13,"turns":9},{"damage":33,"enemies":"The Guardian","floor":16,"turns":5}],"seed_played":"-6253882555938538795","potions_obtained":[{"floor":7,"key":"Ancient Potion"},{"floor":12,"key":"EssenceOfSteel"},{"floor":13,"key":"Dexterity Potion"}],"is_trial":false,"path_per_floor":["M","?","?","M","M","R","E","M","T","M","R","M","M","$","R","B"],"character_chosen":"THE_SILENT","items_purchased":["Deadly Poison+1"],"campfire_rested":2,"item_purchase_floors":[14],"current_hp_per_floor":[63,56,56,56,56,56,14,6,6,6,27,23,8,8,29,0],"gold":31,"neow_bonus":"THREE_ENEMY_KILL","is_prod":false,"is_daily":false,"chose_seed":false,"campfire_upgraded":1,"win_rate":0,"timestamp":1548021189,"path_taken":["M","?","?","?","M","R","E","M","T","M","R","M","M","$","R","BOSS"],"build_version":"2019-01-17v2","purchased_purges":1,"victory":false,"max_hp_per_floor":[70,70,70,70,70,70,70,70,70,70,70,70,70,70,70,70],"card_choices":[{"not_picked":["Slice","Deflect"],"picked":"Flying Knee","floor":1},{"not_picked":["Flying Knee","Deadly Poison","PiercingWail"],"picked":"SKIP","floor":4},{"not_picked":["Flying Knee","Deadly Poison","PiercingWail"],"picked":"SKIP","floor":4},{"not_picked":["Choke","Sucker Punch","Tactician"],"picked":"SKIP","floor":5},{"not_picked":["Prepared","Masterful Stab","Grand Finale"],"picked":"SKIP","floor":7},{"not_picked":["Deadly Poison","Quick Slash","Terror"],"picked":"Backflip","floor":8},{"not_picked":["Tactician+1","Sucker Punch","Expertise+1"],"picked":"Venomology+1","floor":10},{"not_picked":["Terror+1","Dagger Spray","Bane"],"picked":"Dodge and Roll+1","floor":11},{"not_picked":["Phantasmal Killer+1","Masterful Stab","Blade Dance+1","Riddle With Holes"],"picked":"SKIP","floor":12},{"not_picked":["Prepared+1","Accuracy","Eviscerate"],"picked":"Choke","floor":13},{"not_picked":["Backflip+1","Dodge and Roll+1","PiercingWail+1"],"picked":"Deadly Poison+1","floor":15}],"player_experience":377211,"relics_obtained":[{"floor":7,"key":"Question Card"},{"floor":9,"key":"Toxic Egg 2"}],"event_choices":[{"damage_healed":0,"gold_gain":0,"player_choice":"Success","damage_taken":7,"relics_obtained":["Dream Catcher"],"max_hp_gain":0,"max_hp_loss":0,"event_name":"Scrap Ooze","floor":2,"gold_loss":0},{"damage_healed":0,"gold_gain":0,"player_choice":"3 cards matched","damage_taken":0,"max_hp_gain":0,"max_hp_loss":0,"event_name":"Match and Keep!","floor":3,"gold_loss":0,"cards_obtained":["Accuracy","Doubt","Dark Shackles"]}],"is_beta":false,"boss_relics":[],"items_purged_floors":[14],"is_endless":false,"potions_floor_spawned":[7,12,13],"killed_by":"The Guardian","ascension_level":8}