{"gold_per_floor":[112,112,43,43,43,76,86,86,111,36,66,82,109,119,119,219,219,239,271,271,271,259,284,300,313,339,351,363,375,397,428,440,547,559,591,603,615],"floor_reached":37,"playtime":2332,"items_purged":["Strike_G"],"score":654,"play_id":"4594ef1e-215f-4b75-aa88-144dd6e5fd4b","local_time":"20190126173101","is_ascension_mode":true,"campfire_choices":[{"data":"Noxious Fumes","floor":8,"key":"SMITH"},{"data":"Crippling Poison","floor":15,"key":"SMITH"},{"floor":27,"key":"REST"},{"data":"RitualDagger","floor":29,"key":"SMITH"},{"floor":32,"key":"REST"}],"neow_cost":"NONE","seed_source_timestamp":1575993384339473,"circlet_count":0,"master_deck":["Defend_G","Defend_G","Defend_G","Defend_G","Defend_G","Neutralize","Dash+1","Noxious Fumes+1","Crippling Poison","Crippling Poison+1","After Image","Envenom","Prepared+1","Well Laid Plans+1","Venomology+1","Cloak And Dagger","Decay","Ghostly","Ghostly","Ghostly","Ghostly","Ghostly","After Image","Catalyst+1","Catalyst+1","RitualDagger+1","Cloak And Dagger","Backflip","Corpse Explosion"],"relics":["Ring of the Snake","NeowsBlessing","Snake Skull","Lantern","Mango","Peace Pipe","Astrolabe","Red Mask","Dream Catcher","MawBank","Fusion Hammer"],"potions_floor_usage":[13,18,18,19,24,25,30,30,30,30,31,33,33,33,37],"damage_taken":[{"damage":0,"enemies":"Small Slimes","floor":1,"turns":1},{"damage":0,"enemies":"Cultist","floor":4,"turns":1},{"damage":0,"enemies":"Gremlin Nob","floor":6,"turns":1},{"damage":0,"enemies":"Jaw Worm","floor":7,"turns":4},{"damage":4,"enemies":"Lagavulin","floor":11,"turns":7},{"damage":2,"enemies":"Red Slaver","floor":12,"turns":4},{"damage":13,"enemies":"Gremlin Nob","floor":13,"turns":5},{"damage":0,"enemies":"Exordium Wildlife","floor":14,"turns":4},{"damage":12,"enemies":"The Guardian","floor":16,"turns":9},{"damage":0,"enemies":"3 Byrds","floor":18,"turns":3},{"damage":27,"enemies":"Masked Bandits","floor":19,"turns":4},{"damage":0,"enemies":"2 Thieves","floor":22,"turns":4},{"damage":22,"enemies":"Gremlin Leader","floor":23,"turns":8},{"damage":2,"enemies":"Chosen and Byrds","floor":24,"turns":7},{"damage":6,"enemies":"Snecko","floor":25,"turns":7},{"damage":12,"enemies":"3 Cultists","floor":30,"turns":7},{"damage":0,"enemies":"Snake Plant","floor":31,"turns":5},{"damage":17,"enemies":"Champ","floor":33,"turns":12},{"damage":2,"enemies":"3 Shapes","floor":35,"turns":4},{"damage":33,"enemies":"2 Orb Walkers","floor":37,"turns":5}],"seed_played":"-3837577812416896847","potions_obtained":[{"floor":11,"key":"Energy Potion"},{"floor":13,"key":"Weak Potion"},{"floor":16,"key":"Poison Potion"},{"floor":18,"key":"SkillPotion"},{"floor":24,"key":"SteroidPotion"},{"floor":30,"key":"SpeedPotion"},{"floor":31,"key":"Swift Potion"}],"is_trial":false,"path_per_floor":["M","?","$","M","?","E","M","R","T","$","E","M","E","M","R","B",null,"M","?","?","?","M","E","M","M","T","R","?","R","M","M","R","B",null,"M","?","?"],"character_chosen":"THE_SILENT","items_purchased":["Noxious Fumes"],"campfire_rested":2,"item_purchase_floors":[3],"current_hp_per_floor":[63,63,63,63,63,63,63,63,63,63,73,71,58,58,58,46,75,75,48,48,42,42,20,18,12,12,24,18,18,6,18,30,13,35,33,33,0],"gold":615,"neow_bonus":"THREE_ENEMY_KILL","is_prod":false,"is_daily":false,"chose_seed":false,"campfire_upgraded":3,"win_rate":0,"timestamp":1548552661,"path_taken":["M","?","?","?","?","E","M","R","T","$","E","M","E","M","R","BOSS","M","?","?","?","M","E","M","?","T","R","?","R","M","M","R","BOSS","M","?","?"],"build_version":"2019-01-23","purchased_purges":1,"victory":false,"max_hp_per_floor":[70,70,70,70,70,70,70,70,70,70,84,84,84,84,84,84,84,84,84,84,42,42,42,42,42,42,42,42,42,42,42,42,42,42,42,42,42],"card_choices":[{"not_picked":["Quick Slash","Calculated Gamble"],"picked":"Dash","floor":1},{"not_picked":["Slice","Dagger Throw","Poisoned Stab"],"picked":"SKIP","floor":4},{"not_picked":["Poisoned Stab","Dodge and Roll","Underhanded Strike"],"picked":"SKIP","floor":6},{"not_picked":["Calculated Gamble","Slice"],"picked":"Crippling Poison","floor":7},{"not_picked":["Well Laid Plans","Blade Dance"],"picked":"Crippling Poison","floor":11},{"not_picked":["Dagger Throw","Bane","Flying Knee"],"picked":"SKIP","floor":12},{"not_picked":["Deflect","Escape Plan"],"picked":"After Image","floor":13},{"not_picked":["Endless Agony","Choke","Blade Dance"],"picked":"SKIP","floor":14},{"not_picked":["Glass Knife","Night Terror"],"picked":"Envenom","floor":16},{"not_picked":["Flying Knee","Dagger Spray+1","Blade Dance"],"picked":"SKIP","floor":18},{"not_picked":["Expertise","Finisher"],"picked":"Cloak And Dagger","floor":19},{"not_picked":["Prepared","Concentrate+1","Calculated Gamble"],"picked":"SKIP","floor":22},{"not_picked":["Bullet Time","Footwork+1"],"picked":"After Image","floor":23},{"not_picked":["Quick Slash","Dagger Throw+1","Slice"],"picked":"SKIP","floor":24},{"not_picked":["Backstab+1","Cloak And Dagger+1"],"picked":"Catalyst+1","floor":25},{"not_picked":["Deflect","Cloak And Dagger"],"picked":"Catalyst+1","floor":27},{"not_picked":["Outmaneuver","Quick Slash"],"picked":"Cloak And Dagger","floor":30},{"not_picked":["Underhanded Strike","A Thousand Cuts"],"picked":"Backflip","floor":31},{"not_picked":["Envenom","Venomology"],"picked":"Corpse Explosion","floor":33},{"not_picked":["Prepared","Dodge and Roll+1","Backstab"],"picked":"SKIP","floor":35}],"player_experience":405141,"relics_obtained":[{"floor":6,"key":"Snake Skull"},{"floor":9,"key":"Lantern"},{"floor":11,"key":"Mango"},{"floor":13,"key":"Peace Pipe"},{"floor":19,"key":"Red Mask"},{"floor":23,"key":"Dream Catcher"},{"floor":26,"key":"MawBank"}],"event_choices":[{"damage_healed":0,"gold_gain":0,"player_choice":"Upgraded","damage_taken":0,"max_hp_gain":0,"max_hp_loss":0,"event_name":"Upgrade Shrine","floor":2,"gold_loss":0,"cards_upgraded":["Dash"]},{"cards_removed":["Strike_G"],"damage_healed":0,"gold_gain":0,"player_choice":"Offered Basic","damage_taken":0,"max_hp_gain":0,"max_hp_loss":0,"event_name":"Bonfire Elementals","floor":5,"gold_loss":0},{"damage_healed":0,"gold_gain":0,"player_choice":"Fought Bandits","damage_taken":0,"max_hp_gain":0,"max_hp_loss":0,"event_name":"Masked Bandits","floor":19,"gold_loss":0},{"damage_healed":0,"gold_gain":0,"player_choice":"Smashed Altar","damage_taken":0,"max_hp_gain":0,"max_hp_loss":0,"event_name":"Forgotten Altar","floor":20,"gold_loss":0,"cards_obtained":["Decay"]},{"damage_healed":0,"gold_gain":0,"player_choice":"Became a Ghost","damage_taken":0,"max_hp_gain":0,"max_hp_loss":42,"event_name":"Ghosts","floor":21,"gold_loss":0,"cards_obtained":["Ghostly","Ghostly","Ghostly","Ghostly","Ghostly"]},{"damage_healed":0,"gold_gain":0,"player_choice":"Joined the Cult","damage_taken":6,"max_hp_gain":0,"max_hp_loss":0,"event_name":"Nest","floor":28,"gold_loss":0,"cards_obtained":["RitualDagger"]},{"cards_removed":["Survivor"],"damage_healed":0,"gold_gain":0,"player_choice":"Removed Skill","damage_taken":0,"max_hp_gain":0,"max_hp_loss":0,"event_name":"Falling","floor":36,"gold_loss":0},{"damage_healed":0,"gold_gain":0,"player_choice":"Fight","damage_taken":0,"max_hp_gain":0,"max_hp_loss":0,"event_name":"Mysterious Sphere","floor":37,"gold_loss":0}],"is_beta":false,"boss_relics":[{"not_picked":["Snecko Eye","Calling Bell"],"picked":"Astrolabe"},{"not_picked":["Eternal Feather","Orrery"],"picked":"Fusion Hammer"}],"items_purged_floors":[10],"is_endless":false,"potions_floor_spawned":[4,11,13,16,18,24,30,31],"killed_by":"2 Orb Walkers","ascension_level":9}