{"gold_per_floor":[115,134,22,38,51,51,84,84,84,118,132,102,102],"floor_reached":13,"playtime":948,"items_purged":["Strike_G"],"score":109,"play_id":"3a25b8a8-f8c4-4f1e-a3cd-531c0b43159e","local_time":"20181222195243","is_ascension_mode":true,"campfire_choices":[{"data":"Noxious Fumes","floor":6,"key":"SMITH"},{"floor":8,"key":"REST"}],"neow_cost":"NONE","seed_source_timestamp":131144410317737,"circlet_count":0,"master_deck":["Defend_G","Defend_G","Defend_G","Defend_G","Defend_G","Strike_G","Strike_G","Strike_G","Strike_G","Survivor","Neutralize","Outmaneuver","Backflip","Noxious Fumes+1","Deadly Poison","Blur","Catalyst","Poisoned Stab+1","Acrobatics"],"relics":["Black Star","Molten Egg 2","Frozen Egg 2","Art of War","Bottled Flame"],"potions_floor_usage":[7,7,13],"damage_taken":[{"damage":1,"enemies":"2 Louse","floor":1,"turns":4},{"damage":10,"enemies":"Cultist","floor":2,"turns":5},{"damage":0,"enemies":"Small Slimes","floor":4,"turns":4},{"damage":3,"enemies":"Blue Slaver","floor":5,"turns":4},{"damage":44,"enemies":"Gremlin Nob","floor":7,"turns":6},{"damage":12,"enemies":"3 Sentries","floor":10,"turns":7},{"damage":6,"enemies":"2 Fungi Beasts","floor":11,"turns":5},{"damage":17,"enemies":"Gremlin Nob","floor":13,"turns":4}],"seed_played":"2506575333934262732","potions_obtained":[{"floor":4,"key":"Weak Potion"},{"floor":5,"key":"FearPotion"},{"floor":11,"key":"Strength Potion"},{"floor":12,"key":"Weak Potion"},{"floor":12,"key":"Energy Potion"}],"is_trial":false,"path_per_floor":["M","M","$","M","M","R","E","R","T","E","M","?","E"],"character_chosen":"THE_SILENT","items_purchased":["Noxious Fumes"],"campfire_rested":1,"item_purchase_floors":[3],"current_hp_per_floor":[69,59,59,59,56,56,12,33,33,21,15,15,0],"gold":102,"neow_bonus":"BOSS_RELIC","is_prod":false,"is_daily":false,"chose_seed":false,"campfire_upgraded":1,"win_rate":0,"timestamp":1545537163,"path_taken":["M","M","$","M","M","R","E","R","T","E","M","?","E"],"build_version":"2018-12-20","purchased_purges":1,"victory":false,"max_hp_per_floor":[70,70,70,70,70,70,70,70,70,70,70,70,70],"card_choices":[{"not_picked":["Underhanded Strike","Finisher"],"picked":"Outmaneuver","floor":1},{"not_picked":["Poisoned Stab","Calculated Gamble"],"picked":"Backflip","floor":2},{"not_picked":["Concentrate","Prepared"],"picked":"Deadly Poison","floor":4},{"not_picked":["Dash","Skewer"],"picked":"Blur","floor":5},{"not_picked":["Endless Agony","Cloak And Dagger"],"picked":"Catalyst","floor":7},{"not_picked":["Blade Dance","Terror"],"picked":"Poisoned Stab+1","floor":10},{"not_picked":["Underhanded Strike+1","Riddle With Holes+1"],"picked":"Acrobatics","floor":11}],"player_experience":158213,"relics_obtained":[{"floor":7,"key":"Molten Egg 2"},{"floor":7,"key":"Frozen Egg 2"},{"floor":10,"key":"Art of War"},{"floor":10,"key":"Bottled Flame"}],"event_choices":[{"damage_healed":0,"gold_gain":0,"player_choice":"Bought 2 Potions","damage_taken":0,"max_hp_gain":0,"max_hp_loss":0,"event_name":"The Woman in Blue","floor":12,"gold_loss":0}],"is_beta":false,"boss_relics":[],"items_purged_floors":[3],"is_endless":false,"potions_floor_spawned":[4,5,11],"killed_by":"Gremlin Nob","ascension_level":3}