{"gold_per_floor":[114,126,139,28,39,70,70,97,97,97,108,108,128,144,144,221,221,238,238,2,2,0,0,11,11,36,66,66,17,50,60,60,131,131,145,70,116,116,136,136,168,168,168,168,179,214,228,255,255,255],"floor_reached":51,"playtime":4982,"items_purged":["Strike_G+1"],"score":1331,"play_id":"a22f22c4-cf36-41f4-8127-a48496a79798","local_time":"20190430115756","is_ascension_mode":true,"campfire_choices":[{"floor":7.0,"key":"REST"},{"data":"Crippling Poison","floor":10.0,"key":"SMITH"},{"data":"Deadly Poison","floor":12.0,"key":"SMITH"},{"floor":15.0,"key":"REST"},{"data":"Footwork","floor":23.0,"key":"SMITH"},{"data":"Footwork","floor":25.0,"key":"SMITH"},{"data":"Well Laid Plans","floor":28.0,"key":"SMITH"},{"floor":32.0,"key":"REST"},{"data":"Catalyst","floor":40,"key":"SMITH"},{"data":"Dash","floor":42,"key":"SMITH"},{"data":"Dodge and Roll","floor":44,"key":"SMITH"},{"floor":49,"key":"REST"}],"neow_cost":"NONE","seed_source_timestamp":0,"circlet_count":0,"master_deck":["AscendersBane","Defend_G+1","Defend_G+1","Defend_G+1","Defend_G+1","Strike_G+1","Strike_G+1","Strike_G+1","Strike_G+1","Survivor","Neutralize","Poisoned Stab","Footwork+1","Deflect","Crippling Poison+1","Dash+1","Deadly Poison+1","Backflip","Dodge and Roll+1","Catalyst+1","Die Die Die","Well Laid Plans+1","Footwork+1","PiercingWail","PiercingWail+1","Caltrops+1","Crippling Poison"],"special_seed":0,"relics":["Ring of the Snake","Orichalcum","Pear","Blue Candle","Velvet Choker","Medical Kit","Nilry\u0027s Codex","Snake Skull","Pantograph","Centennial Puzzle","Du-Vu Doll","Regal Pillow","Mummified Hand","Molten Egg 2","Strawberry"],"potions_floor_usage":[39,48,50],"damage_taken":[{"damage":10.0,"enemies":"Cultist","floor":1.0,"turns":5.0},{"damage":6.0,"enemies":"Jaw Worm","floor":2.0,"turns":7.0},{"damage":7.0,"enemies":"2 Louse","floor":3.0,"turns":3.0},{"damage":1.0,"enemies":"Blue Slaver","floor":5.0,"turns":5.0},{"damage":12.0,"enemies":"Lagavulin","floor":6.0,"turns":5.0},{"damage":14.0,"enemies":"3 Sentries","floor":8.0,"turns":13.0},{"damage":8.0,"enemies":"Exordium Wildlife","floor":11.0,"turns":4.0},{"damage":6.0,"enemies":"2 Fungi Beasts","floor":13.0,"turns":4.0},{"damage":1.0,"enemies":"Red Slaver","floor":14.0,"turns":4.0},{"damage":31.0,"enemies":"The Guardian","floor":16.0,"turns":9.0},{"damage":10.0,"enemies":"Shell Parasite","floor":18.0,"turns":4.0},{"damage":0.0,"enemies":"3 Byrds","floor":24.0,"turns":3.0},{"damage":0.0,"enemies":"Book of Stabbing","floor":27.0,"turns":6.0},{"damage":33.0,"enemies":"Gremlin Leader","floor":30.0,"turns":7.0},{"damage":0.0,"enemies":"Centurion and Healer","floor":31.0,"turns":5.0},{"damage":42.0,"enemies":"Collector","floor":33.0,"turns":9.0},{"damage":1.0,"enemies":"Orb Walker","floor":35.0,"turns":5.0},{"damage":13,"enemies":"2 Orb Walkers","floor":37,"turns":8},{"damage":15,"enemies":"3 Darklings","floor":39,"turns":5},{"damage":4,"enemies":"Giant Head","floor":41,"turns":12},{"damage":15,"enemies":"Writhing Mass","floor":45,"turns":7},{"damage":2,"enemies":"Reptomancer","floor":46,"turns":6},{"damage":0,"enemies":"Maw","floor":47,"turns":6},{"damage":10,"enemies":"Nemesis","floor":48,"turns":7},{"damage":44,"enemies":"Time Eater","floor":50,"turns":14}],"seed_played":"-1487048566115539025","potions_obtained":[{"floor":0.0,"key":"PowerPotion"},{"floor":0.0,"key":"Block Potion"},{"floor":2.0,"key":"Strength Potion"},{"floor":11.0,"key":"Regen Potion"},{"floor":16.0,"key":"LiquidBronze"},{"floor":27.0,"key":"Regen Potion"},{"floor":30.0,"key":"Swift Potion"},{"floor":31.0,"key":"Strength Potion"},{"floor":37,"key":"Explosive Potion"},{"floor":41,"key":"Energy Potion"},{"floor":46,"key":"SpeedPotion"},{"floor":48,"key":"Poison Potion"}],"is_trial":false,"path_per_floor":["M","M","M","$","M","E","R","E","T","R","M","R","M","M","R","B",null,"M","?","$","?","?","R","M","R","T","E","R","$","E","M","R","B",null,"M","$","?","?","M","R","E","R","T","R","M","E","M","E","R","B",null],"character_chosen":"THE_SILENT","items_purchased":["Crippling Poison","Dash","Medical Kit","Footwork","PowerPotion"],"campfire_rested":4,"item_purchase_floors":[4,4,20,20,29],"current_hp_per_floor":[49,43,36,36,35,23,42,38,38,38,30,30,24,23,45,14,61,65,65,65,49,49,49,49,49,49,49,49,49,31,31,53,34,66,65,65,52,52,37,37,33,33,33,33,18,16,16,13,52,33],"gold":255,"neow_bonus":"THREE_SMALL_POTIONS","is_prod":false,"is_daily":false,"chose_seed":false,"campfire_upgraded":8,"win_rate":0,"timestamp":1556618276,"path_taken":["M","M","M","$","M","E","R","E","T","R","M","R","M","M","R","BOSS","M","?","$","?","?","R","M","R","T","E","R","?","E","M","R","BOSS","M","$","?","?","M","R","E","R","T","R","M","E","M","E","R","BOSS"],"build_version":"2019-01-23","purchased_purges":1,"victory":true,"max_hp_per_floor":[66,66,66,66,66,66,66,76,76,76,76,76,76,76,76,76,76,76,76,76,76,76,76,76,76,76,76,76,76,76,76,76,76,76,76,76,76,76,76,76,76,76,76,76,76,76,76,83,83,83],"card_choices":[{"not_picked":["Accuracy","Dagger Throw"],"picked":"Poisoned Stab","floor":1.0},{"not_picked":["Deadly Poison","Finisher"],"picked":"Footwork","floor":2.0},{"not_picked":["Masterful Stab","Heel Hook"],"picked":"Deflect","floor":3.0},{"not_picked":["Riddle With Holes","Dagger Throw","Wraith Form v2"],"picked":"SKIP","floor":5.0},{"not_picked":["Outmaneuver","Reflex"],"picked":"Deadly Poison","floor":6.0},{"not_picked":["Acrobatics","Heel Hook","Distraction"],"picked":"SKIP","floor":8.0},{"not_picked":["Poisoned Stab","Concentrate"],"picked":"Backflip","floor":11.0},{"not_picked":["Escape Plan","Eviscerate"],"picked":"Dodge and Roll","floor":13.0},{"not_picked":["Flying Knee","Backflip"],"picked":"Catalyst","floor":14.0},{"not_picked":["Doppelganger","Storm of Steel"],"picked":"Die Die Die","floor":16.0},{"not_picked":["Cloak And Dagger","Outmaneuver"],"picked":"Well Laid Plans","floor":18.0},{"not_picked":["Backflip","Deadly Poison","Blade Dance"],"picked":"SKIP","floor":24.0},{"not_picked":["Endless Agony","Grand Finale"],"picked":"PiercingWail","floor":27.0},{"not_picked":["Masterful Stab","Underhanded Strike","Outmaneuver"],"picked":"SKIP","floor":30.0},{"not_picked":["Masterful Stab","Quick Slash","Deadly Poison"],"picked":"SKIP","floor":31.0},{"not_picked":["Sucker Punch","Eviscerate"],"picked":"PiercingWail+1","floor":35.0},{"not_picked":["Outmaneuver","Dagger Throw+1"],"picked":"Caltrops+1","floor":39},{"not_picked":["Bullet Time","Dagger Spray","Backflip"],"picked":"SKIP","floor":41},{"not_picked":["Reflex","Prepared","Infinite Blades"],"picked":"SKIP","floor":45},{"not_picked":["All Out Attack","Predator"],"picked":"Crippling Poison","floor":46},{"not_picked":["Accuracy+1","Infinite Blades","Flying Knee+1"],"picked":"SKIP","floor":47},{"not_picked":["Flying Knee+1","Blade Dance","Cloak And Dagger"],"picked":"SKIP","floor":48}],"player_experience":570392,"relics_obtained":[{"floor":6.0,"key":"Orichalcum"},{"floor":8.0,"key":"Pear"},{"floor":9.0,"key":"Blue Candle"},{"floor":21.0,"key":"Nilry\u0027s Codex"},{"floor":26.0,"key":"Snake Skull"},{"floor":27.0,"key":"Pantograph"},{"floor":30.0,"key":"Centennial Puzzle"},{"floor":37,"key":"Du-Vu Doll"},{"floor":41,"key":"Regal Pillow"},{"floor":43,"key":"Mummified Hand"},{"floor":46,"key":"Molten Egg 2"},{"floor":48,"key":"Strawberry"}],"event_choices":[{"damage_healed":0.0,"max_hp_gain":0.0,"max_hp_loss":0.0,"gold_gain":0.0,"event_name":"Back to Basics","player_choice":"Simplicity","floor":19.0,"gold_loss":0.0,"damage_taken":0.0,"cards_upgraded":["Defend_G","Defend_G","Defend_G","Defend_G","Defend_G","Strike_G","Strike_G","Strike_G","Strike_G","Strike_G"]},{"damage_healed":0.0,"max_hp_gain":0.0,"max_hp_loss":0.0,"gold_gain":0.0,"event_name":"Cursed Tome","player_choice":"Obtained Book","floor":21.0,"gold_loss":0.0,"damage_taken":16.0},{"damage_healed":0.0,"max_hp_gain":0.0,"max_hp_loss":0.0,"gold_gain":0.0,"event_name":"Masked Bandits","player_choice":"Paid Fearfully","floor":22.0,"gold_loss":2.0,"damage_taken":0.0},{"damage_healed":0,"gold_gain":0,"player_choice":"Fight","damage_taken":0,"max_hp_gain":0,"max_hp_loss":0,"event_name":"Mysterious Sphere","floor":37,"gold_loss":0},{"cards_removed":["Defend_G"],"damage_healed":0,"gold_gain":0,"player_choice":"Removed Skill","damage_taken":0,"max_hp_gain":0,"max_hp_loss":0,"event_name":"Falling","floor":38,"gold_loss":0}],"is_beta":false,"boss_relics":[{"not_picked":["Runic Dome","Astrolabe"],"picked":"Velvet Choker"},{"not_picked":["Fusion Hammer","Snecko Eye","HoveringKite"]}],"items_purged_floors":[36],"is_endless":false,"potions_floor_spawned":[2,5,11,16,27,30,31,37,41,46,48],"ascension_level":14}