{"gold_per_floor":[112,127,127,146,221,221,221,38,38,38,57,27,27,44,44,44],"floor_reached":16,"playtime":613,"items_purged":["Defend_G"],"score":144,"play_id":"28a48ac2-84ee-4165-9129-4726f4ee9912","local_time":"20190331183414","is_ascension_mode":true,"campfire_choices":[{"data":"Blur","floor":6,"key":"SMITH"},{"data":"Footwork","floor":15,"key":"SMITH"}],"neow_cost":"NONE","seed_source_timestamp":1595191342017100,"circlet_count":0,"master_deck":["AscendersBane","Defend_G","Defend_G","Defend_G","Strike_G","Strike_G","Strike_G","Strike_G","Survivor","Neutralize","Blur+1","PiercingWail","Footwork+1","Blur","Wraith Form v2","Parasite"],"relics":["Ring of the Snake","Peace Pipe"],"potions_floor_usage":[11],"damage_taken":[{"damage":2,"enemies":"Jaw Worm","floor":1,"turns":6},{"damage":2,"enemies":"Small Slimes","floor":2,"turns":4},{"damage":3,"enemies":"2 Louse","floor":4,"turns":4},{"damage":12,"enemies":"Gremlin Gang","floor":11,"turns":5},{"damage":0,"enemies":"Looter","floor":12,"turns":4},{"damage":3,"enemies":"Large Slime","floor":14,"turns":14},{"damage":1,"enemies":"The Guardian","floor":16,"turns":6}],"seed_played":"-2324932037943627416","potions_obtained":[{"floor":7,"key":"FairyPotion"},{"floor":7,"key":"Explosive Potion"},{"floor":11,"key":"GhostInAJar"}],"is_trial":false,"path_per_floor":["M","M","?","M","?","R","?","$","T","$","M","M","?","M","R","B"],"character_chosen":"THE_SILENT","items_purchased":["Footwork","Blur"],"campfire_rested":0,"item_purchase_floors":[8,8],"current_hp_per_floor":[61,59,52,49,38,38,38,38,38,38,26,26,43,40,40,39],"gold":44,"neow_bonus":"REMOVE_CARD","is_prod":false,"is_daily":false,"chose_seed":false,"campfire_upgraded":2,"win_rate":0,"timestamp":1554082454,"path_taken":["M","M","?","M","?","R","?","$","T","$","?","M","?","M","R","BOSS"],"build_version":"2019-01-23","purchased_purges":1,"victory":false,"max_hp_per_floor":[70,70,70,70,70,70,70,70,70,70,70,70,70,70,70,70],"card_choices":[{"not_picked":["Blade Dance","Bane","Acrobatics"],"picked":"SKIP","floor":1},{"not_picked":["Dodge and Roll","Dagger Spray"],"picked":"Blur","floor":2},{"not_picked":["Cloak And Dagger","Dodge and Roll"],"picked":"PiercingWail","floor":4},{"not_picked":["PiercingWail","Dodge and Roll"],"picked":"Wraith Form v2","floor":11},{"not_picked":["Dagger Throw","Outmaneuver","PiercingWail"],"picked":"SKIP","floor":12},{"not_picked":["Dagger Spray","Expertise","Sucker Punch"],"picked":"SKIP","floor":14}],"player_experience":547010,"relics_obtained":[{"floor":9,"key":"Peace Pipe"}],"event_choices":[{"cards_removed":["Defend_G"],"damage_healed":0,"gold_gain":0,"player_choice":"Card Removal","damage_taken":7,"max_hp_gain":0,"max_hp_loss":0,"event_name":"Golden Wing","floor":3,"gold_loss":0},{"damage_healed":0,"gold_gain":75,"player_choice":"Gather Gold","damage_taken":11,"max_hp_gain":0,"max_hp_loss":0,"event_name":"World of Goop","floor":5,"gold_loss":0},{"damage_healed":0,"gold_gain":0,"player_choice":"Got Potions","damage_taken":0,"max_hp_gain":0,"max_hp_loss":0,"event_name":"Lab","floor":7,"gold_loss":0},{"damage_healed":17,"gold_gain":0,"player_choice":"Healed and dodged fight","damage_taken":0,"max_hp_gain":0,"max_hp_loss":0,"event_name":"Mushrooms","floor":13,"gold_loss":0,"cards_obtained":["Parasite"]}],"is_beta":false,"boss_relics":[],"items_purged_floors":[8],"is_endless":false,"potions_floor_spawned":[11],"killed_by":"The Guardian","ascension_level":12}