{"gold_per_floor":[113,128,22,22,22,56,56,70,70,87,102,131,231,231],"floor_reached":14,"playtime":965,"items_purged":[],"score":115,"play_id":"595c7624-1399-4413-8e74-4085151414d7","local_time":"20181222192316","is_ascension_mode":true,"campfire_choices":[{"floor":7,"key":"REST"}],"neow_cost":"PERCENT_DAMAGE","seed_source_timestamp":129361211243281,"circlet_count":0,"master_deck":["Defend_G","Defend_G","Defend_G","Defend_G","Defend_G","Strike_G","Strike_G","Strike_G","Strike_G","Strike_G","Survivor","Neutralize","Venomology+1","Backflip","Blade Dance","Finisher","Infinite Blades","Blade Dance","Outmaneuver","Blur","Leg Sweep","Cloak And Dagger"],"relics":["Ring of the Snake","The Courier","Ice Cream","Juzu Bracelet","Sundial"],"potions_floor_usage":[1,2,6,8,10,11,11,11,11,12,12,14,14],"damage_taken":[{"damage":0,"enemies":"2 Louse","floor":1,"turns":3},{"damage":1,"enemies":"Small Slimes","floor":2,"turns":3},{"damage":25,"enemies":"3 Sentries","floor":6,"turns":7},{"damage":0,"enemies":"Cultist","floor":8,"turns":1},{"damage":11,"enemies":"Exordium Thugs","floor":10,"turns":4},{"damage":4,"enemies":"Lots of Slimes","floor":11,"turns":5},{"damage":5,"enemies":"Lagavulin","floor":12,"turns":9},{"damage":13,"enemies":"Large Slime","floor":14,"turns":2}],"seed_played":"3825170616852708184","potions_obtained":[{"floor":1,"key":"GhostInAJar"},{"floor":6,"key":"SpeedPotion"},{"floor":12,"key":"SkillPotion"}],"is_trial":false,"path_per_floor":["M","M","$","?","?","E","R","M","T","M","M","E","?","M"],"character_chosen":"THE_SILENT","items_purchased":["Finisher","Infinite Blades"],"campfire_rested":1,"item_purchase_floors":[3,3],"current_hp_per_floor":[49,48,48,30,30,5,26,26,26,15,11,6,6,0],"gold":231,"neow_bonus":"THREE_RARE_CARDS","is_prod":false,"is_daily":false,"chose_seed":false,"campfire_upgraded":0,"win_rate":0,"timestamp":1545535396,"path_taken":["M","M","$","?","?","E","R","M","T","M","M","E","?","M"],"build_version":"2018-12-20","purchased_purges":0,"victory":false,"max_hp_per_floor":[70,70,70,70,70,70,70,70,70,70,70,70,70,70],"card_choices":[{"not_picked":["Burst","After Image"],"picked":"Venomology","floor":0},{"not_picked":["Cloak And Dagger","Acrobatics"],"picked":"Backflip","floor":1},{"not_picked":["Slice","Dagger Spray"],"picked":"Blade Dance","floor":2},{"not_picked":["Riddle With Holes","Deflect"],"picked":"Blade Dance","floor":6},{"not_picked":["Backflip","PiercingWail"],"picked":"Outmaneuver","floor":8},{"not_picked":["Slice","Infinite Blades"],"picked":"Blur","floor":10},{"not_picked":["Prepared","Poisoned Stab"],"picked":"Leg Sweep","floor":11},{"not_picked":["Eviscerate","Riddle With Holes"],"picked":"Cloak And Dagger","floor":12}],"player_experience":156452,"relics_obtained":[{"floor":6,"key":"Ice Cream"},{"floor":9,"key":"Juzu Bracelet"},{"floor":12,"key":"Sundial"}],"event_choices":[{"damage_healed":0,"gold_gain":0,"player_choice":"Success","damage_taken":18,"relics_obtained":["The Courier"],"max_hp_gain":0,"max_hp_loss":0,"event_name":"Scrap Ooze","floor":4,"gold_loss":0},{"damage_healed":0,"gold_gain":0,"player_choice":"Upgraded","damage_taken":0,"max_hp_gain":0,"max_hp_loss":0,"event_name":"Upgrade Shrine","floor":5,"gold_loss":0,"cards_upgraded":["Venomology"]},{"damage_healed":0,"gold_gain":100,"player_choice":"Pray","damage_taken":0,"max_hp_gain":0,"max_hp_loss":0,"event_name":"Golden Shrine","floor":13,"gold_loss":0}],"is_beta":false,"boss_relics":[],"items_purged_floors":[],"is_endless":false,"potions_floor_spawned":[1,6,12],"killed_by":"Large Slime","ascension_level":3}