{"gold_per_floor":[114,36,36,51,66,66,81,96,171,171,186,187,187,202,202,302,302,317,317,317,332,257,287,287,287,312,312,87,102,102,102,102,202,202,217,217,232,332,82,82,97,97,97,112,127,142,157,187,187,187],"floor_reached":51,"playtime":3232,"items_purged":["Sever Soul"],"score":714,"play_id":"5b7a3dda-0d88-483d-937a-9ff59e0b67c5","local_time":"20190324223123","daily_mods":["Specialized","Red Cards","Binary"],"is_ascension_mode":false,"campfire_choices":[{"data":"Armaments","floor":6,"key":"SMITH"},{"data":"Crippling Poison","floor":13,"key":"SMITH"},{"floor":15,"key":"REST"},{"data":"RitualDagger","floor":24,"key":"SMITH"},{"data":"Spot Weakness","floor":27,"key":"SMITH"},{"floor":32,"key":"REST"},{"data":"Crippling Poison","floor":40,"key":"SMITH"},{"floor":42,"key":"REST"},{"floor":49,"key":"REST"}],"neow_cost":"","seed_source_timestamp":0,"circlet_count":0,"master_deck":["Survivor","Neutralize","After Image","After Image","After Image","After Image","After Image","Crippling Poison+1","Armaments+1","Bouncing Flask","Backflip","Body Slam","Immolate","RitualDagger+1","Spot Weakness+1","Seeing Red+1","Bullet Time","Rupture","Calculated Gamble","Finisher","Quick Slash","Heel Hook","Exhume","Blade Dance+1","Dash","Crippling Poison+1"],"special_seed":17980,"relics":["Ring of the Snake","Pear","Odd Mushroom","Sozu","Strawberry","The Specimen","Lantern","Omamori","Pandora\u0027s Box","Bird Faced Urn","Mummified Hand","Anchor","Bottled Flame"],"potions_floor_usage":[8,21,50,50],"damage_taken":[{"damage":3,"enemies":"Jaw Worm","floor":1,"turns":7},{"damage":0,"enemies":"Cultist","floor":4,"turns":6},{"damage":3,"enemies":"Small Slimes","floor":5,"turns":6},{"damage":5,"enemies":"2 Fungi Beasts","floor":7,"turns":6},{"damage":0,"enemies":"Large Slime","floor":8,"turns":9},{"damage":7,"enemies":"Exordium Wildlife","floor":11,"turns":6},{"damage":23,"enemies":"The Mushroom Lair","floor":12,"turns":7},{"damage":11,"enemies":"3 Louse","floor":14,"turns":2},{"damage":50,"enemies":"Slime Boss","floor":16,"turns":23},{"damage":0,"enemies":"Spheric Guardian","floor":18,"turns":6},{"damage":26,"enemies":"3 Byrds","floor":21,"turns":5},{"damage":13,"enemies":"Gremlin Leader","floor":23,"turns":7},{"damage":6,"enemies":"3 Cultists","floor":29,"turns":5},{"damage":20,"enemies":"Automaton","floor":33,"turns":16},{"damage":21,"enemies":"Orb Walker","floor":35,"turns":4},{"damage":3,"enemies":"3 Darklings","floor":37,"turns":5},{"damage":14,"enemies":"Mind Bloom Boss Battle","floor":38,"turns":7},{"damage":32,"enemies":"Writhing Mass","floor":41,"turns":7},{"damage":0,"enemies":"Jaw Worm Horde","floor":44,"turns":3},{"damage":0,"enemies":"3 Darklings","floor":45,"turns":4},{"damage":3,"enemies":"4 Shapes","floor":46,"turns":3},{"damage":0,"enemies":"Transient","floor":47,"turns":5},{"damage":23,"enemies":"Nemesis","floor":48,"turns":7},{"damage":16,"enemies":"Donu and Deca","floor":50,"turns":9}],"seed_played":"7193510018301327522","potions_obtained":[{"floor":4,"key":"Swift Potion"},{"floor":7,"key":"Strength Potion"},{"floor":11,"key":"Poison Potion"},{"floor":14,"key":"Ancient Potion"}],"is_trial":false,"path_per_floor":["M","$","?","M","M","R","M","M","T","?","M","?","R","M","R","B",null,"M","?","?","M","?","E","R","?","T","R","$","M","?","$","R","B",null,"M","?","M","?","$","R","M","R","T","M","M","M","M","E","R","B",null],"character_chosen":"THE_SILENT","items_purchased":["Crippling Poison","Omamori","Mummified Hand"],"campfire_rested":4,"item_purchase_floors":[2,28,39],"current_hp_per_floor":[67,67,72,72,69,69,64,64,74,74,67,44,44,33,58,8,85,85,79,86,60,60,47,47,47,47,47,47,41,41,41,68,48,92,71,71,68,54,54,54,34,61,61,69,79,82,92,73,92,79],"gold":187,"neow_bonus":"","is_prod":false,"is_daily":true,"chose_seed":false,"campfire_upgraded":5,"win_rate":0,"timestamp":1553491883,"path_taken":["M","$","?","M","M","R","M","M","T","?","?","?","R","M","R","BOSS","M","?","?","M","?","E","R","?","T","R","$","?","?","$","R","BOSS","M","?","?","?","$","R","M","R","T","M","M","M","M","E","R","BOSS"],"build_version":"2019-01-23","purchased_purges":1,"victory":true,"max_hp_per_floor":[70,70,75,75,75,75,75,75,85,85,85,85,85,85,85,85,85,85,85,92,92,92,92,92,92,92,92,92,92,92,92,92,92,92,92,92,92,92,92,92,92,92,92,92,92,92,92,92,92,92],"card_choices":[{"not_picked":["Havoc","Perfected Strike"],"picked":"SKIP","floor":1},{"not_picked":["Pommel Strike","Sever Soul"],"picked":"SKIP","floor":4},{"not_picked":["Wild Strike"],"picked":"Armaments","floor":5},{"not_picked":["Heel Hook","Underhanded Strike"],"picked":"SKIP","floor":7},{"not_picked":["Distraction"],"picked":"Bouncing Flask","floor":8},{"not_picked":["Burning Pact"],"picked":"Backflip","floor":11},{"not_picked":["Flex"],"picked":"Body Slam","floor":14},{"not_picked":["Brutality"],"picked":"Immolate","floor":16},{"not_picked":["Sucker Punch","Choke"],"picked":"SKIP","floor":18},{"not_picked":["PiercingWail","Deadly Poison"],"picked":"SKIP","floor":21},{"not_picked":["Sword Boomerang+1","Armaments"],"picked":"SKIP","floor":23},{"not_picked":["Thunderclap"],"picked":"Seeing Red+1","floor":29},{"not_picked":["Wraith Form v2"],"picked":"Bullet Time","floor":33},{"not_picked":["True Grit"],"picked":"Blade Dance+1","floor":35},{"not_picked":["Sucker Punch+1"],"picked":"Crippling Poison","floor":37},{"not_picked":["Bane","Shrug It Off"],"picked":"SKIP","floor":41},{"not_picked":["Doppelganger","Dagger Throw+1"],"picked":"SKIP","floor":44},{"not_picked":["Doppelganger","Dagger Throw+1"],"picked":"SKIP","floor":44},{"not_picked":["Warcry","Masterful Stab+1"],"picked":"SKIP","floor":45},{"not_picked":["Power Through","Infernal Blade+1"],"picked":"SKIP","floor":46},{"not_picked":["Finisher","Outmaneuver+1"],"picked":"SKIP","floor":47},{"not_picked":["Iron Wave+1","Sword Boomerang"],"picked":"SKIP","floor":48},{"not_picked":["Iron Wave+1","Sword Boomerang"],"picked":"SKIP","floor":48}],"player_experience":537022,"relics_obtained":[{"floor":9,"key":"Pear"},{"floor":12,"key":"Odd Mushroom"},{"floor":23,"key":"The Specimen"},{"floor":26,"key":"Lantern"},{"floor":38,"key":"Bird Faced Urn"},{"floor":43,"key":"Anchor"},{"floor":48,"key":"Bottled Flame"}],"event_choices":[{"damage_healed":0,"gold_gain":0,"player_choice":"Donut","damage_taken":0,"max_hp_gain":5,"max_hp_loss":0,"event_name":"Big Fish","floor":3,"gold_loss":0},{"cards_removed":["Strike_G"],"damage_healed":0,"gold_gain":0,"player_choice":"Offered Basic","damage_taken":0,"max_hp_gain":0,"max_hp_loss":0,"event_name":"Bonfire Elementals","floor":10,"gold_loss":0},{"damage_healed":0,"gold_gain":0,"player_choice":"Fought Mushrooms","damage_taken":0,"max_hp_gain":0,"max_hp_loss":0,"event_name":"Mushrooms","floor":12,"gold_loss":0},{"damage_healed":0,"gold_gain":0,"player_choice":"Joined the Cult","damage_taken":6,"max_hp_gain":0,"max_hp_loss":0,"event_name":"Nest","floor":19,"gold_loss":0,"cards_obtained":["RitualDagger"]},{"damage_healed":0,"gold_gain":0,"player_choice":"Opened","damage_taken":0,"relics_obtained":["Strawberry"],"max_hp_gain":0,"max_hp_loss":0,"event_name":"The Mausoleum","floor":20,"gold_loss":0},{"cards_removed":["Strike_G"],"damage_healed":0,"gold_gain":0,"player_choice":"Gave Gold","damage_taken":0,"max_hp_gain":0,"max_hp_loss":0,"event_name":"Beggar","floor":22,"gold_loss":75},{"damage_healed":0,"gold_gain":0,"cards_transformed":["Strike_G","Strike_G"],"player_choice":"Became Test Subject","damage_taken":0,"max_hp_gain":0,"max_hp_loss":0,"event_name":"Drug Dealer","floor":25,"gold_loss":0,"cards_obtained":["Sever Soul","Spot Weakness"]},{"damage_healed":0,"gold_gain":0,"player_choice":"Ignored","damage_taken":0,"max_hp_gain":0,"max_hp_loss":0,"event_name":"Ghosts","floor":30,"gold_loss":0},{"damage_healed":0,"gold_gain":0,"player_choice":"1 cards matched","damage_taken":0,"max_hp_gain":0,"max_hp_loss":0,"event_name":"Match and Keep!","floor":36,"gold_loss":0,"cards_obtained":["Dash"]},{"damage_healed":0,"gold_gain":0,"player_choice":"Fight","damage_taken":0,"max_hp_gain":0,"max_hp_loss":0,"event_name":"MindBloom","floor":38,"gold_loss":0}],"is_beta":false,"boss_relics":[{"not_picked":["Tiny House","Runic Dome"],"picked":"Sozu"},{"not_picked":["Lizard Tail","Philosopher\u0027s Stone"],"picked":"Pandora\u0027s Box"}],"items_purged_floors":[28],"is_endless":false,"potions_floor_spawned":[4,7,11,14,18,33,37,41,44,46],"ascension_level":0}