{"gold_per_floor":[109,34,54,54,4,4,4,4,4,4,31,42,42,67,67,67],"floor_reached":16,"playtime":459,"items_purged":["Regret"],"score":138,"play_id":"88f7c063-7fde-4f32-905d-70b621f190b0","local_time":"20190104220731","is_ascension_mode":true,"campfire_choices":[{"data":"Deadly Poison","floor":6,"key":"SMITH"},{"data":"Poisoned Stab","floor":8,"key":"SMITH"},{"data":"Neutralize","floor":10,"key":"SMITH"},{"floor":13,"key":"REST"},{"data":"Bane","floor":15,"key":"SMITH"}],"neow_cost":"CURSE","seed_source_timestamp":1262923278982806,"circlet_count":0,"master_deck":["Defend_G","Defend_G","Defend_G","Defend_G","Defend_G","Strike_G","Strike_G","Strike_G","Strike_G","Survivor","Neutralize+1","Deadly Poison+1","Poisoned Stab+1","Bane+1"],"relics":["Ring of the Snake","Gambling Chip","Mummified Hand","The Courier","Frozen Egg 2"],"potions_floor_usage":[11,14,16],"damage_taken":[{"damage":11,"enemies":"Jaw Worm","floor":1,"turns":6},{"damage":5,"enemies":"2 Louse","floor":3,"turns":3},{"damage":26,"enemies":"Lagavulin","floor":11,"turns":6},{"damage":0,"enemies":"Small Slimes","floor":12,"turns":2},{"damage":12,"enemies":"Gremlin Nob","floor":14,"turns":4},{"damage":34,"enemies":"Slime Boss","floor":16,"turns":5}],"seed_played":"-1720549270026526486","potions_obtained":[{"floor":1,"key":"Dexterity Potion"},{"floor":11,"key":"Block Potion"},{"floor":14,"key":"Poison Potion"}],"is_trial":false,"path_per_floor":["M","$","M","$","?","R","$","R","T","R","E","M","R","E","R","B"],"character_chosen":"THE_SILENT","items_purchased":[],"campfire_rested":1,"item_purchase_floors":[],"current_hp_per_floor":[52,52,47,47,47,47,47,47,47,47,21,21,42,30,30,0],"gold":67,"neow_bonus":"ONE_RARE_RELIC","is_prod":false,"is_daily":false,"chose_seed":false,"campfire_upgraded":4,"win_rate":0,"timestamp":1546668451,"path_taken":["M","$","M","$","?","R","$","R","T","R","E","M","R","E","R","BOSS"],"build_version":"2019-01-03v4","purchased_purges":1,"victory":false,"max_hp_per_floor":[70,70,70,70,70,70,70,70,70,70,70,70,70,70,70,70],"card_choices":[{"not_picked":["Escape Plan","PiercingWail"],"picked":"Deadly Poison","floor":1},{"not_picked":["Quick Slash","PiercingWail"],"picked":"Poisoned Stab","floor":3},{"not_picked":["Setup","Slice","Flying Knee"],"picked":"SKIP","floor":11},{"not_picked":["Dagger Spray","Sucker Punch","Heel Hook"],"picked":"SKIP","floor":12},{"not_picked":["Sucker Punch","Underhanded Strike"],"picked":"Bane","floor":14}],"player_experience":268268,"relics_obtained":[{"floor":9,"key":"Mummified Hand"},{"floor":11,"key":"The Courier"},{"floor":14,"key":"Frozen Egg 2"}],"event_choices":[{"cards_removed":["Strike_G"],"damage_healed":0,"gold_gain":0,"player_choice":"Card Removal","damage_taken":0,"max_hp_gain":0,"max_hp_loss":0,"event_name":"The Cleric","floor":5,"gold_loss":50}],"is_beta":false,"boss_relics":[],"items_purged_floors":[2],"is_endless":false,"potions_floor_spawned":[1,11,14],"killed_by":"Slime Boss","ascension_level":6}