{"gold_per_floor":[114,189,189,72,72,72,105,105,105,128,148,17,17,40,40,168,168,168,168,168],"floor_reached":20,"playtime":1480,"items_purged":[],"score":160,"play_id":"daa2abe0-e4e4-4484-9bdf-8639ba90133f","local_time":"20181203193343","is_ascension_mode":false,"campfire_choices":[{"data":"Footwork","floor":6,"key":"SMITH"},{"data":"Flying Knee","floor":8,"key":"SMITH"},{"data":"Noxious Fumes","floor":13,"key":"SMITH"},{"data":"Blade Dance","floor":15,"key":"SMITH"}],"neow_cost":"NONE","seed_source_timestamp":1677677648502843,"circlet_count":0,"master_deck":["Defend_G","Defend_G","Defend_G","Defend_G","Defend_G+1","Strike_G","Strike_G","Strike_G","Strike_G","Strike_G","Survivor","Neutralize+1","Dagger Throw","Footwork+1","Finisher","Flying Knee+1","Deflect","Noxious Fumes+1","Outmaneuver","Blade Dance+1","Wraith Form v2","Terror","Deflect"],"relics":["Eternal Feather","Golden Idol","Odd Mushroom","Gremlin Horn","Potion Belt","Ectoplasm"],"potions_floor_usage":[20,20],"damage_taken":[{"damage":1,"enemies":"Jaw Worm","floor":1,"turns":5},{"damage":26,"enemies":"The Mushroom Lair","floor":7,"turns":6},{"damage":0,"enemies":"Small Slimes","floor":11,"turns":3},{"damage":0,"enemies":"2 Louse","floor":14,"turns":2},{"damage":16,"enemies":"Slime Boss","floor":16,"turns":9},{"damage":2,"enemies":"Chosen","floor":18,"turns":6},{"damage":16,"enemies":"3 Byrds","floor":19,"turns":5},{"damage":31,"enemies":"Colosseum Slavers","floor":20,"turns":5},{"damage":35,"enemies":"Colosseum Nobs","floor":20,"turns":5}],"seed_played":"3898203264417654936","potions_obtained":[{"floor":16,"key":"Explosive Potion"},{"floor":18,"key":"SpeedPotion"}],"is_trial":false,"path_per_floor":["M","?","?","$","?","R","?","R","T","T","M","$","R","M","R","B",null,"M","M","?"],"character_chosen":"THE_SILENT","items_purchased":["Footwork","Finisher","Noxious Fumes","Outmaneuver"],"campfire_rested":0,"item_purchase_floors":[4,4,12,12],"current_hp_per_floor":[69,58,44,44,27,36,10,19,19,19,19,19,28,28,40,24,70,68,52,0],"gold":168,"neow_bonus":"BOSS_RELIC","is_prod":false,"is_daily":false,"chose_seed":false,"campfire_upgraded":4,"win_rate":0.0,"timestamp":1543894423,"path_taken":["M","?","?","$","?","R","?","R","T","?","M","$","R","M","R","BOSS","M","?","?"],"build_version":"2018-11-15","purchased_purges":0,"victory":false,"max_hp_per_floor":[70,70,70,70,70,70,70,70,70,70,70,70,70,70,70,70,70,70,70,70],"card_choices":[{"not_picked":["Slice","Prepared"],"picked":"Dagger Throw","floor":1},{"not_picked":["Blade Dance","Choke"],"picked":"Flying Knee","floor":7},{"not_picked":["PiercingWail","Dodge and Roll"],"picked":"Deflect","floor":11},{"not_picked":["Flechettes","Prepared"],"picked":"Blade Dance","floor":14},{"not_picked":["Grand Finale","Night Terror"],"picked":"Wraith Form v2","floor":16},{"not_picked":["Escape Plan","PiercingWail"],"picked":"Terror","floor":18},{"not_picked":["Slice+1","Dodge and Roll+1"],"picked":"Deflect","floor":19}],"player_experience":79878,"relics_obtained":[{"floor":7,"key":"Odd Mushroom"},{"floor":9,"key":"Gremlin Horn"},{"floor":10,"key":"Potion Belt"}],"event_choices":[{"damage_healed":0,"gold_gain":75,"player_choice":"Gather Gold","damage_taken":11,"max_hp_gain":0,"max_hp_loss":0,"event_name":"World of Goop","floor":2,"gold_loss":0},{"damage_healed":0,"gold_gain":0,"player_choice":"Entered Light","damage_taken":14,"max_hp_gain":0,"max_hp_loss":0,"event_name":"Shining Light","floor":3,"gold_loss":0,"cards_upgraded":["Defend_G","Neutralize"]},{"damage_healed":0,"gold_gain":0,"player_choice":"Take Damage","damage_taken":17,"relics_obtained":["Golden Idol"],"max_hp_gain":0,"max_hp_loss":0,"event_name":"Golden Idol","floor":5,"gold_loss":0},{"damage_healed":0,"gold_gain":0,"player_choice":"Fought Mushrooms","damage_taken":0,"max_hp_gain":0,"max_hp_loss":0,"event_name":"Mushrooms","floor":7,"gold_loss":0},{"damage_healed":0,"gold_gain":0,"player_choice":"Fight","damage_taken":0,"max_hp_gain":0,"max_hp_loss":0,"event_name":"Colosseum","floor":20,"gold_loss":0},{"damage_healed":0,"gold_gain":0,"player_choice":"Fought Nobs","damage_taken":0,"max_hp_gain":0,"max_hp_loss":0,"event_name":"Colosseum","floor":20,"gold_loss":0}],"is_beta":false,"boss_relics":[{"not_picked":["Runic Pyramid","HoveringKite"],"picked":"Ectoplasm"}],"items_purged_floors":[],"is_endless":false,"potions_floor_spawned":[16,18,20],"killed_by":"Colosseum Nobs","ascension_level":0}