{"gold_per_floor":[114,124,15,15,15,42,42,70,125,125,136,136,165,165,165,285,285,309,309,329,18,43,62,62,77,77,100,100,116,157,23,23,148,148,164,164,187,35,103,137,155,280,330,330,343,363,363,401,413,425,437,449,49,92,92],"floor_reached":56,"playtime":7815,"items_purged":["Strike_B","Strike_B","Strike_B"],"score":1683,"play_id":"df0818fd-feb4-4424-93bc-c1810ac0ecaf","local_time":"20190422001526","is_ascension_mode":true,"campfire_choices":[{"data":"Defragment","floor":7.0,"key":"SMITH"},{"floor":15.0,"key":"REST"},{"floor":24.0,"key":"REST"},{"data":"Creative AI","floor":28.0,"key":"SMITH"},{"data":"Coolheaded","floor":32.0,"key":"SMITH"},{"floor":44.0,"key":"RECALL"},{"data":"Biased Cognition","floor":47.0,"key":"SMITH"},{"data":"Biased Cognition","floor":49.0,"key":"SMITH"},{"data":"Zap","floor":52.0,"key":"SMITH"}],"neow_cost":"NONE","seed_source_timestamp":0,"circlet_count":0,"master_deck":["Defend_B","Defend_B","Defend_B","Defend_B","Zap+1","Dualcast","Streamline","BootSequence","Defragment+1","Coolheaded+1","Sweeping Beam","Genetic Algorithm","Steam","Creative AI+1","White Noise+1","Compile Driver","Lockon+1","Chill+1","Fusion+1","Machine Learning","Barrage+1","Self Repair","Biased Cognition+1","Coolheaded+1","Compile Driver","Biased Cognition+1","Double Energy+1","Consume","Static Discharge","Biased Cognition"],"special_seed":0,"relics":["Cracked Core","NeowsBlessing","DataDisk","Regal Pillow","Happy Flower","FaceOfCleric","Mango","Golden Idol","Inserter","Pen Nib","Mummified Hand","Cables","Dream Catcher","Sozu","Ginger","Boot","Unceasing Top","MawBank","Bag of Preparation","Orichalcum"],"potions_floor_usage":[55,55],"damage_taken":[{"damage":0.0,"enemies":"Small Slimes","floor":1.0,"turns":1.0},{"damage":0.0,"enemies":"Cultist","floor":2.0,"turns":1.0},{"damage":0.0,"enemies":"3 Sentries","floor":6.0,"turns":1.0},{"damage":29.0,"enemies":"Gremlin Nob","floor":8.0,"turns":4.0},{"damage":0.0,"enemies":"2 Louse","floor":11.0,"turns":2.0},{"damage":8.0,"enemies":"3 Sentries","floor":13.0,"turns":7.0},{"damage":18.0,"enemies":"Slime Boss","floor":16.0,"turns":10.0},{"damage":3.0,"enemies":"Chosen","floor":18.0,"turns":6.0},{"damage":16.0,"enemies":"2 Thieves","floor":20.0,"turns":5.0},{"damage":12.0,"enemies":"3 Cultists","floor":22.0,"turns":5.0},{"damage":29.0,"enemies":"Sentry and Sphere","floor":23.0,"turns":5.0},{"damage":1.0,"enemies":"Snake Plant","floor":25.0,"turns":3.0},{"damage":1.0,"enemies":"Cultist and Chosen","floor":27.0,"turns":7.0},{"damage":0.0,"enemies":"Sentry and Sphere","floor":29.0,"turns":5.0},{"damage":4.0,"enemies":"Slavers","floor":30.0,"turns":8.0},{"damage":23.0,"enemies":"Automaton","floor":33.0,"turns":10.0},{"damage":0.0,"enemies":"Orb Walker","floor":35.0,"turns":3.0},{"damage":0.0,"enemies":"3 Darklings","floor":37.0,"turns":4.0},{"damage":0.0,"enemies":"2 Orb Walkers","floor":39.0,"turns":5.0},{"damage":2.0,"enemies":"Giant Head","floor":40.0,"turns":7.0},{"damage":9.0,"enemies":"Maw","floor":41.0,"turns":5.0},{"damage":0.0,"enemies":"Mind Bloom Boss Battle","floor":42.0,"turns":4.0},{"damage":0.0,"enemies":"Spire Growth","floor":45.0,"turns":3.0},{"damage":0.0,"enemies":"Transient","floor":46.0,"turns":5.0},{"damage":0.0,"enemies":"Nemesis","floor":48.0,"turns":5.0},{"damage":2.0,"enemies":"Donu and Deca","floor":50.0,"turns":5.0},{"damage":3.0,"enemies":"Shield and Spear","floor":54.0,"turns":6.0},{"damage":94,"enemies":"The Heart","floor":55,"turns":9}],"seed_played":"-298979078625970918","potions_obtained":[{"floor":2.0,"key":"SmokeBomb"},{"floor":11.0,"key":"Dexterity Potion"},{"floor":27.0,"key":"EssenceOfSteel"},{"floor":29.0,"key":"FocusPotion"},{"floor":30.0,"key":"Weak Potion"},{"floor":33.0,"key":"Energy Potion"}],"is_trial":false,"path_per_floor":["M","M","$","?","$","E","R","E","T","?","M","?","E","?","R","B",null,"M","?","M","$","M","M","R","M","T","M","R","M","E","$","R","B",null,"M","?","M","$","?","E","M","?","T","R","M","M","R","E","R","B",null,"R","$","E","B",null],"character_chosen":"DEFECT","items_purchased":["BootSequence","Mummified Hand","Dexterity Potion","Self Repair","Biased Cognition","Consume","Bag of Preparation","Static Discharge"],"campfire_rested":2,"item_purchase_floors":[3,21,21,31,38,53,53,53],"current_hp_per_floor":[68,68,68,68,68,68,68,39,39,39,40,40,47,47,84,67,81,79,79,64,64,53,25,66,66,66,66,66,67,64,64,64,49,83,91,91,96,96,97,98,97,100,100,100,101,102,102,103,103,104,104,104,104,105,19],"gold":92,"neow_bonus":"THREE_ENEMY_KILL","is_prod":false,"is_daily":false,"chose_seed":false,"campfire_upgraded":6,"win_rate":0,"timestamp":1555884926,"path_taken":["M","M","$","?","?","E","R","E","T","?","?","?","E","?","R","BOSS","M","?","M","$","M","M","R","M","T","M","R","M","E","$","R","BOSS","M","?","M","$","?","E","?","?","T","R","M","M","R","E","R","BOSS","R","$","E","BOSS"],"build_version":"2019-01-23","purchased_purges":3,"victory":true,"max_hp_per_floor":[75,75,75,75,75,75,75,75,75,75,76,76,91,84,84,85,85,86,86,87,87,88,89,89,90,90,91,91,92,93,93,93,94,94,95,95,96,96,97,98,99,100,100,100,101,102,102,103,103,104,104,104,104,105,106],"card_choices":[{"not_picked":["Barrage","Stack"],"picked":"Streamline","floor":1.0},{"not_picked":["Hello World","Consume","Barrage"],"picked":"SKIP","floor":2.0},{"not_picked":["Ball Lightning","Doom and Gloom"],"picked":"Coolheaded","floor":6.0},{"not_picked":["Aggregate","Buffer"],"picked":"Sweeping Beam","floor":8.0},{"not_picked":["Beam Cell","Gash"],"picked":"Genetic Algorithm","floor":11.0},{"not_picked":["Hello World","Aggregate"],"picked":"Steam","floor":13.0},{"not_picked":["Electrodynamics","All For One"],"picked":"Creative AI","floor":16.0},{"not_picked":["Go for the Eyes","Hologram"],"picked":"White Noise+1","floor":18.0},{"not_picked":["Stack","Barrage"],"picked":"Compile Driver","floor":20.0},{"not_picked":["Ball Lightning","Hologram"],"picked":"Lockon+1","floor":22.0},{"not_picked":["Hologram","Tempest","Gash"],"picked":"SKIP","floor":23.0},{"not_picked":["Rebound+1","Fusion"],"picked":"Chill+1","floor":25.0},{"not_picked":["Compile Driver+1","Streamline"],"picked":"Fusion+1","floor":27.0},{"not_picked":["Beam Cell","Compile Driver"],"picked":"Machine Learning","floor":29.0},{"not_picked":["Ball Lightning","Steam Power"],"picked":"Barrage+1","floor":30.0},{"not_picked":["Machine Learning","Amplify"],"picked":"Biased Cognition","floor":33.0},{"not_picked":["Turbo+1","Stack"],"picked":"Coolheaded+1","floor":35.0},{"not_picked":["Buffer","Go for the Eyes"],"picked":"Compile Driver","floor":37.0},{"not_picked":["Chaos","Sweeping Beam+1","Beam Cell+1"],"picked":"SKIP","floor":40.0},{"not_picked":["Sweeping Beam+1","Conserve Battery+1","Compile Driver"],"picked":"SKIP","floor":41.0},{"not_picked":["Rebound+1","Aggregate"],"picked":"Double Energy+1","floor":45.0},{"not_picked":["Chaos+1","Lockon+1","Hello World+1"],"picked":"SKIP","floor":46.0},{"not_picked":["Machine Learning","Reprogram","Hyperbeam"],"picked":"SKIP","floor":48.0},{"not_picked":["Steam Power","Consume"],"picked":"Biased Cognition","floor":54.0}],"player_experience":491966,"relics_obtained":[{"floor":6.0,"key":"DataDisk"},{"floor":8.0,"key":"Regal Pillow"},{"floor":9.0,"key":"Happy Flower"},{"floor":13.0,"key":"Mango"},{"floor":26.0,"key":"Cables"},{"floor":30.0,"key":"Dream Catcher"},{"floor":39.0,"key":"Ginger"},{"floor":40.0,"key":"Boot"},{"floor":42.0,"key":"Unceasing Top"},{"floor":48.0,"key":"MawBank"},{"floor":54.0,"key":"Orichalcum"}],"event_choices":[{"damage_healed":0.0,"max_hp_gain":0.0,"max_hp_loss":0.0,"gold_gain":0.0,"cards_transformed":["Strike_B"],"event_name":"Transmorgrifier","player_choice":"Transformed","floor":4.0,"gold_loss":0.0,"damage_taken":0.0,"cards_obtained":["Defragment"]},{"damage_healed":0.0,"max_hp_gain":0.0,"max_hp_loss":0.0,"gold_gain":0.0,"event_name":"FaceTrader","player_choice":"Trade","floor":10.0,"gold_loss":0.0,"damage_taken":0.0,"relics_obtained":["FaceOfCleric"]},{"damage_healed":0.0,"max_hp_gain":0.0,"max_hp_loss":0.0,"gold_gain":0.0,"event_name":"Liars Game","player_choice":"Ignored","floor":12.0,"gold_loss":0.0,"damage_taken":0.0},{"damage_healed":0.0,"max_hp_gain":0.0,"max_hp_loss":7.0,"gold_gain":0.0,"event_name":"Golden Idol","player_choice":"Lose Max HP","floor":14.0,"gold_loss":0.0,"damage_taken":0.0,"relics_obtained":["Golden Idol"]},{"damage_healed":0.0,"max_hp_gain":0.0,"max_hp_loss":0.0,"gold_gain":0.0,"event_name":"WeMeetAgain","player_choice":"Gave Potion","floor":19.0,"gold_loss":0.0,"damage_taken":0.0,"relics_obtained":["Pen Nib"]},{"damage_healed":0.0,"max_hp_gain":0.0,"max_hp_loss":0.0,"gold_gain":0.0,"event_name":"Tomb of Lord Red Mask","player_choice":"Ignored","floor":36.0,"gold_loss":0.0,"damage_taken":0.0},{"damage_healed":0.0,"max_hp_gain":0.0,"max_hp_loss":0.0,"gold_gain":0.0,"event_name":"Mysterious Sphere","player_choice":"Fight","floor":39.0,"gold_loss":0.0,"damage_taken":0.0},{"damage_healed":0.0,"max_hp_gain":0.0,"max_hp_loss":0.0,"gold_gain":0.0,"event_name":"MindBloom","player_choice":"Fight","floor":42.0,"gold_loss":0.0,"damage_taken":0.0}],"is_beta":false,"boss_relics":[{"not_picked":["White Beast Statue","Orrery"],"picked":"Inserter"},{"not_picked":["FrozenCore","Pandora\u0027s Box"],"picked":"Sozu"}],"items_purged_floors":[3,31,53],"is_endless":false,"potions_floor_spawned":[2,11,27,29,30,33,35,40,42,46],"ascension_level":8}