{"gold_per_floor":[111,35,35,35,35,68,31,31,56,70,90,90,165,188,188,313,313,338,338,338,359,372,372,386,386,463,488,488,488,136,36,36,140,140,150,160,88,88],"floor_reached":38,"playtime":1368,"items_purged":["Defend_G","Defend_G"],"score":660,"play_id":"d1616fac-f37b-4636-bb1c-7646ab7cab08","local_time":"20190227215505","is_ascension_mode":true,"campfire_choices":[{"data":"Noxious Fumes","floor":8,"key":"SMITH"},{"data":"Crippling Poison","floor":12,"key":"SMITH"},{"data":"Adrenaline","floor":15,"key":"SMITH"},{"data":"A Thousand Cuts","floor":23,"key":"SMITH"},{"floor":25,"key":"REST"},{"floor":32,"key":"REST"}],"neow_cost":"NONE","seed_source_timestamp":1187213184838054,"circlet_count":0,"master_deck":["AscendersBane","Defend_G","Defend_G","Defend_G","Survivor","Neutralize","Backflip","Noxious Fumes+1","Dash","Crippling Poison+1","Blur","Adrenaline+1","A Thousand Cuts+1","Backflip","Bite","Bite","Bite","Bite","Bite","Adrenaline","Bullet Time","Catalyst","Malaise","Escape Plan+1","After Image"],"relics":["Ring of the Snake","Bloody Idol","Pen Nib","Ancient Tea Set","Black Star","Nloth\u0027s Gift","Singing Bowl","Shuriken","MealTicket","White Beast Statue"],"potions_floor_usage":[16,16,24,38],"damage_taken":[{"damage":0,"enemies":"Jaw Worm","floor":1,"turns":1},{"damage":0,"enemies":"Lagavulin","floor":6,"turns":1},{"damage":0,"enemies":"Small Slimes","floor":10,"turns":1},{"damage":1,"enemies":"2 Louse","floor":11,"turns":3},{"damage":8,"enemies":"Looter","floor":14,"turns":3},{"damage":23,"enemies":"Slime Boss","floor":16,"turns":9},{"damage":1,"enemies":"Shell Parasite","floor":18,"turns":6},{"damage":3,"enemies":"Chosen","floor":21,"turns":6},{"damage":47,"enemies":"Centurion and Healer","floor":22,"turns":7},{"damage":11,"enemies":"Shelled Parasite and Fungi","floor":24,"turns":5},{"damage":29,"enemies":"3 Cultists","floor":27,"turns":5},{"damage":46,"enemies":"Automaton","floor":33,"turns":9},{"damage":39,"enemies":"3 Darklings","floor":35,"turns":4},{"damage":1,"enemies":"3 Shapes","floor":36,"turns":4},{"damage":53,"enemies":"Jaw Worm Horde","floor":38,"turns":3}],"seed_played":"-2428150381022204383","potions_obtained":[{"floor":6,"key":"AttackPotion"},{"floor":11,"key":"AttackPotion"},{"floor":18,"key":"Explosive Potion"},{"floor":27,"key":"Energy Potion"},{"floor":35,"key":"Dexterity Potion"}],"is_trial":false,"path_per_floor":["M","$","?","?","?","E","$","R","T","M","M","R","?","M","R","B",null,"M","?","?","M","M","R","M","R","T","M","?","T","$","$","R","B",null,"M","M","$","M"],"character_chosen":"THE_SILENT","items_purchased":["Noxious Fumes","Crippling Poison","Catalyst","MealTicket","After Image"],"campfire_rested":2,"item_purchase_floors":[2,7,30,30,37],"current_hp_per_floor":[63,63,63,68,50,50,50,50,50,50,49,49,38,30,30,7,58,57,52,52,52,19,19,16,31,31,16,16,16,16,31,46,27,46,22,32,47,0],"gold":88,"neow_bonus":"THREE_ENEMY_KILL","is_prod":false,"is_daily":false,"chose_seed":false,"campfire_upgraded":4,"win_rate":0,"timestamp":1551333305,"path_taken":["M","$","?","?","?","E","$","R","T","M","M","R","?","M","R","BOSS","M","?","?","M","M","R","M","R","T","?","?","?","?","$","R","BOSS","M","M","$","M"],"build_version":"2019-01-23","purchased_purges":2,"victory":false,"max_hp_per_floor":[70,70,70,75,75,75,75,75,75,75,75,75,75,75,75,75,75,75,52,52,52,52,52,52,52,52,52,52,52,52,52,52,52,52,52,54,54,54],"card_choices":[{"not_picked":["Acrobatics","Dagger Spray"],"picked":"Backflip","floor":1},{"not_picked":["Cloak And Dagger","Backstab"],"picked":"Dash","floor":6},{"not_picked":["Tactician","Dagger Spray","Leg Sweep"],"picked":"SKIP","floor":10},{"not_picked":["Outmaneuver","Heel Hook"],"picked":"Blur","floor":11},{"not_picked":["Backflip","Slice"],"picked":"Adrenaline","floor":14},{"not_picked":["Doppelganger","Adrenaline"],"picked":"A Thousand Cuts","floor":16},{"not_picked":["Reflex","Dodge and Roll"],"picked":"Backflip","floor":18},{"not_picked":["Slice","Prepared","Quick Slash"],"picked":"SKIP","floor":21},{"not_picked":["Flechettes","Sucker Punch","Outmaneuver"],"picked":"SKIP","floor":22},{"not_picked":["Backstab","Quick Slash"],"picked":"Adrenaline","floor":24},{"not_picked":["PiercingWail","Acrobatics"],"picked":"Bullet Time","floor":27},{"not_picked":["A Thousand Cuts","Storm of Steel"],"picked":"Malaise","floor":33},{"not_picked":["Flying Knee","Sucker Punch"],"picked":"Escape Plan+1","floor":35},{"not_picked":["Flying Knee","Prepared","Eviscerate"],"picked":"Singing Bowl","floor":36}],"player_experience":535029,"relics_obtained":[{"floor":6,"key":"Pen Nib"},{"floor":9,"key":"Ancient Tea Set"},{"floor":26,"key":"Singing Bowl"},{"floor":29,"key":"Shuriken"}],"event_choices":[{"damage_healed":0,"gold_gain":0,"player_choice":"Ignored","damage_taken":0,"max_hp_gain":0,"max_hp_loss":0,"event_name":"Shining Light","floor":3,"gold_loss":0},{"damage_healed":0,"gold_gain":0,"player_choice":"Donut","damage_taken":0,"max_hp_gain":5,"max_hp_loss":0,"event_name":"Big Fish","floor":4,"gold_loss":0},{"damage_healed":0,"gold_gain":0,"player_choice":"Take Damage","damage_taken":18,"relics_obtained":["Golden Idol"],"max_hp_gain":0,"max_hp_loss":0,"event_name":"Golden Idol","floor":5,"gold_loss":0},{"damage_healed":0,"gold_gain":75,"player_choice":"Gather Gold","damage_taken":11,"max_hp_gain":0,"max_hp_loss":0,"event_name":"World of Goop","floor":13,"gold_loss":0},{"damage_healed":0,"gold_gain":0,"player_choice":"Became a vampire","damage_taken":0,"max_hp_gain":0,"max_hp_loss":23,"event_name":"Vampires","floor":19,"gold_loss":0,"cards_obtained":["Bite","Bite","Bite","Bite","Bite"]},{"damage_healed":0,"gold_gain":0,"player_choice":"Traded Relic","damage_taken":0,"relics_obtained":["Nloth\u0027s Gift"],"max_hp_gain":0,"max_hp_loss":0,"event_name":"N\u0027loth","floor":20,"relics_lost":["NeowsBlessing"],"gold_loss":0},{"damage_healed":0,"gold_gain":0,"player_choice":"Gave Idol","damage_taken":0,"relics_obtained":["Bloody Idol"],"max_hp_gain":0,"max_hp_loss":0,"event_name":"Forgotten Altar","floor":28,"relics_lost":["Golden Idol"],"gold_loss":0}],"is_beta":false,"boss_relics":[{"not_picked":["WristBlade","Calling Bell"],"picked":"Black Star"},{"not_picked":["Runic Pyramid","HoveringKite"],"picked":"White Beast Statue"}],"items_purged_floors":[30,31],"is_endless":false,"potions_floor_spawned":[6,11,18,27,35,36],"killed_by":"Jaw Worm Horde","ascension_level":12}