{"gold_per_floor":[111,124,124,142,112,112,124,151,226,242,253,253,283,294,294,373,373,389,402,402,421,434,434,468,488,515,532,545,558,43,61,61,135,135,150,161,175,220,220,220,220],"floor_reached":41,"playtime":3648,"items_purged":["Writhe"],"score":916,"play_id":"5000b17d-aa6e-47b2-8d11-21144f0a400a","local_time":"20190609221646","is_ascension_mode":true,"campfire_choices":[{"data":"Anger","floor":6.0,"key":"SMITH"},{"data":"Inflame","floor":15.0,"key":"SMITH"},{"data":"Armaments","floor":23.0,"key":"SMITH"},{"floor":32.0,"key":"REST"},{"floor":40.0,"key":"REST"}],"neow_cost":"NONE","seed_source_timestamp":0,"circlet_count":0,"master_deck":["AscendersBane","Strike_R","Strike_R","Defend_R","Defend_R+1","Defend_R","Defend_R+1","Bash","Cleave","Anger+1","Armaments+1","Shrug It Off","Inflame+1","Twin Strike+1","Brutality","Clothesline+1","Juggernaut","Shrug It Off+1","Inflame+1","Iron Wave+1","Headbutt+1","Evolve","Heavy Blade+1","Disarm","Demon Form","Offering","Body Slam+1","Pommel Strike+1","True Grit+1"],"special_seed":0,"relics":["Burning Blood","War Paint","FossilizedHelix","Molten Egg 2","Bottled Flame","Art of War","Cursed Key","Bird Faced Urn","Red Skull","Happy Flower","Empty Cage","StoneCalendar"],"potions_floor_usage":[41,41],"damage_taken":[{"damage":7.0,"enemies":"Jaw Worm","floor":1.0,"turns":5.0},{"damage":2.0,"enemies":"2 Louse","floor":2.0,"turns":2.0},{"damage":6.0,"enemies":"Cultist","floor":4.0,"turns":4.0},{"damage":0.0,"enemies":"Exordium Wildlife","floor":7.0,"turns":2.0},{"damage":32.0,"enemies":"3 Sentries","floor":8.0,"turns":13.0},{"damage":23.0,"enemies":"Exordium Thugs","floor":10.0,"turns":7.0},{"damage":1.0,"enemies":"Lots of Slimes","floor":11.0,"turns":4.0},{"damage":0.0,"enemies":"Lagavulin","floor":13.0,"turns":5.0},{"damage":0.0,"enemies":"Blue Slaver","floor":14.0,"turns":2.0},{"damage":38.0,"enemies":"Hexaghost","floor":16.0,"turns":9.0},{"damage":4.0,"enemies":"Shell Parasite","floor":18.0,"turns":5.0},{"damage":10.0,"enemies":"Chosen","floor":19.0,"turns":5.0},{"damage":0.0,"enemies":"Snecko","floor":21.0,"turns":5.0},{"damage":19.0,"enemies":"Cultist and Chosen","floor":22.0,"turns":6.0},{"damage":37.0,"enemies":"Gremlin Leader","floor":24.0,"turns":6.0},{"damage":0.0,"enemies":"Centurion and Healer","floor":25.0,"turns":6.0},{"damage":16.0,"enemies":"Snake Plant","floor":27.0,"turns":3.0},{"damage":9.0,"enemies":"Cultist and Chosen","floor":28.0,"turns":5.0},{"damage":13.0,"enemies":"Centurion and Healer","floor":29.0,"turns":5.0},{"damage":16.0,"enemies":"Chosen and Byrds","floor":31.0,"turns":6.0},{"damage":23.0,"enemies":"Champ","floor":33.0,"turns":10.0},{"damage":1.0,"enemies":"Orb Walker","floor":35.0,"turns":3.0},{"damage":13.0,"enemies":"3 Darklings","floor":36.0,"turns":5.0},{"damage":53.0,"enemies":"Sphere and 2 Shapes","floor":37.0,"turns":6.0},{"damage":32.0,"enemies":"2 Orb Walkers","floor":38.0,"turns":4.0},{"damage":65,"enemies":"Reptomancer","floor":41,"turns":5}],"seed_played":"4756815172662514892","potions_obtained":[{"floor":2.0,"key":"SpeedPotion"},{"floor":5.0,"key":"Poison Potion"},{"floor":5.0,"key":"EntropicBrew"},{"floor":7.0,"key":"Dexterity Potion"},{"floor":13.0,"key":"Fire Potion"},{"floor":18.0,"key":"Strength Potion"},{"floor":19.0,"key":"LiquidBronze"},{"floor":27.0,"key":"SpeedPotion"},{"floor":31.0,"key":"SpeedPotion"},{"floor":37.0,"key":"GamblersBrew"},{"floor":38.0,"key":"Regen Potion"}],"is_trial":false,"path_per_floor":["M","M","?","M","?","R","M","E","T","M","M","T","E","M","R","B",null,"M","M","?","M","M","R","E","M","T","M","M","M","$","M","R","B",null,"M","M","M","?","?","R","E"],"character_chosen":"IRONCLAD","items_purchased":["Demon Form","Block Potion","Energy Potion","Happy Flower"],"campfire_rested":2,"item_purchase_floors":[30,30,30,30],"current_hp_per_floor":[67,71,64,64,64,64,70,44,44,27,32,32,38,44,44,12,59,61,57,57,63,50,50,19,29,29,23,28,25,25,21,43,38,66,75,72,35,11,11,33,0],"gold":220,"neow_bonus":"RANDOM_COMMON_RELIC","is_prod":false,"is_daily":false,"chose_seed":false,"campfire_upgraded":3,"win_rate":0,"timestamp":1560111406,"path_taken":["M","M","?","M","?","R","M","E","T","?","M","?","E","M","R","BOSS","M","M","?","M","M","R","E","M","T","M","M","M","$","?","R","BOSS","M","M","M","?","?","R","E"],"build_version":"2019-01-23","purchased_purges":1,"victory":false,"max_hp_per_floor":[75,75,75,75,75,75,75,75,75,75,75,75,75,75,75,75,75,75,75,75,75,75,75,75,75,75,75,75,75,75,75,75,75,75,75,75,75,75,75,75,75],"card_choices":[{"not_picked":["Shrug It Off","Clash"],"picked":"Cleave","floor":1.0},{"not_picked":["Rupture","Wild Strike","Body Slam"],"picked":"SKIP","floor":2.0},{"not_picked":["Shrug It Off","Iron Wave"],"picked":"Anger","floor":4.0},{"not_picked":["Twin Strike","Pommel Strike"],"picked":"Armaments","floor":7.0},{"not_picked":["Twin Strike","Heavy Blade"],"picked":"Shrug It Off","floor":8.0},{"not_picked":["Body Slam+1","Hemokinesis+1"],"picked":"Inflame","floor":10.0},{"not_picked":["Bloodletting","Dropkick+1"],"picked":"Twin Strike+1","floor":11.0},{"not_picked":["Searing Blow+1","Metallicize"],"picked":"Brutality","floor":13.0},{"not_picked":["Heavy Blade+1","Sever Soul+1"],"picked":"Clothesline+1","floor":14.0},{"not_picked":["Double Tap","Berserk"],"picked":"Juggernaut","floor":16.0},{"not_picked":["Pommel Strike+1","Cleave+1"],"picked":"Shrug It Off+1","floor":18.0},{"not_picked":["Perfected Strike+1","Cleave+1","Havoc"],"picked":"SKIP","floor":19.0},{"not_picked":["Warcry","Cleave+1"],"picked":"Iron Wave+1","floor":21.0},{"not_picked":["Armaments","Intimidate","Berserk"],"picked":"SKIP","floor":22.0},{"not_picked":["Intimidate","Power Through"],"picked":"Headbutt+1","floor":24.0},{"not_picked":["Headbutt+1","Twin Strike+1"],"picked":"Evolve","floor":25.0},{"not_picked":["Pommel Strike+1","Armaments+1","Clash+1"],"picked":"SKIP","floor":27.0},{"not_picked":["Thunderclap+1","Clash+1"],"picked":"Heavy Blade+1","floor":28.0},{"not_picked":["Clothesline+1","Headbutt+1"],"picked":"Disarm","floor":29.0},{"not_picked":["Thunderclap+1","Combust","Perfected Strike+1"],"picked":"SKIP","floor":31.0},{"not_picked":["Demon Form","Fiend Fire+1"],"picked":"Offering","floor":33.0},{"not_picked":["Cleave+1","Clothesline+1"],"picked":"Body Slam+1","floor":35.0},{"not_picked":["Body Slam+1","Havoc+1"],"picked":"Pommel Strike+1","floor":36.0},{"not_picked":["Warcry+1","Bloodletting+1"],"picked":"True Grit+1","floor":37.0}],"player_experience":845332,"relics_obtained":[{"floor":8.0,"key":"FossilizedHelix"},{"floor":9.0,"key":"Molten Egg 2"},{"floor":12.0,"key":"Bottled Flame"},{"floor":13.0,"key":"Art of War"},{"floor":24.0,"key":"Bird Faced Urn"},{"floor":26.0,"key":"Red Skull"},{"floor":38.0,"key":"StoneCalendar"}],"event_choices":[{"cards_removed":["Strike_R"],"damage_healed":0.0,"max_hp_gain":0.0,"max_hp_loss":0.0,"gold_gain":0.0,"event_name":"Golden Wing","player_choice":"Card Removal","floor":3.0,"gold_loss":0.0,"damage_taken":7.0},{"damage_healed":0.0,"max_hp_gain":0.0,"max_hp_loss":0.0,"gold_gain":0.0,"event_name":"The Woman in Blue","player_choice":"Bought 2 Potions","floor":5.0,"gold_loss":0.0,"damage_taken":0.0},{"damage_healed":0.0,"max_hp_gain":0.0,"max_hp_loss":0.0,"gold_gain":0.0,"event_name":"Duplicator","player_choice":"Copied","floor":20.0,"gold_loss":0.0,"damage_taken":0.0,"cards_obtained":["Inflame"]},{"damage_healed":0.0,"max_hp_gain":0.0,"max_hp_loss":0.0,"gold_gain":0.0,"event_name":"Mysterious Sphere","player_choice":"Fight","floor":38.0,"gold_loss":0.0,"damage_taken":0.0},{"damage_healed":0.0,"max_hp_gain":0.0,"max_hp_loss":0.0,"gold_gain":0.0,"event_name":"Tomb of Lord Red Mask","player_choice":"Ignored","floor":39.0,"gold_loss":0.0,"damage_taken":0.0}],"is_beta":false,"boss_relics":[{"not_picked":["Coffee Dripper","Sozu"],"picked":"Cursed Key"},{"not_picked":["Velvet Choker","Mark of Pain"],"picked":"Empty Cage"}],"items_purged_floors":[30],"is_endless":false,"potions_floor_spawned":[2,7,13,18,19,21,27,31,37,38],"killed_by":"Reptomancer","ascension_level":20}