{"gold_per_floor":[115,131,56,67,16,16,30,50,76,76,26,26,40,40,40,170,170,95,95,95,95,55,55,55,55,55,55,55,55,55,55,55,55],"floor_reached":33,"playtime":1044,"items_purged":["Strike_G"],"score":353,"play_id":"61b0b658-629f-4aef-9103-6505cf21670c","local_time":"20190127010509","is_ascension_mode":true,"campfire_choices":[{"data":"Deadly Poison","floor":6,"key":"SMITH"},{"data":"Crippling Poison","floor":10,"key":"SMITH"},{"floor":15,"key":"REST"},{"floor":23,"key":"REST"},{"floor":27,"key":"REST"},{"data":"Noxious Fumes","floor":32,"key":"SMITH"}],"neow_cost":"NONE","seed_source_timestamp":1604538476149076,"circlet_count":0,"master_deck":["AscendersBane","Defend_G+1","Defend_G+1","Defend_G+1","Defend_G+1","Defend_G+1","Strike_G+1","Strike_G+1","Strike_G+1","Survivor","Neutralize","Dagger Throw","Deadly Poison+1","Crippling Poison+1","Adrenaline","Noxious Fumes+1","Writhe","Bouncing Flask","Backflip+1","Backflip+1"],"relics":["Ring of the Snake","NeowsBlessing","Centennial Puzzle","Bloody Idol","Ectoplasm","Red Mask","Bag of Preparation","Ninja Scroll"],"potions_floor_usage":[8,16,28,33],"damage_taken":[{"damage":0,"enemies":"2 Louse","floor":1,"turns":1},{"damage":0,"enemies":"Small Slimes","floor":2,"turns":2},{"damage":0,"enemies":"Jaw Worm","floor":4,"turns":1},{"damage":24,"enemies":"Exordium Wildlife","floor":7,"turns":5},{"damage":4,"enemies":"Large Slime","floor":8,"turns":5},{"damage":3,"enemies":"Looter","floor":13,"turns":3},{"damage":28,"enemies":"Hexaghost","floor":16,"turns":10},{"damage":18,"enemies":"2 Thieves","floor":18,"turns":4},{"damage":27,"enemies":"Masked Bandits","floor":19,"turns":4},{"damage":0,"enemies":"Chosen","floor":24,"turns":4},{"damage":4,"enemies":"Centurion and Healer","floor":25,"turns":5},{"damage":5,"enemies":"Snecko","floor":28,"turns":4},{"damage":57,"enemies":"Champ","floor":33,"turns":9}],"seed_played":"7364854825680250107","potions_obtained":[{"floor":2,"key":"SteroidPotion"},{"floor":4,"key":"Swift Potion"},{"floor":8,"key":"SteroidPotion"},{"floor":18,"key":"LiquidBronze"},{"floor":19,"key":"GamblersBrew"}],"is_trial":false,"path_per_floor":["M","M","$","M","$","R","M","M","T","R","?","?","M","$","R","B",null,"M","?","?","?","$","R","M","M","T","R","M","?","$","?","R","B"],"character_chosen":"THE_SILENT","items_purchased":["Deadly Poison","Bouncing Flask"],"campfire_rested":3,"item_purchase_floors":[5,22],"current_hp_per_floor":[63,63,63,63,63,63,39,35,35,35,35,18,15,15,36,8,55,37,10,10,10,10,31,31,27,27,48,43,43,43,43,43,0],"gold":55,"neow_bonus":"THREE_ENEMY_KILL","is_prod":false,"is_daily":false,"chose_seed":false,"campfire_upgraded":3,"win_rate":0,"timestamp":1548579909,"path_taken":["M","M","$","M","$","R","M","M","T","R","?","?","M","?","R","BOSS","M","?","?","?","$","R","M","?","T","R","M","?","$","?","R","BOSS"],"build_version":"2019-01-23","purchased_purges":1,"victory":false,"max_hp_per_floor":[70,70,70,70,70,70,70,70,70,70,70,70,70,70,70,70,70,70,70,70,70,70,70,70,70,70,70,70,70,70,70,70,70],"card_choices":[{"not_picked":["PiercingWail","Outmaneuver","Slice"],"picked":"SKIP","floor":1},{"not_picked":["Setup","Acrobatics"],"picked":"Dagger Throw","floor":2},{"not_picked":["Dodge and Roll","Cloak And Dagger","Outmaneuver"],"picked":"SKIP","floor":4},{"not_picked":["All Out Attack","Dagger Spray","Underhanded Strike"],"picked":"SKIP","floor":7},{"not_picked":["All Out Attack","Sucker Punch"],"picked":"Crippling Poison","floor":8},{"not_picked":["Sucker Punch","Slice","Calculated Gamble"],"picked":"SKIP","floor":13},{"not_picked":["Unload","Bullet Time"],"picked":"Adrenaline","floor":16},{"not_picked":["Bane","Masterful Stab","PiercingWail"],"picked":"SKIP","floor":18},{"not_picked":["Well Laid Plans","Cloak And Dagger+1"],"picked":"Noxious Fumes","floor":19},{"not_picked":["Dagger Spray","Outmaneuver"],"picked":"Backflip+1","floor":24},{"not_picked":["Underhanded Strike","Bullet Time","Masterful Stab"],"picked":"SKIP","floor":25},{"not_picked":["Acrobatics","Accuracy"],"picked":"Backflip+1","floor":28}],"player_experience":417409,"relics_obtained":[{"floor":9,"key":"Centennial Puzzle"},{"floor":19,"key":"Red Mask"},{"floor":26,"key":"Ninja Scroll"}],"event_choices":[{"cards_removed":["Strike_G"],"damage_healed":0,"gold_gain":0,"player_choice":"Card Removal","damage_taken":0,"max_hp_gain":0,"max_hp_loss":0,"event_name":"The Cleric","floor":11,"gold_loss":50},{"damage_healed":0,"gold_gain":0,"player_choice":"Take Damage","damage_taken":17,"relics_obtained":["Golden Idol"],"max_hp_gain":0,"max_hp_loss":0,"event_name":"Golden Idol","floor":12,"gold_loss":0},{"damage_healed":0,"gold_gain":0,"player_choice":"Fought Bandits","damage_taken":0,"max_hp_gain":0,"max_hp_loss":0,"event_name":"Masked Bandits","floor":19,"gold_loss":0},{"damage_healed":0,"gold_gain":0,"player_choice":"Simplicity","damage_taken":0,"max_hp_gain":0,"max_hp_loss":0,"event_name":"Back to Basics","floor":20,"gold_loss":0,"cards_upgraded":["Defend_G","Defend_G","Defend_G","Defend_G","Defend_G","Strike_G","Strike_G","Strike_G"]},{"damage_healed":0,"gold_gain":0,"player_choice":"Opened","damage_taken":0,"relics_obtained":["Bag of Preparation"],"max_hp_gain":0,"max_hp_loss":0,"event_name":"The Mausoleum","floor":21,"gold_loss":0,"cards_obtained":["Writhe"]},{"damage_healed":0,"gold_gain":0,"player_choice":"Ignored","damage_taken":0,"max_hp_gain":0,"max_hp_loss":0,"event_name":"Vampires","floor":29,"gold_loss":0},{"damage_healed":0,"gold_gain":0,"player_choice":"Gave Idol","damage_taken":0,"relics_obtained":["Bloody Idol"],"max_hp_gain":0,"max_hp_loss":0,"event_name":"Forgotten Altar","floor":31,"relics_lost":["Golden Idol"],"gold_loss":0}],"is_beta":false,"boss_relics":[{"not_picked":["Snecko Eye","Runic Pyramid"],"picked":"Ectoplasm"}],"items_purged_floors":[3],"is_endless":false,"potions_floor_spawned":[2,4,8,18,19],"killed_by":"Champ","ascension_level":10}