{"gold_per_floor":[113,263,46,62,38,73,73,87,87,168,199,199,211,227,227,298,298,318,337,71,90,3,36,36,46,69,85,85],"floor_reached":28,"playtime":1171,"items_purged":["Doubt"],"score":618,"play_id":"31cea8da-92f7-44f1-8266-a1031b0eff90","local_time":"20190309233130","is_ascension_mode":true,"campfire_choices":[{"data":"Bash","floor":7,"key":"SMITH"},{"data":"Bludgeon","floor":12,"key":"SMITH"},{"data":"Strike_R","floor":15,"key":"PURGE"},{"data":"Juggernaut","floor":24,"key":"SMITH"}],"neow_cost":"NONE","seed_source_timestamp":1846857571088464,"circlet_count":0,"master_deck":["AscendersBane","Strike_R","Strike_R","Strike_R","Strike_R","Defend_R","Defend_R","Defend_R","Defend_R","Bash+1","Cleave","Shrug It Off+1","Battle Trance","Reckless Charge","Iron Wave","Shrug It Off+1","Bludgeon+1","Reckless Charge","Shockwave","Juggernaut+1","Shrug It Off","Iron Wave","Body Slam+1","Flame Barrier","Pommel Strike","Offering"],"relics":["Burning Blood","NeowsBlessing","Mercury Hourglass","Question Card","Sundial","Peace Pipe","Busted Crown","Letter Opener","War Paint","Ancient Tea Set"],"potions_floor_usage":[11,14,16,23,23],"damage_taken":[{"damage":0,"enemies":"Small Slimes","floor":1,"turns":1},{"damage":0,"enemies":"Jaw Worm","floor":4,"turns":1},{"damage":0,"enemies":"Lagavulin","floor":6,"turns":1},{"damage":0,"enemies":"Cultist","floor":8,"turns":3},{"damage":3,"enemies":"Gremlin Nob","floor":11,"turns":3},{"damage":0,"enemies":"2 Fungi Beasts","floor":13,"turns":3},{"damage":1,"enemies":"Blue Slaver","floor":14,"turns":2},{"damage":0,"enemies":"Slime Boss","floor":16,"turns":4},{"damage":0,"enemies":"Spheric Guardian","floor":18,"turns":1},{"damage":17,"enemies":"2 Thieves","floor":19,"turns":4},{"damage":21,"enemies":"Snake Plant","floor":21,"turns":5},{"damage":25,"enemies":"Gremlin Leader","floor":23,"turns":4},{"damage":8,"enemies":"Centurion and Healer","floor":25,"turns":6},{"damage":0,"enemies":"Snecko","floor":27,"turns":4},{"damage":37,"enemies":"Cultist and Chosen","floor":28,"turns":3}],"seed_played":"-3422912157154189959","potions_obtained":[{"floor":1,"key":"Block Potion"},{"floor":6,"key":"SpeedPotion"},{"floor":8,"key":"Explosive Potion"},{"floor":11,"key":"Poison Potion"},{"floor":14,"key":"LiquidBronze"},{"floor":21,"key":"Explosive Potion"}],"is_trial":false,"path_per_floor":["M","?","$","M","$","E","R","M","T","T","E","R","M","M","R","B",null,"M","M","$","M","$","E","R","M","T","M","M"],"character_chosen":"IRONCLAD","items_purchased":["Shrug It Off","Battle Trance","Iron Wave","Letter Opener","Flame Barrier"],"campfire_rested":0,"item_purchase_floors":[3,3,5,20,22],"current_hp_per_floor":[74,74,74,75,75,75,75,75,75,75,75,75,75,75,75,75,75,75,64,64,49,49,30,30,28,28,34,0],"gold":85,"neow_bonus":"THREE_ENEMY_KILL","is_prod":false,"is_daily":false,"chose_seed":false,"campfire_upgraded":3,"win_rate":0,"timestamp":1552163490,"path_taken":["M","?","$","M","?","E","R","M","T","?","E","R","M","M","R","BOSS","M","M","$","M","$","E","R","M","T","M","M"],"build_version":"2019-01-23","purchased_purges":1,"victory":false,"max_hp_per_floor":[75,75,75,75,75,75,75,75,75,75,75,75,75,75,75,75,75,75,75,75,75,75,75,75,75,75,75,75],"card_choices":[{"not_picked":["Blood for Blood","Spot Weakness"],"picked":"Cleave","floor":1},{"not_picked":["Battle Trance","Thunderclap"],"picked":"Reckless Charge","floor":4},{"not_picked":["Headbutt","Reaper"],"picked":"Shrug It Off","floor":6},{"not_picked":["Twin Strike","Cleave","Entrench"],"picked":"SKIP","floor":8},{"not_picked":["Burning Pact","Bloodletting","Perfected Strike"],"picked":"Bludgeon","floor":11},{"not_picked":["Headbutt","Wild Strike","True Grit"],"picked":"Reckless Charge","floor":13},{"not_picked":["Metallicize","Power Through","Body Slam"],"picked":"Shockwave","floor":14},{"not_picked":["Immolate","Reaper","Bludgeon"],"picked":"Juggernaut","floor":16},{"not_picked":["Perfected Strike"],"picked":"Shrug It Off","floor":18},{"not_picked":["Second Wind"],"picked":"Iron Wave","floor":19},{"not_picked":["Pommel Strike"],"picked":"Body Slam+1","floor":21},{"not_picked":["Burning Pact+1"],"picked":"Pommel Strike","floor":23},{"not_picked":["Clash"],"picked":"Offering","floor":25},{"not_picked":["Pummel","Thunderclap"],"picked":"SKIP","floor":27}],"player_experience":270829,"relics_obtained":[{"floor":6,"key":"Mercury Hourglass"},{"floor":9,"key":"Question Card"},{"floor":10,"key":"Sundial"},{"floor":11,"key":"Peace Pipe"},{"floor":23,"key":"War Paint"},{"floor":26,"key":"Ancient Tea Set"}],"event_choices":[{"damage_healed":0,"gold_gain":150,"player_choice":"AGREE","damage_taken":0,"max_hp_gain":0,"max_hp_loss":0,"event_name":"Liars Game","floor":2,"gold_loss":0,"cards_obtained":["Doubt"]}],"is_beta":false,"boss_relics":[{"not_picked":["Tiny House","Runic Cube"],"picked":"Busted Crown"}],"items_purged_floors":[3],"is_endless":false,"potions_floor_spawned":[1,6,8,11,14,21],"killed_by":"Cultist and Chosen","ascension_level":18}