{"gold_per_floor":[114,42,117,67,67,96,96,129,129,161,175,175,234,40,40,140,140,155,171,60,76,42,42,42,8,8,8,37,55,83,83,83,186,186,200,218,218,118,118,152,152,252,252,252,267,267,267,280,280,280],"floor_reached":51,"playtime":9390,"items_purged":["Pain","Strike_G"],"score":880,"play_id":"85421a2b-edcd-4c49-8030-ae2d1cf3be6c","local_time":"20190310020828","is_ascension_mode":true,"campfire_choices":[{"data":"Noxious Fumes","floor":7,"key":"SMITH"},{"data":"Dash","floor":12,"key":"SMITH"},{"data":"Strike_G","floor":15,"key":"PURGE"},{"floor":23,"key":"REST"},{"data":"Pain","floor":24,"key":"PURGE"},{"data":"Regret","floor":27,"key":"PURGE"},{"floor":32,"key":"REST"},{"data":"Footwork","floor":41,"key":"SMITH"},{"data":"Leg Sweep","floor":44,"key":"SMITH"},{"data":"Catalyst","floor":46,"key":"SMITH"},{"data":"Defend_G","floor":49,"key":"SMITH"}],"neow_cost":"NONE","seed_source_timestamp":1848040481123361,"circlet_count":0,"master_deck":["Defend_G+1","Defend_G","Defend_G","Defend_G","Defend_G","Strike_G","Strike_G","Survivor","Neutralize+1","Deadly Poison","Noxious Fumes+1","Dash+1","Catalyst+1","Poisoned Stab","Poisoned Stab","Deflect+1","Well Laid Plans","Deflect+1","Crippling Poison","Backstab+1","Leg Sweep+1","Footwork+1","Backflip","Footwork+1","Necronomicurse","Endless Agony+1","Blade Dance+1","Escape Plan","Mayhem","Bandage Up","Noxious Fumes","PiercingWail","Blade Dance+1"],"relics":["Ring of the Snake","NeowsBlessing","Blood Vial","Peace Pipe","Dream Catcher","Incense Burner","WingedGreaves","TwistedFunnel","Calling Bell","Bronze Scales","Shuriken","Torii","Paper Crane","Ginger","Girya","Necronomicon","Philosopher\u0027s Stone","The Courier","Dead Branch","Molten Egg 2"],"potions_floor_usage":[18,21,30,33,50,50,50],"damage_taken":[{"damage":0,"enemies":"Jaw Worm","floor":1,"turns":1},{"damage":0,"enemies":"3 Sentries","floor":6,"turns":1},{"damage":0,"enemies":"Lagavulin","floor":8,"turns":1},{"damage":33,"enemies":"Gremlin Nob","floor":10,"turns":5},{"damage":0,"enemies":"2 Louse","floor":11,"turns":4},{"damage":2,"enemies":"3 Sentries","floor":13,"turns":7},{"damage":10,"enemies":"The Guardian","floor":16,"turns":7},{"damage":25,"enemies":"Spheric Guardian","floor":18,"turns":5},{"damage":11,"enemies":"Shell Parasite","floor":19,"turns":4},{"damage":4,"enemies":"Cultist and Chosen","floor":21,"turns":5},{"damage":0,"enemies":"Gremlin Leader","floor":28,"turns":6},{"damage":9,"enemies":"Snake Plant","floor":29,"turns":4},{"damage":0,"enemies":"Book of Stabbing","floor":30,"turns":5},{"damage":1,"enemies":"Champ","floor":33,"turns":12},{"damage":0,"enemies":"Orb Walker","floor":35,"turns":5},{"damage":0,"enemies":"3 Darklings","floor":36,"turns":4},{"damage":0,"enemies":"Giant Head","floor":40,"turns":8},{"damage":0,"enemies":"Mind Bloom Boss Battle","floor":42,"turns":6},{"damage":0,"enemies":"Maw","floor":45,"turns":6},{"damage":0,"enemies":"Sphere and 2 Shapes","floor":48,"turns":3},{"damage":6,"enemies":"Awakened One","floor":50,"turns":10}],"seed_played":"4660268692442359692","potions_obtained":[{"floor":11,"key":"Dexterity Potion"},{"floor":16,"key":"AttackPotion"},{"floor":19,"key":"Weak Potion"},{"floor":28,"key":"Fire Potion"},{"floor":29,"key":"EssenceOfSteel"},{"floor":30,"key":"Regen Potion"},{"floor":36,"key":"Ancient Potion"},{"floor":40,"key":"Poison Potion"},{"floor":47,"key":"Fire Potion"},{"floor":47,"key":"SkillPotion"}],"is_trial":false,"path_per_floor":["M","$","?","?","?","E","R","E","T","E","M","R","?","$","R","B",null,"M","M","$","M","$","R","R","$","T","R","E","M","E","?","R","B",null,"M","M","?","$","?","E","R","?","T","R","M","R","?","M","R","B",null],"character_chosen":"THE_SILENT","items_purchased":["Noxious Fumes","TwistedFunnel","Well Laid Plans","Crippling Poison","Leg Sweep"],"campfire_rested":2,"item_purchase_floors":[2,14,20,22,25],"current_hp_per_floor":[70,70,59,59,59,59,59,61,61,30,32,32,32,32,32,24,70,45,36,36,34,34,55,55,55,55,55,57,50,52,36,57,58,70,70,70,70,70,65,70,70,70,70,70,70,70,70,70,70,68],"gold":280,"neow_bonus":"THREE_ENEMY_KILL","is_prod":false,"is_daily":false,"chose_seed":false,"campfire_upgraded":6,"win_rate":0,"timestamp":1552172908,"path_taken":["M","$","?","?","?","E","R","E","T","E","?","R","?","?","R","BOSS","M","M","?","M","$","R","R","$","T","R","E","M","E","?","R","BOSS","M","M","?","$","?","E","R","?","T","R","M","R","?","M","R","BOSS"],"build_version":"2019-01-23","purchased_purges":2,"victory":true,"max_hp_per_floor":[70,70,70,70,70,70,70,70,70,70,70,70,70,70,70,70,70,70,70,70,70,70,70,70,70,70,70,70,70,70,70,70,70,70,70,70,70,70,70,70,70,70,70,70,70,70,70,70,70,70],"card_choices":[{"not_picked":["Acrobatics","Choke"],"picked":"Deadly Poison","floor":1},{"not_picked":["Expertise","Prepared","Storm of Steel"],"picked":"SKIP","floor":6},{"not_picked":["Poisoned Stab","Dodge and Roll"],"picked":"Dash","floor":8},{"not_picked":["Riddle With Holes","A Thousand Cuts"],"picked":"Catalyst","floor":10},{"not_picked":["Underhanded Strike","Bane"],"picked":"Poisoned Stab","floor":11},{"not_picked":["Sucker Punch","Accuracy"],"picked":"Poisoned Stab","floor":13},{"not_picked":["Dagger Throw","Distraction"],"picked":"Poisoned Stab","floor":18},{"not_picked":["Prepared+1","Acrobatics"],"picked":"Deflect+1","floor":19},{"not_picked":["Cloak And Dagger","Endless Agony+1"],"picked":"Deflect+1","floor":21},{"not_picked":["Crippling Poison+1","Outmaneuver"],"picked":"Backstab+1","floor":23},{"not_picked":["Eviscerate","Terror"],"picked":"Footwork+1","floor":28},{"not_picked":["Sucker Punch+1","Flying Knee"],"picked":"Backflip","floor":29},{"not_picked":["Choke","Wraith Form v2"],"picked":"Footwork","floor":30},{"not_picked":["Quick Slash","Flechettes"],"picked":"Endless Agony+1","floor":32},{"not_picked":["Slice","Outmaneuver+1"],"picked":"Blade Dance+1","floor":35},{"not_picked":["All Out Attack+1","Bane"],"picked":"Escape Plan","floor":36},{"not_picked":["Purity","Magnetism"],"picked":"Mayhem","floor":39},{"not_picked":["Panache","Violence"],"picked":"Bandage Up","floor":39},{"not_picked":["Blade Dance","Acrobatics+1"],"picked":"Noxious Fumes","floor":40},{"not_picked":["Well Laid Plans+1","Bane"],"picked":"PiercingWail","floor":42},{"not_picked":["Bouncing Flask+1","Flying Knee+1"],"picked":"Blade Dance+1","floor":45},{"not_picked":["Concentrate","Bullet Time","Tactician"],"picked":"SKIP","floor":48}],"player_experience":272000,"relics_obtained":[{"floor":6,"key":"Blood Vial"},{"floor":8,"key":"Peace Pipe"},{"floor":9,"key":"Dream Catcher"},{"floor":10,"key":"Incense Burner"},{"floor":13,"key":"WingedGreaves"},{"floor":17,"key":"Bronze Scales"},{"floor":17,"key":"Shuriken"},{"floor":17,"key":"Torii"},{"floor":26,"key":"Paper Crane"},{"floor":28,"key":"Ginger"},{"floor":30,"key":"Girya"},{"floor":31,"key":"Necronomicon"},{"floor":40,"key":"The Courier"},{"floor":42,"key":"Dead Branch"},{"floor":43,"key":"Molten Egg 2"}],"event_choices":[{"damage_healed":0,"gold_gain":75,"player_choice":"Gather Gold","damage_taken":11,"max_hp_gain":0,"max_hp_loss":0,"event_name":"World of Goop","floor":3,"gold_loss":0},{"cards_removed":["Strike_G"],"damage_healed":0,"gold_gain":0,"player_choice":"Card Removal","damage_taken":0,"max_hp_gain":0,"max_hp_loss":0,"event_name":"The Cleric","floor":4,"gold_loss":50},{"damage_healed":0,"gold_gain":0,"player_choice":"Upgraded","damage_taken":0,"max_hp_gain":0,"max_hp_loss":0,"event_name":"Upgrade Shrine","floor":5,"gold_loss":0,"cards_upgraded":["Neutralize"]},{"damage_healed":0,"gold_gain":30,"player_choice":"Searched \u00272\u0027 times","damage_taken":0,"max_hp_gain":0,"max_hp_loss":0,"event_name":"Dead Adventurer","floor":13,"gold_loss":0},{"damage_healed":0,"gold_gain":0,"player_choice":"Obtained Book","damage_taken":16,"max_hp_gain":0,"max_hp_loss":0,"event_name":"Cursed Tome","floor":31,"gold_loss":0},{"cards_removed":["Poisoned Stab"],"damage_healed":0,"gold_gain":0,"player_choice":"Removed Attack","damage_taken":0,"max_hp_gain":0,"max_hp_loss":0,"event_name":"Falling","floor":37,"gold_loss":0},{"damage_healed":0,"gold_gain":0,"player_choice":"Memory 2","damage_taken":5,"max_hp_gain":0,"max_hp_loss":0,"event_name":"SensoryStone","floor":39,"gold_loss":0},{"damage_healed":0,"gold_gain":0,"player_choice":"Fight","damage_taken":0,"max_hp_gain":0,"max_hp_loss":0,"event_name":"MindBloom","floor":42,"gold_loss":0},{"damage_healed":0,"gold_gain":0,"player_choice":"Got Potions","damage_taken":0,"max_hp_gain":0,"max_hp_loss":0,"event_name":"Lab","floor":47,"gold_loss":0}],"is_beta":false,"boss_relics":[{"not_picked":["Velvet Choker","Fusion Hammer"],"picked":"Calling Bell"},{"not_picked":["Astrolabe","Runic Pyramid"],"picked":"Philosopher\u0027s Stone"}],"items_purged_floors":[20,38],"is_endless":false,"potions_floor_spawned":[11,16,19,28,29,30,36,40],"ascension_level":2}