{"gold_per_floor":[119,131,150,168,184,184,216,216,216,0,20,20,20,44,44,143,143,155,172,172,48,48,81,81,114,159,176,186,186,218,235,235,333,333,348,348,39,58,104,104,136,150,150,162,162,384,400,416,416,416],"floor_reached":51,"playtime":5147,"items_purged":[],"score":769,"play_id":"fc25b764-84a1-4c66-9128-a679e0b2b573","local_time":"20190615230152","is_ascension_mode":false,"campfire_choices":[{"data":"Rage","floor":6,"key":"SMITH"},{"data":"Impervious","floor":8,"key":"SMITH"},{"data":"Bash","floor":12,"key":"SMITH"},{"floor":15,"key":"REST"},{"data":"Demon Form","floor":24,"key":"SMITH"},{"floor":29,"key":"REST"},{"data":"Barricade","floor":32,"key":"SMITH"},{"floor":40,"key":"REST"},{"floor":45,"key":"REST"},{"floor":49,"key":"REST"}],"neow_cost":"NONE","seed_source_timestamp":36013456719800,"circlet_count":0,"master_deck":["Strike_R","Strike_R","Strike_R","Strike_R","Strike_R","Defend_R","Defend_R","Defend_R+1","Defend_R","Bash+1","Dropkick+1","Anger+1","Armaments+1","Rage+1","Cleave","Impervious+1","Thunderclap","Demon Form+1","Searing Blow","Flex","Shrug It Off","Inflame","Barricade+1","Body Slam+1","Entrench","Disarm","Whirlwind","Armaments","Brutality","Clothesline+1","Blood for Blood","Disarm","Rage","Dual Wield","Iron Wave","Rage+1"],"relics":["Burning Blood","Lantern","Paper Frog","War Paint","Potion Belt","Bronze Scales","Mark of Pain","Mango","Happy Flower","Red Mask","Oddly Smooth Stone","Whetstone","Runic Cube","Membership Card","Red Skull","Unceasing Top","Orichalcum","Self Forming Clay"],"potions_floor_usage":[4,7,25,28,28,33,33,33,39,39,44,50,50],"damage_taken":[{"damage":1,"enemies":"Jaw Worm","floor":1,"turns":5},{"damage":10,"enemies":"2 Louse","floor":2,"turns":5},{"damage":0,"enemies":"Small Slimes","floor":3,"turns":3},{"damage":0,"enemies":"Looter","floor":4,"turns":4},{"damage":4,"enemies":"Exordium Thugs","floor":5,"turns":7},{"damage":31,"enemies":"Gremlin Nob","floor":7,"turns":6},{"damage":0,"enemies":"Large Slime","floor":11,"turns":5},{"damage":16,"enemies":"Slime Boss","floor":16,"turns":10},{"damage":10,"enemies":"Chosen","floor":18,"turns":4},{"damage":21,"enemies":"3 Byrds","floor":19,"turns":4},{"damage":0,"enemies":"Gremlin Leader","floor":23,"turns":6},{"damage":31,"enemies":"Masked Bandits","floor":25,"turns":5},{"damage":4,"enemies":"Centurion and Healer","floor":27,"turns":5},{"damage":32,"enemies":"Snake Plant","floor":28,"turns":5},{"damage":21,"enemies":"Slavers","floor":30,"turns":5},{"damage":12,"enemies":"Snecko","floor":31,"turns":5},{"damage":31,"enemies":"Collector","floor":33,"turns":10},{"damage":9,"enemies":"Orb Walker","floor":35,"turns":3},{"damage":8,"enemies":"3 Shapes","floor":38,"turns":4},{"damage":57,"enemies":"2 Orb Walkers","floor":39,"turns":6},{"damage":27,"enemies":"Giant Head","floor":41,"turns":7},{"damage":34,"enemies":"Spire Growth","floor":42,"turns":6},{"damage":0,"enemies":"Sphere and 2 Shapes","floor":44,"turns":3},{"damage":28,"enemies":"Transient","floor":47,"turns":5},{"damage":5,"enemies":"4 Shapes","floor":48,"turns":4},{"damage":23,"enemies":"Donu and Deca","floor":50,"turns":9}],"seed_played":"8042562332318543458","potions_obtained":[{"floor":2,"key":"AttackPotion"},{"floor":3,"key":"Swift Potion"},{"floor":11,"key":"Regen Potion"},{"floor":16,"key":"Swift Potion"},{"floor":18,"key":"BloodPotion"},{"floor":23,"key":"LiquidBronze"},{"floor":25,"key":"EssenceOfSteel"},{"floor":28,"key":"AttackPotion"},{"floor":33,"key":"SpeedPotion"},{"floor":35,"key":"FairyPotion"},{"floor":36,"key":"Regen Potion"},{"floor":36,"key":"Fire Potion"},{"floor":41,"key":"SteroidPotion"},{"floor":48,"key":"Block Potion"}],"is_trial":false,"path_per_floor":["M","M","M","M","M","R","E","R","T","$","M","R","?","T","R","B",null,"M","M","?","$","?","E","R","?","T","M","M","R","E","M","R","B",null,"M","?","$","M","?","R","E","M","T","M","R","?","M","M","R","B",null],"character_chosen":"IRONCLAD","items_purchased":["War Paint","BloodPotion","Shrug It Off","Inflame","Membership Card","Red Skull","Blood for Blood"],"campfire_rested":5,"item_purchase_floors":[10,10,21,21,37,37,37],"current_hp_per_floor":[88,84,88,88,88,88,63,63,63,63,69,69,57,57,83,73,88,84,69,69,69,83,89,89,64,64,66,60,90,75,69,69,59,102,99,99,99,97,51,81,60,32,32,38,68,68,46,47,77,60],"gold":416,"neow_bonus":"TEN_PERCENT_HP_BONUS","is_prod":false,"is_daily":false,"chose_seed":false,"campfire_upgraded":5,"win_rate":0.0,"timestamp":1560664912,"path_taken":["M","M","M","M","M","R","E","R","T","$","M","R","?","?","R","BOSS","M","M","?","$","?","E","R","?","T","M","M","R","E","M","R","BOSS","M","?","?","M","?","R","E","M","T","M","R","?","M","?","R","BOSS"],"build_version":"2019-01-23","purchased_purges":0,"victory":true,"max_hp_per_floor":[88,88,88,88,88,88,88,88,88,88,88,88,88,88,88,88,88,88,88,88,88,102,102,102,102,102,102,102,102,102,102,102,102,102,102,102,102,102,102,102,102,102,102,102,102,102,102,102,102,102],"card_choices":[{"not_picked":["Iron Wave","Shrug It Off"],"picked":"Dropkick","floor":1},{"not_picked":["Twin Strike","Sword Boomerang"],"picked":"Anger","floor":2},{"not_picked":["Disarm","Clothesline"],"picked":"Armaments","floor":3},{"not_picked":["Iron Wave","Armaments"],"picked":"Rage","floor":4},{"not_picked":["Shrug It Off","Barricade"],"picked":"Cleave","floor":5},{"not_picked":["Body Slam","Entrench"],"picked":"Impervious","floor":7},{"not_picked":["Armaments","Battle Trance"],"picked":"Thunderclap","floor":11},{"not_picked":["Barricade","Feed"],"picked":"Demon Form","floor":16},{"not_picked":["Twin Strike","Warcry"],"picked":"Searing Blow","floor":18},{"not_picked":["True Grit","Headbutt"],"picked":"Flex","floor":19},{"not_picked":["Feel No Pain+1","Ghostly Armor"],"picked":"Barricade","floor":23},{"not_picked":["Sword Boomerang","Hemokinesis+1"],"picked":"Body Slam+1","floor":25},{"not_picked":["Twin Strike","Disarm"],"picked":"Entrench","floor":27},{"not_picked":["Clash","Clothesline"],"picked":"Disarm","floor":28},{"not_picked":["Sword Boomerang","Thunderclap"],"picked":"Whirlwind","floor":30},{"not_picked":["Flex","Burning Pact"],"picked":"Armaments","floor":31},{"not_picked":["Dark Embrace","Barricade"],"picked":"Brutality","floor":33},{"not_picked":["Body Slam","Carnage"],"picked":"Clothesline+1","floor":35},{"not_picked":["Armaments+1","Clash+1"],"picked":"Disarm","floor":38},{"not_picked":["Flex","Corruption+1"],"picked":"Rage","floor":41},{"not_picked":["Body Slam","Second Wind+1"],"picked":"Dual Wield","floor":42},{"not_picked":["Bludgeon","Seeing Red+1"],"picked":"Iron Wave","floor":44},{"not_picked":["Body Slam","Pummel+1","Seeing Red"],"picked":"SKIP","floor":47},{"not_picked":["Seeing Red","Bloodletting+1"],"picked":"Rage+1","floor":48}],"player_experience":42713,"relics_obtained":[{"floor":7,"key":"Lantern"},{"floor":9,"key":"Paper Frog"},{"floor":14,"key":"Bronze Scales"},{"floor":23,"key":"Happy Flower"},{"floor":25,"key":"Red Mask"},{"floor":26,"key":"Oddly Smooth Stone"},{"floor":30,"key":"Whetstone"},{"floor":39,"key":"Unceasing Top"},{"floor":41,"key":"Orichalcum"},{"floor":43,"key":"Self Forming Clay"}],"event_choices":[{"damage_healed":0,"gold_gain":0,"player_choice":"Success","damage_taken":12,"relics_obtained":["Potion Belt"],"max_hp_gain":0,"max_hp_loss":0,"event_name":"Scrap Ooze","floor":13,"gold_loss":0},{"damage_healed":0,"gold_gain":0,"player_choice":"Ignored","damage_taken":0,"max_hp_gain":0,"max_hp_loss":0,"event_name":"Vampires","floor":20,"gold_loss":0},{"damage_healed":0,"gold_gain":0,"player_choice":"Opened","damage_taken":0,"relics_obtained":["Mango"],"max_hp_gain":0,"max_hp_loss":0,"event_name":"The Mausoleum","floor":22,"gold_loss":0},{"damage_healed":0,"gold_gain":0,"player_choice":"Fought Bandits","damage_taken":0,"max_hp_gain":0,"max_hp_loss":0,"event_name":"Masked Bandits","floor":25,"gold_loss":0},{"damage_healed":0,"gold_gain":0,"player_choice":"Got Potions","damage_taken":0,"max_hp_gain":0,"max_hp_loss":0,"event_name":"Lab","floor":36,"gold_loss":0},{"damage_healed":0,"gold_gain":0,"player_choice":"Fight","damage_taken":0,"max_hp_gain":0,"max_hp_loss":0,"event_name":"Mysterious Sphere","floor":39,"gold_loss":0},{"damage_healed":0,"gold_gain":222,"player_choice":"Wore Mask","damage_taken":0,"max_hp_gain":0,"max_hp_loss":0,"event_name":"Tomb of Lord Red Mask","floor":46,"gold_loss":0}],"is_beta":false,"boss_relics":[{"not_picked":["Busted Crown","Fusion Hammer"],"picked":"Mark of Pain"},{"not_picked":["Philosopher\u0027s Stone","Empty Cage"],"picked":"Runic Cube"}],"items_purged_floors":[],"is_endless":false,"potions_floor_spawned":[2,3,11,16,18,23,25,28,33,35,41,48],"ascension_level":0}