{"gold_per_floor":[110,35,35,59,59,59,77,77,77,120,145,158,158,177,177,303,303,316,337,337,350,363,397,104,104,130,155,37,37,53,76,76,204,204,229,243,243,101,126,164,164,183,183,198,219,234,234,234,234,234],"floor_reached":51,"playtime":9213,"items_purged":["Strike_B","Writhe"],"score":1020,"play_id":"e674aa25-7a5e-4dd5-b54a-a7fd6094975d","local_time":"20190425151755","is_ascension_mode":true,"campfire_choices":[{"data":"Zap","floor":6.0,"key":"SMITH"},{"data":"Darkness","floor":8.0,"key":"SMITH"},{"data":"Coolheaded","floor":13.0,"key":"SMITH"},{"floor":15,"key":"REST"},{"data":"Echo Form","floor":25,"key":"SMITH"},{"floor":32,"key":"REST"},{"data":"Biased Cognition","floor":41,"key":"SMITH"},{"floor":49,"key":"RECALL"}],"neow_cost":"NONE","seed_source_timestamp":0,"circlet_count":0,"master_deck":["AscendersBane","Strike_B+1","Defend_B+1","Defend_B+1","Defend_B+1","Zap+1","Dualcast+1","Darkness+1","Glacier+1","Cold Snap+1","Rainbow+1","Hologram+1","Glacier+1","Coolheaded+1","Echo Form+1","Steam+1","Reinforced Body+1","Capacitor+1","BootSequence+1","Biased Cognition+1","Fusion+1","Capacitor+1","Sweeping Beam+1","Capacitor+1","White Noise+1","Redo+1"],"special_seed":0,"relics":["Cracked Core","Golden Idol","The Courier","Art of War","Runic Pyramid","Vajra","Incense Burner","Bag of Marbles","DataDisk","Coffee Dripper","Bag of Preparation","Frozen Egg 2","Mark of the Bloom"],"potions_floor_usage":[18,23,40,40,45,50,50,50,50,50],"damage_taken":[{"damage":3.0,"enemies":"2 Louse","floor":1.0,"turns":3.0},{"damage":2.0,"enemies":"Small Slimes","floor":4.0,"turns":5.0},{"damage":0.0,"enemies":"Cultist","floor":7.0,"turns":2.0},{"damage":14.0,"enemies":"3 Sentries","floor":10.0,"turns":8.0},{"damage":1.0,"enemies":"Looter","floor":11.0,"turns":3.0},{"damage":6.0,"enemies":"Lots of Slimes","floor":12.0,"turns":5.0},{"damage":7.0,"enemies":"3 Louse","floor":14.0,"turns":3.0},{"damage":12,"enemies":"Slime Boss","floor":16,"turns":8},{"damage":22,"enemies":"2 Thieves","floor":18,"turns":3},{"damage":1,"enemies":"Chosen","floor":19,"turns":6},{"damage":15,"enemies":"3 Cultists","floor":21,"turns":9},{"damage":6,"enemies":"Snecko","floor":22,"turns":7},{"damage":0,"enemies":"Book of Stabbing","floor":23,"turns":7},{"damage":13,"enemies":"Snake Plant","floor":27,"turns":5},{"damage":0,"enemies":"Centurion and Healer","floor":30,"turns":8},{"damage":0,"enemies":"Snecko","floor":31,"turns":7},{"damage":31,"enemies":"Champ","floor":33,"turns":15},{"damage":0,"enemies":"Orb Walker","floor":35,"turns":5},{"damage":1,"enemies":"3 Shapes","floor":36,"turns":6},{"damage":0,"enemies":"3 Darklings","floor":39,"turns":8},{"damage":57,"enemies":"Reptomancer","floor":40,"turns":8},{"damage":0,"enemies":"Spire Growth","floor":42,"turns":6},{"damage":0,"enemies":"4 Shapes","floor":44,"turns":5},{"damage":0,"enemies":"Writhing Mass","floor":45,"turns":7},{"damage":0,"enemies":"3 Darklings","floor":46,"turns":6},{"damage":3,"enemies":"Awakened One","floor":50,"turns":8}],"seed_played":"6029641266875666537","potions_obtained":[{"floor":1.0,"key":"PowerPotion"},{"floor":7.0,"key":"Fire Potion"},{"floor":11.0,"key":"FearPotion"},{"floor":22,"key":"FocusPotion"},{"floor":23,"key":"FearPotion"},{"floor":30,"key":"GamblersBrew"},{"floor":31,"key":"Ancient Potion"},{"floor":36,"key":"FocusPotion"},{"floor":40,"key":"Block Potion"},{"floor":45,"key":"EssenceOfSteel"},{"floor":46,"key":"EntropicBrew"}],"is_trial":false,"path_per_floor":["M","$","?","M","?","R","M","R","T","E","M","M","R","M","R","B",null,"M","M","?","M","M","E","$","R","T","M","$","?","M","M","R","B",null,"M","M","?","$","M","E","R","M","T","M","M","M","?","?","R","B",null],"character_chosen":"DEFECT","items_purchased":["Glacier","Incense Burner","DataDisk","Capacitor"],"campfire_rested":2,"item_purchase_floors":[2,24,28,38],"current_hp_per_floor":[72,72,52,50,50,50,50,50,50,36,35,29,29,22,46,34,70,48,47,47,32,26,26,26,26,26,13,13,13,13,13,37,6,63,63,62,82,82,82,25,25,25,25,25,25,25,25,25,25,22],"gold":234,"neow_bonus":"TEN_PERCENT_HP_BONUS","is_prod":false,"is_daily":false,"chose_seed":false,"campfire_upgraded":5,"win_rate":0,"timestamp":1556198275,"path_taken":["M","$","?","M","?","R","M","R","T","E","M","M","R","M","R","BOSS","M","?","?","M","M","E","$","R","T","M","$","?","M","M","R","BOSS","M","?","?","$","M","E","R","M","T","M","M","M","?","?","R","BOSS"],"build_version":"2019-01-23","purchased_purges":2,"victory":true,"max_hp_per_floor":[82,82,82,82,82,82,82,82,82,82,82,82,82,82,82,82,82,82,82,82,82,82,82,82,82,82,82,82,82,82,82,82,82,82,82,82,82,82,82,82,82,82,82,82,82,82,82,82,82,82],"card_choices":[{"not_picked":["Auto Shields","Coolheaded"],"picked":"Darkness","floor":1.0},{"not_picked":["Chill","Leap"],"picked":"Cold Snap","floor":4.0},{"not_picked":["Leap","Sunder"],"picked":"Hologram","floor":7.0},{"not_picked":["Beam Cell","Storm"],"picked":"Glacier","floor":10.0},{"not_picked":["Cold Snap","Beam Cell","Scrape"],"picked":"SKIP","floor":11.0},{"not_picked":["Stack","Hologram"],"picked":"Coolheaded","floor":12.0},{"not_picked":["Beam Cell","Turbo","Redo"],"picked":"SKIP","floor":14},{"not_picked":["Multi-Cast","Biased Cognition"],"picked":"Echo Form","floor":16},{"not_picked":["Conserve Battery+1","BootSequence"],"picked":"Steam+1","floor":18},{"not_picked":["Barrage+1","Auto Shields"],"picked":"Reinforced Body","floor":19},{"not_picked":["Rebound","Barrage+1","Steam"],"picked":"SKIP","floor":21},{"not_picked":["Chaos+1","Stack","Redo"],"picked":"SKIP","floor":22},{"not_picked":["Stack+1","Auto Shields","Chill"],"picked":"SKIP","floor":23},{"not_picked":["Darkness","Reinforced Body","Cold Snap+1"],"picked":"SKIP","floor":27},{"not_picked":["Streamline","Skim"],"picked":"BootSequence+1","floor":30},{"not_picked":["Leap+1","Barrage","Melter+1"],"picked":"SKIP","floor":31},{"not_picked":["Echo Form","Meteor Strike"],"picked":"Biased Cognition","floor":33},{"not_picked":["Reinforced Body+1","Aggregate"],"picked":"Fusion+1","floor":35},{"not_picked":["Conserve Battery+1","Undo+1","Turbo"],"picked":"SKIP","floor":36},{"not_picked":["Double Energy+1","Leap"],"picked":"Sweeping Beam+1","floor":39},{"not_picked":["Go for the Eyes+1","Sweeping Beam+1"],"picked":"Capacitor+1","floor":40},{"not_picked":["Conserve Battery+1","Chill+1"],"picked":"White Noise","floor":42},{"not_picked":["Steam+1","Stack","Core Surge"],"picked":"SKIP","floor":44},{"not_picked":["Gash+1","Genetic Algorithm","Steam Power+1"],"picked":"SKIP","floor":45},{"not_picked":["Sweeping Beam+1","Beam Cell+1"],"picked":"Redo+1","floor":46}],"player_experience":511716,"relics_obtained":[{"floor":9.0,"key":"The Courier"},{"floor":10.0,"key":"Art of War"},{"floor":23,"key":"Vajra"},{"floor":26,"key":"Bag of Marbles"},{"floor":40,"key":"Bag of Preparation"},{"floor":43,"key":"Frozen Egg 2"}],"event_choices":[{"damage_healed":0.0,"max_hp_gain":0.0,"max_hp_loss":0.0,"gold_gain":0.0,"event_name":"Golden Idol","player_choice":"Take Damage","floor":3.0,"gold_loss":0.0,"damage_taken":20.0,"relics_obtained":["Golden Idol"]},{"damage_healed":0.0,"max_hp_gain":0.0,"max_hp_loss":0.0,"gold_gain":0.0,"cards_transformed":["Strike_B"],"event_name":"Transmorgrifier","player_choice":"Transformed","floor":5.0,"gold_loss":0.0,"damage_taken":0.0,"cards_obtained":["Rainbow"]},{"damage_healed":0,"gold_gain":0,"player_choice":"Read","damage_taken":0,"max_hp_gain":0,"max_hp_loss":0,"event_name":"The Library","floor":20,"gold_loss":0,"cards_obtained":["Capacitor"]},{"cards_removed":["Strike_B"],"damage_healed":0,"gold_gain":0,"player_choice":"Offered Basic","damage_taken":0,"max_hp_gain":0,"max_hp_loss":0,"event_name":"Bonfire Elementals","floor":29,"gold_loss":0},{"damage_healed":21,"gold_gain":0,"player_choice":"Writhe","damage_taken":0,"max_hp_gain":0,"max_hp_loss":0,"event_name":"Winding Halls","floor":37,"gold_loss":0,"cards_obtained":["Writhe"]},{"cards_removed":["Defend_B"],"damage_healed":0,"gold_gain":0,"player_choice":"Removed Skill","damage_taken":0,"max_hp_gain":0,"max_hp_loss":0,"event_name":"Falling","floor":47,"gold_loss":0},{"damage_healed":0,"gold_gain":0,"player_choice":"Upgrade","damage_taken":0,"relics_obtained":["Mark of the Bloom"],"max_hp_gain":0,"max_hp_loss":0,"event_name":"MindBloom","floor":48,"gold_loss":0,"cards_upgraded":["Strike_B","Defend_B","Defend_B","Defend_B","Dualcast","Glacier","Cold Snap","Rainbow","Hologram","Glacier","Reinforced Body","Capacitor","Capacitor","White Noise"]}],"is_beta":false,"boss_relics":[{"not_picked":["Eternal Feather","Philosopher\u0027s Stone"],"picked":"Runic Pyramid"},{"not_picked":["Black Star","Runic Dome"],"picked":"Coffee Dripper"}],"items_purged_floors":[24,38],"is_endless":false,"potions_floor_spawned":[1,7,11,22,23,30,31,36,40,45,46],"ascension_level":10}