{"gold_per_floor":[109,129,144,160,224,257,267,292,292,325,345,356,356,356,356,477,477,493,115,115,40,40,40,81,95,164,197,218,233,68,84,84,212,212,235,235,254,254,587,619,634,634,634,634],"floor_reached":44,"playtime":3099,"items_purged":["Strike_R"],"score":786,"play_id":"a0a90eef-fd55-444b-9f55-b77dc29eaad2","local_time":"20190119122541","is_ascension_mode":true,"campfire_choices":[{"floor":13,"key":"REST"},{"floor":15,"key":"REST"},{"data":"Corruption","floor":23,"key":"SMITH"},{"data":"Barricade","floor":32,"key":"SMITH"},{"floor":42,"key":"REST"}],"neow_cost":"NONE","seed_source_timestamp":131174899122497,"circlet_count":0,"master_deck":["Strike_R+1","Strike_R+1","Strike_R+1","Defend_R+1","Defend_R+1","Defend_R+1","Defend_R+1","Bash","Uppercut+1","Shrug It Off","Rampage+1","Disarm","Metallicize","Twin Strike","Iron Wave+1","Corruption+1","Barricade+1","Clash+1","Disarm+1","Battle Trance","Flame Barrier+1","Body Slam+1","Body Slam+1","Enlightenment","Rage","Metallicize","Brutality","Corruption+1"],"relics":["Black Blood","Bag of Preparation","Matryoshka","Oddly Smooth Stone","Molten Egg 2","Ginger","Runic Dome","Vajra","Centennial Puzzle","Whetstone","Bottled Flame","Shuriken","Blue Candle","Red Skull","Mango"],"potions_floor_usage":[7,7,16,33,33,33,35,40],"damage_taken":[{"damage":4,"enemies":"Cultist","floor":1,"turns":4},{"damage":0,"enemies":"2 Louse","floor":2,"turns":3},{"damage":5,"enemies":"Jaw Worm","floor":3,"turns":4},{"damage":13,"enemies":"Large Slime","floor":4,"turns":7},{"damage":25,"enemies":"Gremlin Nob","floor":6,"turns":4},{"damage":11,"enemies":"3 Louse","floor":7,"turns":4},{"damage":33,"enemies":"3 Sentries","floor":8,"turns":9},{"damage":23,"enemies":"Lagavulin","floor":10,"turns":8},{"damage":9,"enemies":"Exordium Thugs","floor":11,"turns":5},{"damage":2,"enemies":"Gremlin Gang","floor":12,"turns":5},{"damage":40,"enemies":"Hexaghost","floor":16,"turns":13},{"damage":25,"enemies":"Spheric Guardian","floor":18,"turns":6},{"damage":16,"enemies":"Slavers","floor":24,"turns":7},{"damage":7,"enemies":"Chosen","floor":25,"turns":6},{"damage":0,"enemies":"Book of Stabbing","floor":27,"turns":5},{"damage":2,"enemies":"Snecko","floor":28,"turns":4},{"damage":1,"enemies":"Snake Plant","floor":29,"turns":4},{"damage":4,"enemies":"Sentry and Sphere","floor":31,"turns":4},{"damage":3,"enemies":"Automaton","floor":33,"turns":8},{"damage":0,"enemies":"3 Shapes","floor":35,"turns":5},{"damage":5,"enemies":"Orb Walker","floor":37,"turns":3},{"damage":24,"enemies":"Nemesis","floor":40,"turns":7},{"damage":42,"enemies":"Transient","floor":41,"turns":5},{"damage":65,"enemies":"Reptomancer","floor":44,"turns":6}],"seed_played":"28610691587826247","potions_obtained":[{"floor":2,"key":"BloodPotion"},{"floor":3,"key":"Ancient Potion"},{"floor":7,"key":"Fruit Juice"},{"floor":10,"key":"SkillPotion"},{"floor":16,"key":"Energy Potion"},{"floor":27,"key":"FearPotion"},{"floor":29,"key":"Weak Potion"},{"floor":33,"key":"Explosive Potion"},{"floor":35,"key":"Block Potion"}],"is_trial":false,"path_per_floor":["M","M","M","M","?","E","M","E","T","E","M","M","R","?","R","B",null,"M","$","?","?","?","R","E","M","T","E","M","M","$","M","R","B",null,"M","?","M","?","?","E","M","R","T","E"],"character_chosen":"IRONCLAD","items_purchased":["Vajra","Centennial Puzzle","Enlightenment","Rage"],"campfire_rested":3,"item_purchase_floors":[19,19,30,30],"current_hp_per_floor":[74,80,80,73,73,54,62,35,35,18,15,19,44,44,67,33,68,49,49,75,75,75,75,65,64,64,70,74,79,79,79,79,79,79,79,75,75,75,75,61,29,51,65,0],"gold":634,"neow_bonus":"THREE_CARDS","is_prod":false,"is_daily":false,"chose_seed":false,"campfire_upgraded":2,"win_rate":0,"timestamp":1547889941,"path_taken":["M","M","?","M","?","E","M","E","T","E","M","M","R","?","R","BOSS","M","$","?","?","?","R","E","M","T","E","M","?","$","?","R","BOSS","M","?","M","?","?","E","M","R","T","E"],"build_version":"2019-01-17v2","purchased_purges":1,"victory":false,"max_hp_per_floor":[80,80,80,80,80,80,85,85,85,85,85,85,85,79,79,79,79,79,79,79,79,79,79,79,79,79,79,79,79,79,79,79,79,79,79,75,75,75,75,75,75,75,89,89],"card_choices":[{"not_picked":["Pommel Strike","Perfected Strike"],"picked":"Uppercut","floor":0},{"not_picked":["True Grit","Warcry"],"picked":"Shrug It Off","floor":1},{"not_picked":["True Grit","Armaments"],"picked":"Rampage","floor":2},{"not_picked":["Perfected Strike","Exhume"],"picked":"Disarm","floor":3},{"not_picked":["Heavy Blade","Havoc","Wild Strike"],"picked":"SKIP","floor":4},{"not_picked":["Rampage","Flex"],"picked":"Metallicize","floor":6},{"not_picked":["Flex","Clothesline"],"picked":"Twin Strike","floor":7},{"not_picked":["Blood for Blood","Fire Breathing","Flex"],"picked":"SKIP","floor":8},{"not_picked":["Ghostly Armor","Body Slam+1"],"picked":"Iron Wave+1","floor":10},{"not_picked":["Sever Soul+1","Perfected Strike+1","Dark Embrace"],"picked":"SKIP","floor":11},{"not_picked":["Havoc","Carnage+1"],"picked":"Corruption","floor":12},{"not_picked":["Bludgeon+1","Fiend Fire+1"],"picked":"Barricade","floor":16},{"not_picked":["Heavy Blade+1","Whirlwind+1"],"picked":"Clash+1","floor":18},{"not_picked":["Shrug It Off+1","Clothesline+1"],"picked":"Disarm+1","floor":24},{"not_picked":["Havoc","Warcry"],"picked":"Battle Trance","floor":25},{"not_picked":["Reckless Charge+1","Shrug It Off"],"picked":"Flame Barrier+1","floor":27},{"not_picked":["Dual Wield","Warcry"],"picked":"Body Slam+1","floor":28},{"not_picked":["Clash+1","Headbutt+1"],"picked":"Body Slam+1","floor":29},{"not_picked":["Anger+1","True Grit+1"],"picked":"Metallicize","floor":31},{"not_picked":["Clothesline+1","True Grit"],"picked":"Heavy Blade+1","floor":35},{"not_picked":["Twin Strike+1","Sword Boomerang+1","Cleave+1"],"picked":"SKIP","floor":37},{"not_picked":["Twin Strike+1","Clothesline+1"],"picked":"Brutality","floor":40},{"not_picked":["Wild Strike+1","Cleave+1"],"picked":"Corruption+1","floor":41}],"player_experience":63981,"relics_obtained":[{"floor":6,"key":"Bag of Preparation"},{"floor":8,"key":"Matryoshka"},{"floor":9,"key":"Oddly Smooth Stone"},{"floor":9,"key":"Molten Egg 2"},{"floor":10,"key":"Ginger"},{"floor":24,"key":"Whetstone"},{"floor":26,"key":"Bottled Flame"},{"floor":26,"key":"Shuriken"},{"floor":27,"key":"Blue Candle"},{"floor":40,"key":"Red Skull"},{"floor":43,"key":"Mango"}],"event_choices":[{"damage_healed":0,"gold_gain":64,"player_choice":"Gained Gold","damage_taken":0,"max_hp_gain":0,"max_hp_loss":0,"event_name":"Golden Wing","floor":5,"gold_loss":0},{"damage_healed":0,"gold_gain":0,"player_choice":"Lose Max HP","damage_taken":0,"relics_obtained":["Golden Idol"],"max_hp_gain":0,"max_hp_loss":6,"event_name":"Golden Idol","floor":14,"gold_loss":0},{"damage_healed":26,"gold_gain":0,"player_choice":"Heal","damage_taken":0,"max_hp_gain":0,"max_hp_loss":0,"event_name":"The Library","floor":20,"gold_loss":0},{"cards_removed":["Strike_R"],"damage_healed":0,"gold_gain":0,"player_choice":"Gave Gold","damage_taken":0,"max_hp_gain":0,"max_hp_loss":0,"event_name":"Beggar","floor":21,"gold_loss":75},{"damage_healed":0,"gold_gain":0,"player_choice":"Simplicity","damage_taken":0,"max_hp_gain":0,"max_hp_loss":0,"event_name":"Back to Basics","floor":22,"gold_loss":0,"cards_upgraded":["Strike_R","Strike_R","Strike_R","Defend_R","Defend_R","Defend_R","Defend_R"]},{"damage_healed":0,"gold_gain":0,"player_choice":"Max HP","damage_taken":0,"max_hp_gain":0,"max_hp_loss":4,"event_name":"Winding Halls","floor":36,"gold_loss":0},{"cards_removed":["Heavy Blade"],"damage_healed":0,"gold_gain":0,"player_choice":"Removed Attack","damage_taken":0,"max_hp_gain":0,"max_hp_loss":0,"event_name":"Falling","floor":38,"gold_loss":0},{"damage_healed":0,"gold_gain":333,"player_choice":"Gave Idol","damage_taken":0,"max_hp_gain":0,"max_hp_loss":0,"event_name":"The Moai Head","floor":39,"relics_lost":["Golden Idol"],"gold_loss":0}],"is_beta":false,"boss_relics":[{"not_picked":["Eternal Feather","Runic Cube"],"picked":"Runic Dome"},{"not_picked":["Astrolabe","Velvet Choker"],"picked":"Black Blood"}],"items_purged_floors":[19],"is_endless":false,"potions_floor_spawned":[2,3,7,10,16,27,29,31,33,35],"killed_by":"Reptomancer","ascension_level":9}