{"gold_per_floor":[216,233,247,172,172,172,197,209,279,279,279,48,69,82,82,203,203,218,237,87,87,105,138,138,173,219,243,314,364,404,478,478,599,599,620,640,1023,1041,1051,1076,1076,1109,1136,682,717,767,249,299,299,299],"floor_reached":51,"playtime":5356,"items_purged":["Strike_G","Strike_G","Strike_G","Strike_G"],"score":1222,"play_id":"7eb3853a-d478-4aa5-a7d6-8d95b01847b9","local_time":"20190419095503","is_ascension_mode":true,"campfire_choices":[{"data":"Crippling Poison","floor":6.0,"key":"SMITH"},{"floor":15.0,"key":"REST"},{"data":"Footwork","floor":24.0,"key":"SMITH"},{"floor":32.0,"key":"REST"},{"floor":41.0,"key":"REST"},{"data":"Footwork","floor":49.0,"key":"SMITH"}],"neow_cost":"NONE","seed_source_timestamp":0,"circlet_count":0,"master_deck":["AscendersBane","Defend_G","Defend_G","Defend_G","Defend_G","Defend_G","Strike_G","Survivor","Crippling Poison+1","Dodge and Roll","Deflect","Footwork+1","Acrobatics+1","Corpse Explosion+1","Noxious Fumes","Corpse Explosion+1","Noxious Fumes","Leg Sweep+1","Well Laid Plans","Crippling Poison+1","Footwork","Calculated Gamble+1","Deadly Poison+1","Backflip+1","Acrobatics+1","Expertise+1","Leg Sweep+1","Footwork+1"],"special_seed":0,"relics":["Ring of the Snake","Torii","Toxic Egg 2","Velvet Choker","SsserpentHead","Bronze Scales","FossilizedHelix","Bag of Preparation","Snecko Eye","Peace Pipe","Gremlin Horn","Pen Nib","Lee\u0027s Waffle","Pantograph","Calipers"],"potions_floor_usage":[],"damage_taken":[{"damage":0.0,"enemies":"Cultist","floor":1.0,"turns":5.0},{"damage":0.0,"enemies":"2 Louse","floor":2.0,"turns":3.0},{"damage":13.0,"enemies":"Jaw Worm","floor":3.0,"turns":9.0},{"damage":15.0,"enemies":"3 Sentries","floor":7.0,"turns":9.0},{"damage":0.0,"enemies":"Blue Slaver","floor":8.0,"turns":5.0},{"damage":1.0,"enemies":"2 Fungi Beasts","floor":13.0,"turns":4.0},{"damage":1.0,"enemies":"Looter","floor":14.0,"turns":4.0},{"damage":37.0,"enemies":"Slime Boss","floor":16.0,"turns":14.0},{"damage":0.0,"enemies":"3 Byrds","floor":18.0,"turns":2.0},{"damage":10.0,"enemies":"Shell Parasite","floor":19.0,"turns":4.0},{"damage":1.0,"enemies":"Snecko","floor":22.0,"turns":6.0},{"damage":3.0,"enemies":"Slavers","floor":23.0,"turns":5.0},{"damage":6.0,"enemies":"Book of Stabbing","floor":25.0,"turns":6.0},{"damage":0.0,"enemies":"Sentry and Sphere","floor":27.0,"turns":7.0},{"damage":0.0,"enemies":"Cultist and Chosen","floor":28.0,"turns":4.0},{"damage":21.0,"enemies":"Gremlin Leader","floor":30.0,"turns":7.0},{"damage":0.0,"enemies":"Centurion and Healer","floor":31.0,"turns":4.0},{"damage":9.0,"enemies":"Champ","floor":33.0,"turns":12.0},{"damage":14.0,"enemies":"3 Darklings","floor":35.0,"turns":4.0},{"damage":0.0,"enemies":"3 Shapes","floor":36.0,"turns":2.0},{"damage":17.0,"enemies":"Jaw Worm Horde","floor":38.0,"turns":3.0},{"damage":0.0,"enemies":"3 Darklings","floor":39.0,"turns":3.0},{"damage":1.0,"enemies":"Nemesis","floor":40.0,"turns":11.0},{"damage":1.0,"enemies":"Giant Head","floor":42.0,"turns":8.0},{"damage":1.0,"enemies":"Reptomancer","floor":45.0,"turns":7.0},{"damage":23,"enemies":"Awakened One","floor":50,"turns":19}],"seed_played":"-6893232703811704004","potions_obtained":[{"floor":3.0,"key":"AttackPotion"},{"floor":8.0,"key":"LiquidBronze"},{"floor":14.0,"key":"Weak Potion"},{"floor":16.0,"key":"AttackPotion"},{"floor":19.0,"key":"Block Potion"},{"floor":23.0,"key":"Regen Potion"},{"floor":25.0,"key":"Swift Potion"},{"floor":30.0,"key":"Swift Potion"},{"floor":31.0,"key":"GhostInAJar"},{"floor":33.0,"key":"Fire Potion"},{"floor":35.0,"key":"Fruit Juice"},{"floor":38.0,"key":"SkillPotion"}],"is_trial":false,"path_per_floor":["M","M","M","$","?","R","E","M","T","?","?","$","M","M","R","B",null,"M","M","$","?","M","E","R","E","T","M","M","?","E","M","R","B",null,"M","M","?","M","M","E","R","E","T","$","E","?","$","?","R","B",null],"character_chosen":"THE_SILENT","items_purchased":["Footwork","Acrobatics+1","Leg Sweep+1","Well Laid Plans","Lee\u0027s Waffle","Leg Sweep+1","Swift Potion","Calipers","Footwork"],"campfire_rested":3,"item_purchase_floors":[12,12,20,20,44,44,44,47,47],"current_hp_per_floor":[63,63,50,50,55,55,40,40,40,40,40,40,39,38,58,21,57,57,47,47,47,46,43,43,52,52,52,52,52,31,31,51,42,62,48,53,53,36,36,35,57,56,56,81,80,80,80,80,80,58],"gold":299,"neow_bonus":"HUNDRED_GOLD","is_prod":false,"is_daily":false,"chose_seed":false,"campfire_upgraded":3,"win_rate":0,"timestamp":1555660503,"path_taken":["M","?","M","$","?","R","E","M","T","?","?","$","M","M","R","BOSS","M","M","$","?","M","E","R","E","T","M","?","?","E","?","R","BOSS","M","M","?","M","M","E","R","E","T","$","E","?","$","?","R","BOSS"],"build_version":"2019-01-23","purchased_purges":4,"victory":true,"max_hp_per_floor":[70,70,70,70,75,75,75,75,75,69,69,69,69,69,69,69,69,69,69,69,69,69,69,69,69,69,69,69,69,69,69,69,69,69,69,74,74,74,74,74,74,74,74,81,81,81,81,81,81,81],"card_choices":[{"not_picked":["Dagger Throw","Slice"],"picked":"Crippling Poison","floor":1.0},{"not_picked":["PiercingWail","Cloak And Dagger"],"picked":"Dodge and Roll","floor":2.0},{"not_picked":["Cloak And Dagger","Reflex"],"picked":"Deflect","floor":3.0},{"not_picked":["Acrobatics","Eviscerate","Riddle With Holes"],"picked":"SKIP","floor":7.0},{"not_picked":["Bane","Expertise","Slice"],"picked":"SKIP","floor":8.0},{"not_picked":["Quick Slash","Slice"],"picked":"Corpse Explosion+1","floor":13.0},{"not_picked":["Flechettes","Deflect+1"],"picked":"Noxious Fumes","floor":14.0},{"not_picked":["Doppelganger+1","Tools of the Trade"],"picked":"Corpse Explosion+1","floor":16.0},{"not_picked":["Bane","Deflect+1","Flying Knee"],"picked":"SKIP","floor":18.0},{"not_picked":["Concentrate+1","Venomology+1"],"picked":"Noxious Fumes","floor":19.0},{"not_picked":["Dagger Spray","Sucker Punch"],"picked":"Crippling Poison+1","floor":22.0},{"not_picked":["Deadly Poison+1","Catalyst+1"],"picked":"Footwork","floor":23.0},{"not_picked":["Choke","Quick Slash+1","Predator"],"picked":"SKIP","floor":25.0},{"not_picked":["Setup+1","Quick Slash"],"picked":"Calculated Gamble+1","floor":27.0},{"not_picked":["Dodge and Roll+1","Sucker Punch","Acrobatics+1"],"picked":"SKIP","floor":28.0},{"not_picked":["Deflect+1","Cloak And Dagger+1","Expertise+1"],"picked":"SKIP","floor":30.0},{"not_picked":["Dodge and Roll+1","Slice"],"picked":"Deadly Poison+1","floor":31.0},{"not_picked":["Poisoned Stab","Underhanded Strike"],"picked":"Backflip+1","floor":35.0},{"not_picked":["All Out Attack","Slice+1","Underhanded Strike+1"],"picked":"SKIP","floor":36.0},{"not_picked":["Cloak And Dagger+1","Quick Slash","Dagger Throw+1"],"picked":"SKIP","floor":38.0},{"not_picked":["Dagger Spray+1","Bane+1"],"picked":"Acrobatics+1","floor":39.0},{"not_picked":["Well Laid Plans","Sucker Punch+1"],"picked":"Expertise+1","floor":40.0},{"not_picked":["Deadly Poison+1","Slice+1","Reflex+1"],"picked":"SKIP","floor":42.0},{"not_picked":["Reflex+1","Choke","Accuracy"],"picked":"SKIP","floor":45.0}],"player_experience":468142,"relics_obtained":[{"floor":7.0,"key":"Torii"},{"floor":9.0,"key":"Toxic Egg 2"},{"floor":23.0,"key":"Bronze Scales"},{"floor":25.0,"key":"FossilizedHelix"},{"floor":30.0,"key":"Bag of Preparation"},{"floor":40.0,"key":"Peace Pipe"},{"floor":42.0,"key":"Gremlin Horn"},{"floor":43.0,"key":"Pen Nib"},{"floor":45.0,"key":"Pantograph"}],"event_choices":[{"damage_healed":0.0,"max_hp_gain":5.0,"max_hp_loss":0.0,"gold_gain":0.0,"event_name":"Big Fish","player_choice":"Donut","floor":5.0,"gold_loss":0.0,"damage_taken":0.0},{"damage_healed":0.0,"max_hp_gain":0.0,"max_hp_loss":6.0,"gold_gain":0.0,"event_name":"Golden Idol","player_choice":"Lose Max HP","floor":10.0,"gold_loss":0.0,"damage_taken":0.0,"relics_obtained":["Golden Idol"]},{"damage_healed":0.0,"max_hp_gain":0.0,"max_hp_loss":0.0,"gold_gain":0.0,"event_name":"Accursed Blacksmith","player_choice":"Forge","floor":11.0,"gold_loss":0.0,"damage_taken":0.0,"cards_upgraded":["Neutralize"]},{"damage_healed":0.0,"max_hp_gain":0.0,"max_hp_loss":0.0,"gold_gain":0.0,"event_name":"FaceTrader","player_choice":"Trade","floor":21.0,"gold_loss":0.0,"damage_taken":0.0,"relics_obtained":["SsserpentHead"]},{"damage_healed":0.0,"max_hp_gain":0.0,"max_hp_loss":0.0,"gold_gain":0.0,"event_name":"Match and Keep!","player_choice":"0 cards matched","floor":29.0,"gold_loss":0.0,"damage_taken":0.0,"cards_obtained":[]},{"damage_healed":0.0,"max_hp_gain":0.0,"max_hp_loss":0.0,"gold_gain":333.0,"event_name":"The Moai Head","player_choice":"Gave Idol","floor":37.0,"relics_lost":["Golden Idol"],"gold_loss":0.0,"damage_taken":0.0},{"damage_healed":0.0,"max_hp_gain":0.0,"max_hp_loss":0.0,"gold_gain":0.0,"event_name":"Tomb of Lord Red Mask","player_choice":"Ignored","floor":46.0,"gold_loss":0.0,"damage_taken":0.0},{"cards_removed":["Neutralize"],"damage_healed":0.0,"max_hp_gain":0.0,"max_hp_loss":0.0,"gold_gain":0.0,"event_name":"Falling","player_choice":"Removed Attack","floor":48.0,"gold_loss":0.0,"damage_taken":0.0}],"is_beta":false,"boss_relics":[{"not_picked":["Tiny House","Busted Crown"],"picked":"Velvet Choker"},{"not_picked":["Eternal Feather","Sozu"],"picked":"Snecko Eye"}],"items_purged_floors":[4,12,44,47],"is_endless":false,"potions_floor_spawned":[3,8,14,16,19,23,25,30,31,33,35,38,39],"ascension_level":11}