{"gold_per_floor":[144,144,94,139,69,69,114,114,114,159,249,294,294,339,339,639,639,684,125,170,96,141,141],"floor_reached":23,"playtime":1114,"items_purged":[],"score":218,"play_id":"773ae3a1-ac0a-47ea-aafe-7e200ec6b7eb","local_time":"20190112154853","daily_mods":["Shiny","Time Dilation","Midas"],"is_ascension_mode":false,"campfire_choices":[{"floor":6,"key":"REST"},{"floor":8,"key":"REST"},{"floor":13,"key":"REST"},{"floor":15,"key":"REST"}],"neow_cost":"","seed_source_timestamp":0,"circlet_count":0,"master_deck":["Venomology","Corpse Explosion","Malaise","Phantasmal Killer","Die Die Die","Adrenaline","Envenom","Doppelganger","Burst","Wraith Form v2","Tools of the Trade","Night Terror","Unload","After Image","Bullet Time","Glass Knife","A Thousand Cuts","Caltrops","Blade Dance","Infinite Blades","Backflip","Underhanded Strike","Distraction","Calculated Gamble","Noxious Fumes","Adrenaline","Blade Dance","Escape Plan","Footwork+1","Acrobatics","Well Laid Plans+1","Blur+1"],"special_seed":17908,"relics":["Ring of the Snake","Ice Cream","Bottled Flame","Black Star","Frozen Egg 2","Oddly Smooth Stone"],"potions_floor_usage":[7,16,22,22,23,23,23],"damage_taken":[{"damage":7,"enemies":"Jaw Worm","floor":1,"turns":5},{"damage":0,"enemies":"Small Slimes","floor":4,"turns":1},{"damage":0,"enemies":"Cultist","floor":7,"turns":2},{"damage":13,"enemies":"Exordium Thugs","floor":10,"turns":2},{"damage":0,"enemies":"Gremlin Nob","floor":11,"turns":2},{"damage":12,"enemies":"Blue Slaver","floor":12,"turns":2},{"damage":0,"enemies":"Gremlin Gang","floor":14,"turns":1},{"damage":23,"enemies":"Hexaghost","floor":16,"turns":4},{"damage":11,"enemies":"3 Byrds","floor":18,"turns":3},{"damage":20,"enemies":"2 Thieves","floor":20,"turns":2},{"damage":8,"enemies":"Snecko","floor":22,"turns":3},{"damage":33,"enemies":"Gremlin Leader","floor":23,"turns":4}],"seed_played":"-6985528776825621970","potions_obtained":[{"floor":4,"key":"AttackPotion"},{"floor":12,"key":"LiquidBronze"},{"floor":14,"key":"Poison Potion"},{"floor":16,"key":"Dexterity Potion"},{"floor":18,"key":"Fire Potion"},{"floor":22,"key":"PowerPotion"}],"is_trial":false,"path_per_floor":["M","?","?","M","$","R","M","R","T","M","E","M","R","M","R","B",null,"M","$","M","$","M","E"],"character_chosen":"THE_SILENT","items_purchased":["Infinite Blades","Frozen Egg 2","Oddly Smooth Stone","Escape Plan","Footwork+1","Well Laid Plans+1"],"campfire_rested":4,"item_purchase_floors":[5,19,19,19,19,21],"current_hp_per_floor":[63,56,56,56,56,70,70,70,70,57,57,45,66,66,70,47,70,59,59,39,39,31,0],"gold":141,"neow_bonus":"","is_prod":false,"is_daily":true,"chose_seed":false,"campfire_upgraded":0,"win_rate":0,"timestamp":1547336933,"path_taken":["M","?","?","M","$","R","M","R","T","?","E","M","R","M","R","BOSS","M","?","M","$","M","E"],"build_version":"2019-01-10","purchased_purges":0,"victory":false,"max_hp_per_floor":[70,70,70,70,70,70,70,70,70,70,70,70,70,70,70,70,70,70,70,70,70,70,70],"card_choices":[{"not_picked":["Prepared","Skewer"],"picked":"Caltrops","floor":1},{"not_picked":["PiercingWail","Poisoned Stab"],"picked":"Blade Dance","floor":4},{"not_picked":["Bane","Dagger Spray"],"picked":"Backflip","floor":7},{"not_picked":["Phantasmal Killer","Quick Slash"],"picked":"Underhanded Strike","floor":10},{"not_picked":["Prepared","Expertise"],"picked":"Distraction","floor":11},{"not_picked":["Slice","Bane"],"picked":"Calculated Gamble","floor":12},{"not_picked":["Backstab","PiercingWail"],"picked":"Noxious Fumes","floor":14},{"not_picked":["Storm of Steel","Night Terror"],"picked":"Adrenaline","floor":16},{"not_picked":["Crippling Poison","Deadly Poison+1"],"picked":"Blade Dance","floor":18},{"not_picked":["Poisoned Stab+1","Finisher"],"picked":"Acrobatics","floor":20},{"not_picked":["Bouncing Flask","Deadly Poison"],"picked":"Blur+1","floor":22}],"player_experience":316033,"relics_obtained":[{"floor":9,"key":"Ice Cream"},{"floor":11,"key":"Bottled Flame"}],"event_choices":[{"cards_removed":["Storm of Steel"],"damage_healed":0,"gold_gain":0,"player_choice":"Card Removal","damage_taken":7,"max_hp_gain":0,"max_hp_loss":0,"event_name":"Golden Wing","floor":2,"gold_loss":0},{"cards_removed":["Grand Finale"],"damage_healed":0,"gold_gain":0,"player_choice":"Card Removal","damage_taken":0,"max_hp_gain":0,"max_hp_loss":0,"event_name":"The Cleric","floor":3,"gold_loss":50}],"is_beta":false,"boss_relics":[{"not_picked":["Eternal Feather","Ectoplasm"],"picked":"Black Star"}],"items_purged_floors":[],"is_endless":false,"potions_floor_spawned":[4,12,14,16,18,22],"killed_by":"Gremlin Leader","ascension_level":0}