{"gold_per_floor":[109,125,34,34,46,46,64,64,91,91,117,117,148,164,164,262,262,281,380,20,30,30,30,49,49,72,72,85,97,61,61,61,61],"floor_reached":33,"playtime":2541,"items_purged":[],"score":255,"play_id":"abe41784-eb6c-4bec-88ee-d0afd2ab9275","local_time":"20190614172029","is_ascension_mode":false,"campfire_choices":[{"data":"Strike_R","floor":6,"key":"SMITH"},{"floor":10,"key":"REST"},{"floor":15,"key":"REST"},{"floor":23,"key":"REST"},{"floor":25,"key":"REST"},{"floor":32,"key":"REST"}],"neow_cost":"","seed_source_timestamp":13552019058800,"circlet_count":0,"master_deck":["Strike_R+1","Strike_R+1","Strike_R+1","Strike_R+1","Strike_R+1","Defend_R+1","Defend_R+1","Defend_R+1","Defend_R+1","Bash","Pommel Strike+1","Pummel","Rupture","Armaments","Perfected Strike","Twin Strike","Sword Boomerang","Clothesline","Seeing Red","Reaper","Infernal Blade","Combust","Ghostly Armor","Cleave","Entrench","Reckless Charge+1","Anger","Dual Wield","Double Tap","Carnage+1","Fire Breathing","Headbutt+1","Shrug It Off+1","Feel No Pain"],"relics":["Burning Blood","Ancient Tea Set","Lantern","Vajra","Girya","Orrery","Whetstone"],"potions_floor_usage":[16,16,24,28,28,33,33],"damage_taken":[{"damage":7,"enemies":"Small Slimes","floor":1,"turns":4},{"damage":3,"enemies":"2 Louse","floor":2,"turns":3},{"damage":4,"enemies":"Jaw Worm","floor":5,"turns":4},{"damage":10,"enemies":"2 Fungi Beasts","floor":7,"turns":3},{"damage":17,"enemies":"3 Sentries","floor":11,"turns":9},{"damage":14,"enemies":"Gremlin Nob","floor":13,"turns":3},{"damage":5,"enemies":"Blue Slaver","floor":14,"turns":2},{"damage":66,"enemies":"The Guardian","floor":16,"turns":10},{"damage":51,"enemies":"3 Byrds","floor":18,"turns":7},{"damage":22,"enemies":"Spheric Guardian","floor":21,"turns":4},{"damage":13,"enemies":"Cultist and Chosen","floor":24,"turns":5},{"damage":11,"enemies":"3 Cultists","floor":28,"turns":5},{"damage":24,"enemies":"Snake Plant","floor":29,"turns":5},{"damage":72,"enemies":"Champ","floor":33,"turns":7}],"seed_played":"-4318556860499581623","potions_obtained":[{"floor":5,"key":"Fire Potion"},{"floor":14,"key":"BloodPotion"},{"floor":16,"key":"Dexterity Potion"},{"floor":24,"key":"Ancient Potion"},{"floor":28,"key":"Dexterity Potion"},{"floor":29,"key":"Weak Potion"}],"is_trial":false,"path_per_floor":["M","M","$","?","M","R","M","?","T","R","E","?","E","M","R","B",null,"M","?","$","M","?","R","M","R","T","?","M","M","$","?","R","B"],"character_chosen":"IRONCLAD","items_purchased":["Rupture","Armaments","Anger","Block Potion","SteroidPotion","Dual Wield","Double Tap","Feel No Pain"],"campfire_rested":5,"item_purchase_floors":[3,3,20,20,20,20,20,30],"current_hp_per_floor":[79,80,80,80,80,80,76,76,76,80,69,57,49,50,74,22,80,44,44,44,28,28,52,45,69,69,69,64,46,46,31,56,0],"gold":61,"neow_bonus":"","is_prod":false,"is_daily":false,"chose_seed":false,"campfire_upgraded":1,"win_rate":0.0,"timestamp":1560529229,"path_taken":["M","M","$","?","M","R","M","?","T","R","E","?","E","M","R","BOSS","M","?","$","M","?","R","?","R","T","?","M","M","$","?","R","BOSS"],"build_version":"2019-01-23","purchased_purges":0,"victory":false,"max_hp_per_floor":[80,80,80,80,80,80,80,80,80,80,80,80,80,80,80,80,80,80,80,80,80,80,80,80,80,80,80,80,80,80,85,85,85],"card_choices":[{"not_picked":["Clothesline","Combust"],"picked":"Pommel Strike","floor":1},{"not_picked":["Flex","Battle Trance"],"picked":"Pummel","floor":2},{"not_picked":["Blood for Blood","Pommel Strike"],"picked":"Perfected Strike","floor":5},{"not_picked":["Anger","Perfected Strike"],"picked":"Twin Strike","floor":7},{"not_picked":["Rupture","Bloodletting"],"picked":"Sword Boomerang","floor":11},{"not_picked":["Feed","Burning Pact"],"picked":"Clothesline","floor":13},{"not_picked":["Pummel","Dropkick"],"picked":"Seeing Red","floor":14},{"not_picked":["Barricade","Demon Form"],"picked":"Reaper","floor":16},{"not_picked":["Cleave","Perfected Strike"],"picked":"Infernal Blade","floor":17},{"not_picked":["Metallicize","Body Slam"],"picked":"Combust","floor":17},{"not_picked":["Seeing Red","Armaments"],"picked":"Ghostly Armor","floor":17},{"not_picked":["Shrug It Off","Barricade"],"picked":"Cleave","floor":17},{"not_picked":["Rupture","Clothesline"],"picked":"Entrench","floor":17},{"not_picked":["Shockwave","Body Slam"],"picked":"Reckless Charge","floor":18},{"not_picked":["Rupture","Shrug It Off"],"picked":"Carnage+1","floor":21},{"not_picked":["Body Slam","True Grit"],"picked":"Fire Breathing","floor":24},{"not_picked":["Pommel Strike+1","Iron Wave"],"picked":"Headbutt+1","floor":28},{"not_picked":["Body Slam+1","Inflame+1"],"picked":"Shrug It Off+1","floor":29}],"player_experience":0,"relics_obtained":[{"floor":9,"key":"Ancient Tea Set"},{"floor":11,"key":"Lantern"},{"floor":13,"key":"Girya"},{"floor":26,"key":"Whetstone"}],"event_choices":[{"damage_healed":0,"gold_gain":0,"player_choice":"Ignored","damage_taken":0,"max_hp_gain":0,"max_hp_loss":0,"event_name":"Liars Game","floor":4,"gold_loss":0},{"damage_healed":0,"gold_gain":0,"player_choice":"Grow","damage_taken":0,"max_hp_gain":0,"max_hp_loss":0,"event_name":"Living Wall","floor":8,"gold_loss":0,"cards_upgraded":["Defend_R"]},{"damage_healed":0,"gold_gain":0,"player_choice":"Success","damage_taken":12,"relics_obtained":["Vajra"],"max_hp_gain":0,"max_hp_loss":0,"event_name":"Scrap Ooze","floor":12,"gold_loss":0},{"damage_healed":0,"gold_gain":99,"player_choice":"Stole From Cult","damage_taken":0,"max_hp_gain":0,"max_hp_loss":0,"event_name":"Nest","floor":19,"gold_loss":0},{"damage_healed":0,"gold_gain":0,"player_choice":"Simplicity","damage_taken":0,"max_hp_gain":0,"max_hp_loss":0,"event_name":"Back to Basics","floor":22,"gold_loss":0,"cards_upgraded":["Strike_R","Strike_R","Strike_R","Strike_R","Defend_R","Defend_R","Defend_R"]},{"damage_healed":0,"gold_gain":0,"player_choice":"Ignored","damage_taken":0,"max_hp_gain":0,"max_hp_loss":0,"event_name":"Ghosts","floor":27,"gold_loss":0},{"damage_healed":0,"gold_gain":0,"player_choice":"Shed Blood","damage_taken":20,"max_hp_gain":5,"max_hp_loss":0,"event_name":"Forgotten Altar","floor":31,"gold_loss":0}],"is_beta":false,"boss_relics":[{"not_picked":["Coffee Dripper","Velvet Choker"],"picked":"Orrery"}],"items_purged_floors":[],"is_endless":false,"potions_floor_spawned":[5,14,16,24,28,29],"killed_by":"Champ","ascension_level":0}