{"gold_per_floor":[115,115,126,126,51,51,51,86,109,29,46,56,56],"floor_reached":13,"playtime":478,"items_purged":["Strike_G"],"score":120,"play_id":"0141e568-36bb-470f-8339-1ce526eafab6","local_time":"20190124031706","is_ascension_mode":true,"campfire_choices":[{"data":"Calculated Gamble","floor":6,"key":"SMITH"}],"neow_cost":"NONE","seed_source_timestamp":1353822461849389,"circlet_count":0,"master_deck":["Defend_G","Defend_G","Defend_G","Defend_G","Defend_G","Strike_G","Strike_G","Strike_G","Strike_G","Survivor","Neutralize","Bullet Time+1","Calculated Gamble+1","Decay","Outmaneuver","Noxious Fumes"],"relics":["Ring of the Snake","Bronze Scales","Anchor"],"potions_floor_usage":[8,8,12,12],"damage_taken":[{"damage":2,"enemies":"2 Louse","floor":1,"turns":3},{"damage":0,"enemies":"Cultist","floor":3,"turns":5},{"damage":35,"enemies":"3 Sentries","floor":8,"turns":13},{"damage":5,"enemies":"Jaw Worm","floor":11,"turns":4},{"damage":20,"enemies":"Exordium Thugs","floor":12,"turns":5},{"damage":2,"enemies":"Large Slime","floor":13,"turns":4}],"seed_played":"-5763795424088846156","potions_obtained":[{"floor":1,"key":"Dexterity Potion"},{"floor":3,"key":"Poison Potion"},{"floor":4,"key":"Strength Potion"},{"floor":11,"key":"LiquidBronze"}],"is_trial":false,"path_per_floor":["M","?","M","?","$","R","?","E","T","$","M","M","M"],"character_chosen":"THE_SILENT","items_purchased":["Noxious Fumes"],"campfire_rested":0,"item_purchase_floors":[10],"current_hp_per_floor":[61,61,61,61,61,61,61,26,26,26,21,1,0],"gold":56,"neow_bonus":"ONE_RANDOM_RARE_CARD","is_prod":false,"is_daily":false,"chose_seed":false,"campfire_upgraded":1,"win_rate":0,"timestamp":1548328626,"path_taken":["M","?","?","?","?","R","?","E","T","$","?","M","M"],"build_version":"2019-01-23","purchased_purges":1,"victory":false,"max_hp_per_floor":[70,70,70,70,70,70,70,70,70,70,70,70,70],"card_choices":[{"not_picked":["Dagger Spray","Bane"],"picked":"Calculated Gamble","floor":1},{"not_picked":["Deflect","Riddle With Holes","Flechettes"],"picked":"SKIP","floor":3},{"not_picked":["Acrobatics","Dagger Spray"],"picked":"Outmaneuver","floor":8},{"not_picked":["Blade Dance","Sucker Punch","Bane"],"picked":"SKIP","floor":11},{"not_picked":["Poisoned Stab","Deflect","PiercingWail"],"picked":"SKIP","floor":12}],"player_experience":387788,"relics_obtained":[{"floor":8,"key":"Bronze Scales"},{"floor":9,"key":"Anchor"}],"event_choices":[{"damage_healed":0,"gold_gain":0,"player_choice":"Upgraded","damage_taken":0,"max_hp_gain":0,"max_hp_loss":0,"event_name":"Upgrade Shrine","floor":2,"gold_loss":0,"cards_upgraded":["Bullet Time"]},{"damage_healed":0,"gold_gain":0,"player_choice":"Got Potions","damage_taken":0,"max_hp_gain":0,"max_hp_loss":0,"event_name":"Lab","floor":4,"gold_loss":0},{"damage_healed":0,"gold_gain":0,"player_choice":"Cursed","damage_taken":0,"max_hp_gain":0,"max_hp_loss":0,"event_name":"Wheel of Change","floor":7,"gold_loss":0,"cards_obtained":["Decay"]}],"is_beta":false,"boss_relics":[],"items_purged_floors":[5],"is_endless":false,"potions_floor_spawned":[1,3,11],"killed_by":"Large Slime","ascension_level":9}