{"gold_per_floor":[114,39,54,69,169,199,199,214,264,264,279,294,294,94,94,194,194,209,9,9,9,24,24,84,84,84,114,114,129,129,144,144,244,244,259,88,103,130,145,145],"floor_reached":40,"playtime":2502,"items_purged":["Strike_R","Normality"],"score":426,"play_id":"7e65815c-e172-4df7-9902-010e84504d9f","local_time":"20190521002122","daily_mods":["Chimera","ControlledChaos","Night Terrors"],"is_ascension_mode":false,"campfire_choices":[{"data":"Conserve Battery","floor":7,"key":"SMITH"},{"data":"Self Repair","floor":13,"key":"SMITH"},{"floor":15,"key":"REST"},{"data":"Loop","floor":23,"key":"SMITH"},{"data":"Go for the Eyes","floor":25,"key":"SMITH"},{"floor":28,"key":"REST"},{"data":"Coolheaded","floor":30,"key":"SMITH"},{"data":"Glacier","floor":32,"key":"SMITH"}],"neow_cost":"","seed_source_timestamp":0,"circlet_count":0,"master_deck":["Bash","Survivor","Zap","Strike_G","Strike_B","Defend_R","Defend_G","Defend_B","Tempest","Conserve Battery+1","Go for the Eyes+1","Self Repair+1","Auto Shields","Self Repair+1","Multi-Cast","Clumsy","Loop+1","Coolheaded+1","Glacier+1","Buffer","Reinforced Body","Self Repair","Stack"],"special_seed":18037,"relics":["Cracked Core","Frozen Eye","Du-Vu Doll","Bag of Preparation","Lee\u0027s Waffle","Cursed Key","ClockworkSouvenir","Pen Nib","Tiny Chest","Bottled Lightning","Gremlin Horn","Nuclear Battery","Turnip"],"potions_floor_usage":[6,11,18,24,31,33,33,39,40,40],"damage_taken":[{"damage":1,"enemies":"Cultist","floor":1,"turns":4},{"damage":6,"enemies":"2 Louse","floor":3,"turns":2},{"damage":6,"enemies":"Jaw Worm","floor":4,"turns":3},{"damage":31,"enemies":"Lagavulin","floor":6,"turns":6},{"damage":11,"enemies":"Exordium Wildlife","floor":8,"turns":3},{"damage":8,"enemies":"Exordium Thugs","floor":11,"turns":4},{"damage":0,"enemies":"Large Slime","floor":12,"turns":5},{"damage":46,"enemies":"Hexaghost","floor":16,"turns":10},{"damage":22,"enemies":"3 Byrds","floor":18,"turns":4},{"damage":1,"enemies":"Shell Parasite","floor":22,"turns":6},{"damage":26,"enemies":"Book of Stabbing","floor":24,"turns":6},{"damage":54,"enemies":"Slavers","floor":27,"turns":7},{"damage":19,"enemies":"Cultist and Chosen","floor":29,"turns":6},{"damage":42,"enemies":"3 Cultists","floor":31,"turns":6},{"damage":43,"enemies":"Automaton","floor":33,"turns":10},{"damage":0,"enemies":"3 Shapes","floor":35,"turns":3},{"damage":11,"enemies":"Orb Walker","floor":37,"turns":5},{"damage":52,"enemies":"2 Orb Walkers","floor":38,"turns":6},{"damage":46,"enemies":"3 Darklings","floor":39,"turns":6},{"damage":29,"enemies":"Spire Growth","floor":40,"turns":7}],"seed_played":"-7280386136630335372","potions_obtained":[{"floor":4,"key":"Ancient Potion"},{"floor":8,"key":"Fire Potion"},{"floor":16,"key":"Energy Potion"},{"floor":22,"key":"Block Potion"},{"floor":27,"key":"Explosive Potion"},{"floor":29,"key":"Energy Potion"},{"floor":31,"key":"FocusPotion"},{"floor":33,"key":"GamblersBrew"},{"floor":35,"key":"Swift Potion"},{"floor":38,"key":"Weak Potion"}],"is_trial":false,"path_per_floor":["M","$","M","M","?","E","R","M","T","?","M","M","R","$","R","B",null,"M","$","?","T","M","R","E","R","T","E","R","M","R","M","R","B",null,"M","$","M","?","M","M"],"character_chosen":"DEFECT","items_purchased":["Lee\u0027s Waffle","ClockworkSouvenir","Self Repair"],"campfire_rested":2,"item_purchase_floors":[14,19,36],"current_hp_per_floor":[74,74,68,62,62,31,31,20,20,20,22,32,32,82,77,31,77,75,75,75,75,77,77,71,71,71,27,72,72,72,50,50,17,72,72,72,72,47,28,0],"gold":145,"neow_bonus":"","is_prod":false,"is_daily":true,"chose_seed":false,"campfire_upgraded":6,"win_rate":0,"timestamp":1558423282,"path_taken":["M","?","M","M","?","E","R","?","T","?","?","M","R","$","R","BOSS","M","$","?","?","?","R","E","R","T","E","R","M","R","M","R","BOSS","M","$","M","?","M","M"],"build_version":"2019-01-23","purchased_purges":2,"victory":false,"max_hp_per_floor":[75,75,75,75,75,75,75,75,75,75,75,75,75,82,77,77,77,77,77,77,77,77,77,77,77,77,77,72,72,72,72,72,72,72,72,72,72,72,72,72],"card_choices":[{"not_picked":["Streamline","Heatsinks","Turbo"],"picked":"SKIP","floor":1},{"not_picked":["Rebound","Rip and Tear"],"picked":"Tempest","floor":3},{"not_picked":["Consume","Sweeping Beam"],"picked":"Conserve Battery","floor":4},{"not_picked":["Coolheaded","Scrape"],"picked":"Go for the Eyes","floor":6},{"not_picked":["Reinforced Body","Leap"],"picked":"Self Repair","floor":8},{"not_picked":["Fusion","Thunder Strike"],"picked":"Auto Shields","floor":11},{"not_picked":["Steam","Redo"],"picked":"Self Repair","floor":12},{"not_picked":["Hyperbeam","Amplify"],"picked":"Multi-Cast","floor":16},{"not_picked":["Stack","Steam+1","Barrage+1"],"picked":"SKIP","floor":18},{"not_picked":["Conserve Battery","Sweeping Beam"],"picked":"Loop","floor":22},{"not_picked":["Recycle","Tempest","All For One"],"picked":"SKIP","floor":24},{"not_picked":["Stack","Lockon"],"picked":"Coolheaded","floor":27},{"not_picked":["Rebound","Gash+1"],"picked":"Glacier","floor":29},{"not_picked":["Turbo","Darkness","Consume"],"picked":"SKIP","floor":31},{"not_picked":["Meteor Strike","Biased Cognition"],"picked":"Buffer","floor":33},{"not_picked":["Auto Shields+1","Turbo"],"picked":"Reinforced Body","floor":35},{"not_picked":["Streamline","Tempest","Leap+1"],"picked":"SKIP","floor":37},{"not_picked":["Self Repair+1","Steam+1"],"picked":"Stack","floor":39}],"player_experience":595942,"relics_obtained":[{"floor":6,"key":"Du-Vu Doll"},{"floor":9,"key":"Bag of Preparation"},{"floor":21,"key":"Pen Nib"},{"floor":24,"key":"Tiny Chest"},{"floor":26,"key":"Bottled Lightning"},{"floor":27,"key":"Gremlin Horn"},{"floor":38,"key":"Turnip"}],"event_choices":[{"damage_healed":0,"gold_gain":100,"player_choice":"Gold","damage_taken":0,"max_hp_gain":0,"max_hp_loss":0,"event_name":"Wheel of Change","floor":5,"gold_loss":0},{"damage_healed":0,"gold_gain":0,"player_choice":"Forge","damage_taken":0,"max_hp_gain":0,"max_hp_loss":0,"event_name":"Accursed Blacksmith","floor":10,"gold_loss":0,"cards_upgraded":["Self Repair"]},{"damage_healed":0,"gold_gain":0,"player_choice":"Ignored","damage_taken":0,"max_hp_gain":0,"max_hp_loss":0,"event_name":"Vampires","floor":20,"gold_loss":0},{"damage_healed":0,"gold_gain":0,"player_choice":"Fight","damage_taken":0,"max_hp_gain":0,"max_hp_loss":0,"event_name":"Mysterious Sphere","floor":38,"gold_loss":0}],"is_beta":false,"boss_relics":[{"not_picked":["Eternal Feather","Snecko Eye"],"picked":"Cursed Key"},{"not_picked":["Empty Cage","Runic Pyramid"],"picked":"Nuclear Battery"}],"items_purged_floors":[2,36],"is_endless":false,"potions_floor_spawned":[4,8,16,22,27,29,31,33,35,38],"killed_by":"Spire Growth","ascension_level":0}