{"gold_per_floor":[10,27,27,27,46,46,57,57,57,57,69,88,88,114,114,210,210,228,228,61,81,81,81,107,120,173,173,184,211,234,246,246,351,351,371,371,726,740,740],"floor_reached":39,"playtime":5007,"items_purged":["Strike_G"],"score":421,"play_id":"5fb11c36-e565-474c-b7c3-64cbe9781acf","local_time":"20181202135948","is_ascension_mode":false,"campfire_choices":[{"data":"Blur","floor":6,"key":"SMITH"},{"data":"Calculated Gamble","floor":8,"key":"SMITH"},{"data":"Dagger Throw","floor":10,"key":"SMITH"},{"data":"Endless Agony","floor":15,"key":"SMITH"},{"data":"Blind","floor":23,"key":"SMITH"},{"data":"Reflex","floor":32,"key":"SMITH"}],"neow_cost":"NO_GOLD","seed_source_timestamp":1567708886174410,"circlet_count":0,"master_deck":["Defend_G+1","Defend_G+1","Defend_G+1","Defend_G+1","Defend_G+1","Strike_G+1","Strike_G+1","Strike_G+1","Survivor","Neutralize+1","Dagger Throw","Dagger Throw+1","Blur+1","Calculated Gamble+1","Flying Knee","Endless Agony+1","Malaise","Acrobatics+1","Reflex+1","Blind+1","Acrobatics","Acrobatics+1","Blur","Writhe","Terror","Flying Knee+1","Skewer"],"relics":["Ring of the Snake","Tingsha","Centennial Puzzle","Gremlin Horn","Philosopher\u0027s Stone","Darkstone Periapt","Snake Skull","Ancient Tea Set","PreservedInsect","Bronze Scales","Sozu","Old Coin"],"potions_floor_usage":[16,18,29,29,33,37,37],"damage_taken":[{"damage":0,"enemies":"Jaw Worm","floor":1,"turns":4},{"damage":4,"enemies":"2 Louse","floor":2,"turns":3},{"damage":0,"enemies":"Small Slimes","floor":5,"turns":2},{"damage":2,"enemies":"Looter","floor":7,"turns":2},{"damage":0,"enemies":"Red Slaver","floor":11,"turns":4},{"damage":0,"enemies":"2 Fungi Beasts","floor":12,"turns":4},{"damage":8,"enemies":"Gremlin Nob","floor":14,"turns":4},{"damage":25,"enemies":"The Guardian","floor":16,"turns":13},{"damage":6,"enemies":"Spheric Guardian","floor":18,"turns":3},{"damage":12,"enemies":"3 Byrds","floor":21,"turns":3},{"damage":6,"enemies":"Book of Stabbing","floor":24,"turns":7},{"damage":4,"enemies":"Cultist and Chosen","floor":25,"turns":3},{"damage":7,"enemies":"Snake Plant","floor":28,"turns":3},{"damage":6,"enemies":"Gremlin Leader","floor":29,"turns":6},{"damage":0,"enemies":"Sentry and Sphere","floor":31,"turns":4},{"damage":24,"enemies":"Automaton","floor":33,"turns":11},{"damage":15,"enemies":"3 Darklings","floor":35,"turns":6},{"damage":58,"enemies":"2 Orb Walkers","floor":37,"turns":7},{"damage":0,"enemies":"Orb Walker","floor":38,"turns":3},{"damage":3,"enemies":"Spire Growth","floor":39,"turns":5}],"seed_played":"3065486784237196878","potions_obtained":[{"floor":5,"key":"EssenceOfSteel"},{"floor":12,"key":"Strength Potion"},{"floor":14,"key":"FearPotion"},{"floor":18,"key":"SteroidPotion"},{"floor":25,"key":"Fire Potion"},{"floor":31,"key":"SkillPotion"},{"floor":33,"key":"EssenceOfSteel"}],"is_trial":false,"path_per_floor":["M","M","?","?","M","R","M","R","T","R","M","M","$","E","R","B",null,"M","?","$","M","?","R","E","M","T","?","M","E","T","M","R","B",null,"M","?","?","M","M"],"character_chosen":"THE_SILENT","items_purchased":["Blind"],"campfire_rested":0,"item_purchase_floors":[20],"current_hp_per_floor":[70,66,59,59,59,59,57,57,57,57,57,57,57,49,49,24,70,64,64,64,52,52,52,46,42,42,48,41,35,35,35,35,11,76,61,61,3,3,0],"gold":740,"neow_bonus":"ONE_RARE_RELIC","is_prod":false,"is_daily":false,"chose_seed":false,"campfire_upgraded":6,"win_rate":0.0,"timestamp":1543787988,"path_taken":["M","M","?","?","M","R","M","R","T","R","M","M","?","E","R","BOSS","M","?","$","M","?","R","E","M","T","?","M","E","?","M","R","BOSS","M","?","?","M","M"],"build_version":"2018-11-15","purchased_purges":1,"victory":false,"max_hp_per_floor":[70,70,70,70,70,70,70,70,70,70,70,70,70,70,70,70,70,70,70,70,70,70,70,70,70,70,76,76,76,76,76,76,76,76,76,72,72,72,72],"card_choices":[{"not_picked":["Slice","Caltrops"],"picked":"Dagger Throw","floor":1},{"not_picked":["Quick Slash","Prepared"],"picked":"Dagger Throw","floor":2},{"not_picked":["Infinite Blades","Glass Knife"],"picked":"Blur","floor":5},{"not_picked":["Dagger Throw","Masterful Stab"],"picked":"Calculated Gamble","floor":7},{"not_picked":["Dagger Throw","Masterful Stab"],"picked":"Flying Knee","floor":11},{"not_picked":["Crippling Poison","Cloak And Dagger"],"picked":"Endless Agony","floor":12},{"not_picked":["Leg Sweep","Distraction","Deadly Poison"],"picked":"SKIP","floor":14},{"not_picked":["Unload","Adrenaline"],"picked":"Malaise","floor":16},{"not_picked":["Slice","Flying Knee"],"picked":"Acrobatics+1","floor":18},{"not_picked":["Well Laid Plans","Underhanded Strike"],"picked":"Acrobatics","floor":21},{"not_picked":["Deadly Poison","Dodge and Roll"],"picked":"Acrobatics+1","floor":24},{"not_picked":["Backflip","Dodge and Roll+1"],"picked":"Blur","floor":25},{"not_picked":["Deflect","Infinite Blades","Sucker Punch"],"picked":"SKIP","floor":28},{"not_picked":["Blade Dance+1","Dagger Spray"],"picked":"Terror","floor":29},{"not_picked":["Eviscerate","Quick Slash","Blade Dance"],"picked":"SKIP","floor":31},{"not_picked":["Cloak And Dagger+1","Leg Sweep"],"picked":"Flying Knee+1","floor":35},{"not_picked":["Accuracy+1","Riddle With Holes"],"picked":"Skewer","floor":37},{"not_picked":["Distraction","Slice","Dagger Throw+1"],"picked":"SKIP","floor":38}],"player_experience":64693,"relics_obtained":[{"floor":9,"key":"Centennial Puzzle"},{"floor":14,"key":"Gremlin Horn"},{"floor":24,"key":"Darkstone Periapt"},{"floor":26,"key":"Snake Skull"},{"floor":29,"key":"PreservedInsect"},{"floor":30,"key":"Bronze Scales"},{"floor":37,"key":"Old Coin"}],"event_choices":[{"cards_removed":["Strike_G"],"damage_healed":0,"gold_gain":0,"player_choice":"Card Removal","damage_taken":7,"max_hp_gain":0,"max_hp_loss":0,"event_name":"Golden Wing","floor":3,"gold_loss":0},{"damage_healed":0,"gold_gain":0,"player_choice":"Grow","damage_taken":0,"max_hp_gain":0,"max_hp_loss":0,"event_name":"Living Wall","floor":4,"gold_loss":0,"cards_upgraded":["Neutralize"]},{"damage_healed":0,"gold_gain":0,"player_choice":"Read","damage_taken":0,"max_hp_gain":0,"max_hp_loss":0,"event_name":"The Library","floor":19,"gold_loss":0,"cards_obtained":["Reflex"]},{"damage_healed":0,"gold_gain":0,"player_choice":"Simplicity","damage_taken":0,"max_hp_gain":0,"max_hp_loss":0,"event_name":"Back to Basics","floor":22,"gold_loss":0,"cards_upgraded":["Defend_G","Defend_G","Defend_G","Defend_G","Defend_G","Strike_G","Strike_G","Strike_G"]},{"damage_healed":0,"gold_gain":0,"player_choice":"Opened","damage_taken":0,"relics_obtained":["Ancient Tea Set"],"max_hp_gain":0,"max_hp_loss":0,"event_name":"The Mausoleum","floor":27,"gold_loss":0,"cards_obtained":["Writhe"]},{"damage_healed":0,"gold_gain":0,"player_choice":"Max HP","damage_taken":0,"max_hp_gain":0,"max_hp_loss":4,"event_name":"Winding Halls","floor":36,"gold_loss":0},{"damage_healed":0,"gold_gain":0,"player_choice":"Fight","damage_taken":0,"max_hp_gain":0,"max_hp_loss":0,"event_name":"Mysterious Sphere","floor":37,"gold_loss":0}],"is_beta":false,"boss_relics":[{"not_picked":["Runic Pyramid","Calling Bell"],"picked":"Philosopher\u0027s Stone"},{"not_picked":["HoveringKite","Black Star"],"picked":"Sozu"}],"items_purged_floors":[20],"is_endless":false,"potions_floor_spawned":[5,12,14,18,25,31,33,35,37],"killed_by":"Spire Growth","ascension_level":0}