{"gold_per_floor":[118,193,212,236,255,0,0,29,29,29,29,29,50,83,83,182,182,197,222,147,197,217,217,217,217,217,248,248,263,296,10,10,109,109,125,149,149,167,180,180,216,216,216,216],"floor_reached":44,"playtime":1547,"items_purged":["Redo"],"score":978,"play_id":"efafe7fc-7e13-4b93-b24d-9c9b8f3ae5e0","local_time":"20190314042504","is_ascension_mode":true,"campfire_choices":[{"data":"Tempest","floor":7.0,"key":"SMITH"},{"data":"Chaos","floor":10.0,"key":"SMITH"},{"data":"Tempest","floor":15.0,"key":"SMITH"},{"floor":23.0,"key":"REST"},{"floor":25.0,"key":"REST"},{"data":"Fission","floor":28.0,"key":"SMITH"},{"data":"Zap","floor":32.0,"key":"SMITH"},{"data":"Fusion","floor":40.0,"key":"SMITH"},{"data":"Discovery","floor":42.0,"key":"SMITH"}],"neow_cost":"NONE","seed_source_timestamp":61348753602865,"circlet_count":0,"master_deck":["AscendersBane","Zap+1","Dualcast","Tempest+1","Fusion+1","White Noise","Discovery+1","Chaos+1","Turbo","Tempest+1","Electrodynamics+1","Go for the Eyes","Cold Snap","Multi-Cast","Beam Cell","Sweeping Beam","Fission+1","Sweeping Beam","FTL","Chill","Creative AI+1","Auto Shields+1"],"special_seed":0,"relics":["Cracked Core","NeowsBlessing","Omamori","Art of War","Frozen Egg 2","Darkstone Periapt","Golden Idol","Bag of Marbles","Pandora\u0027s Box","Enchiridion","Bottled Tornado","Meat on the Bone","Red Mask","Runic Capacitor","Sozu","The Courier"],"potions_floor_usage":[],"damage_taken":[{"damage":0.0,"enemies":"Small Slimes","floor":1.0,"turns":1.0},{"damage":0.0,"enemies":"Jaw Worm","floor":3.0,"turns":1.0},{"damage":0.0,"enemies":"2 Louse","floor":5.0,"turns":1.0},{"damage":17.0,"enemies":"Lagavulin","floor":8.0,"turns":7.0},{"damage":12.0,"enemies":"Large Slime","floor":13.0,"turns":5.0},{"damage":15.0,"enemies":"3 Sentries","floor":14.0,"turns":4.0},{"damage":4.0,"enemies":"Hexaghost","floor":16.0,"turns":6.0},{"damage":0.0,"enemies":"3 Byrds","floor":18.0,"turns":1.0},{"damage":27.0,"enemies":"Shell Parasite","floor":19.0,"turns":3.0},{"damage":22.0,"enemies":"Snake Plant","floor":22.0,"turns":3.0},{"damage":18.0,"enemies":"Gremlin Leader","floor":27.0,"turns":3.0},{"damage":0.0,"enemies":"Chosen and Byrds","floor":29.0,"turns":3.0},{"damage":0.0,"enemies":"Masked Bandits","floor":30.0,"turns":1.0},{"damage":10.0,"enemies":"Collector","floor":33.0,"turns":6.0},{"damage":16.0,"enemies":"3 Darklings","floor":35.0,"turns":2.0},{"damage":0.0,"enemies":"3 Shapes","floor":36.0,"turns":3.0},{"damage":11.0,"enemies":"Maw","floor":38.0,"turns":6.0},{"damage":23.0,"enemies":"Spire Growth","floor":39.0,"turns":3.0},{"damage":0.0,"enemies":"Reptomancer","floor":41.0,"turns":4.0},{"damage":60,"enemies":"Nemesis","floor":44,"turns":4}],"seed_played":"7633895863579409209","potions_obtained":[{"floor":1.0,"key":"Poison Potion"},{"floor":12.0,"key":"Strength Potion"},{"floor":12.0,"key":"SkillPotion"},{"floor":13.0,"key":"SpeedPotion"},{"floor":16.0,"key":"LiquidBronze"},{"floor":27.0,"key":"Strength Potion"},{"floor":29.0,"key":"SpeedPotion"}],"is_trial":false,"path_per_floor":["M","?","M","T","M","$","R","E","T","R","?","?","M","E","R","B",null,"M","M","$","?","M","R","?","R","T","E","R","M","?","$","R","B",null,"M","M","?","M","M","R","E","R","T","E"],"character_chosen":"DEFECT","items_purchased":["Art of War","Discovery","Runic Capacitor","Chill"],"campfire_rested":2,"item_purchase_floors":[6,6,31,31],"current_hp_per_floor":[64,53,53,53,53,53,53,36,36,36,36,36,24,9,9,5,55,55,28,28,28,6,27,6,27,27,9,9,21,33,33,33,35,62,46,46,71,60,37,37,37,37,37,0],"gold":216,"neow_bonus":"THREE_ENEMY_KILL","is_prod":false,"is_daily":false,"chose_seed":false,"campfire_upgraded":7,"win_rate":0,"timestamp":1552533904,"path_taken":["M","?","M","?","M","$","R","E","T","R","?","?","?","E","R","BOSS","M","M","$","?","M","R","?","R","T","E","R","M","?","$","R","BOSS","M","M","?","M","M","R","E","R","T","E"],"build_version":"2019-01-23","purchased_purges":1,"victory":false,"max_hp_per_floor":[71,71,71,71,71,71,71,71,71,71,71,71,71,71,71,71,71,71,71,71,71,71,71,71,71,71,71,71,71,71,71,71,71,71,71,71,71,71,71,71,71,71,71,71],"card_choices":[{"not_picked":["Capacitor","Rebound"],"picked":"Tempest","floor":1.0},{"not_picked":["Hologram","Streamline"],"picked":"Fusion","floor":3.0},{"not_picked":["Rebound","Leap"],"picked":"White Noise","floor":5.0},{"not_picked":["Stack","Beam Cell"],"picked":"Chaos","floor":8.0},{"not_picked":["Scrape","Cold Snap"],"picked":"Turbo","floor":13.0},{"not_picked":["FTL","All For One"],"picked":"Tempest","floor":14.0},{"not_picked":["Amplify","Reboot"],"picked":"Electrodynamics+1","floor":16.0},{"not_picked":["Storm+1","Heatsinks+1","Rip and Tear"],"picked":"SKIP","floor":18.0},{"not_picked":["Consume+1","Barrage","Loop+1"],"picked":"SKIP","floor":19.0},{"not_picked":["Turbo","Redo","Gash"],"picked":"SKIP","floor":22.0},{"not_picked":["Steam","Beam Cell","Cold Snap"],"picked":"SKIP","floor":27.0},{"not_picked":["Sunder","Aggregate","Coolheaded"],"picked":"SKIP","floor":29.0},{"not_picked":["Reprogram+1","Cold Snap+1"],"picked":"FTL","floor":30.0},{"not_picked":["Machine Learning+1","Amplify"],"picked":"Creative AI+1","floor":33.0},{"not_picked":["Go for the Eyes","Barrage+1","Compile Driver"],"picked":"SKIP","floor":35.0},{"not_picked":["Cold Snap","Ball Lightning","Gash"],"picked":"SKIP","floor":36.0},{"not_picked":["Beam Cell+1","Barrage","Steam+1"],"picked":"SKIP","floor":38.0},{"not_picked":["Streamline","Doom and Gloom","Heatsinks+1"],"picked":"SKIP","floor":39.0},{"not_picked":["Ball Lightning","Static Discharge+1"],"picked":"Auto Shields+1","floor":41.0}],"player_experience":1190696,"relics_obtained":[{"floor":4.0,"key":"Omamori"},{"floor":8.0,"key":"Frozen Egg 2"},{"floor":9.0,"key":"Darkstone Periapt"},{"floor":14.0,"key":"Bag of Marbles"},{"floor":24.0,"key":"Enchiridion"},{"floor":26.0,"key":"Bottled Tornado"},{"floor":27.0,"key":"Meat on the Bone"},{"floor":30.0,"key":"Red Mask"},{"floor":41.0,"key":"The Courier"}],"event_choices":[{"damage_healed":0.0,"max_hp_gain":0.0,"max_hp_loss":0.0,"gold_gain":75.0,"event_name":"World of Goop","player_choice":"Gather Gold","floor":2.0,"gold_loss":0.0,"damage_taken":11.0},{"damage_healed":0.0,"max_hp_gain":0.0,"max_hp_loss":0.0,"gold_gain":0.0,"event_name":"Golden Idol","player_choice":"Take Wound","floor":11.0,"gold_loss":0.0,"damage_taken":0.0,"relics_obtained":["Golden Idol"],"cards_obtained":["Injury"]},{"damage_healed":0.0,"max_hp_gain":0.0,"max_hp_loss":0.0,"gold_gain":0.0,"event_name":"Lab","player_choice":"Got Potions","floor":12.0,"gold_loss":0.0,"damage_taken":0.0},{"damage_healed":0.0,"max_hp_gain":0.0,"max_hp_loss":0.0,"gold_gain":50.0,"event_name":"Nest","player_choice":"Stole From Cult","floor":21.0,"gold_loss":0.0,"damage_taken":0.0},{"damage_healed":0.0,"max_hp_gain":0.0,"max_hp_loss":0.0,"gold_gain":0.0,"event_name":"Cursed Tome","player_choice":"Obtained Book","floor":24.0,"gold_loss":0.0,"damage_taken":21.0},{"damage_healed":0.0,"max_hp_gain":0.0,"max_hp_loss":0.0,"gold_gain":0.0,"event_name":"Masked Bandits","player_choice":"Fought Bandits","floor":30.0,"gold_loss":0.0,"damage_taken":0.0},{"damage_healed":25.0,"max_hp_gain":0.0,"max_hp_loss":0.0,"gold_gain":0.0,"event_name":"Wheel of Change","player_choice":"Full Heal","floor":37.0,"gold_loss":0.0,"damage_taken":0.0}],"is_beta":false,"boss_relics":[{"not_picked":["Black Star","Orrery"],"picked":"Pandora\u0027s Box"},{"not_picked":["Coffee Dripper","Fusion Hammer"],"picked":"Sozu"}],"items_purged_floors":[20],"is_endless":false,"potions_floor_spawned":[1,13,16,27,29,35],"killed_by":"Nemesis","ascension_level":20}