{"gold_per_floor":[119,137,149,149,161,161,151,151,227,245,245,420,420,420,420,544,544,560,485,254,254,270,303,321,321,321,105,122,146,160,176,176,281,281,297,310,385,83,97,97,20,20,20,39,49,49,62,11,11,11],"floor_reached":51,"playtime":3581,"items_purged":["Defend_R","Doubt"],"score":736,"play_id":"6d5d8028-e341-497d-b174-52b91cf51556","local_time":"20180716220908","is_ascension_mode":false,"campfire_choices":[{"data":"Shrug It Off","floor":6,"key":"SMITH"},{"data":"Body Slam","floor":11,"key":"SMITH"},{"floor":13,"key":"REST"},{"floor":15,"key":"REST"},{"data":"Limit Break","floor":25,"key":"SMITH"},{"data":"Flame Barrier","floor":32,"key":"SMITH"},{"data":"Heavy Blade","floor":40,"key":"SMITH"},{"data":"Battle Trance","floor":42,"key":"SMITH"},{"data":"Spot Weakness","floor":49,"key":"SMITH"}],"neow_cost":"NONE","seed_source_timestamp":181519514869373,"circlet_count":0,"master_deck":["Strike_R+1","Strike_R","Strike_R+1","Defend_R","Defend_R","Defend_R","Bash+1","Shrug It Off+1","Body Slam+1","Limit Break+1","Spot Weakness+1","Flame Barrier+1","Heavy Blade+1","Impervious","Flame Barrier+1","Battle Trance+1"],"relics":["Burning Blood","Shuriken","Velvet Choker","Oddly Smooth Stone","Nloth\u0027s Gift","Charon\u0027s Ashes","Bag of Preparation","Tiny Chest","Happy Flower","Coffee Dripper","Thread and Needle","Molten Egg 2"],"potions_floor_usage":[16,23,24,24,50],"damage_taken":[{"damage":0,"enemies":"2 Louse","floor":1,"turns":3},{"damage":8,"enemies":"Jaw Worm","floor":2,"turns":5},{"damage":6,"enemies":"Cultist","floor":3,"turns":5},{"damage":24,"enemies":"Large Slime","floor":5,"turns":8},{"damage":16,"enemies":"Exordium Thugs","floor":7,"turns":4},{"damage":5,"enemies":"Looter","floor":10,"turns":3},{"damage":25,"enemies":"Slime Boss","floor":16,"turns":16},{"damage":0,"enemies":"Chosen","floor":18,"turns":4},{"damage":4,"enemies":"Shell Parasite","floor":22,"turns":5},{"damage":42,"enemies":"Slavers","floor":23,"turns":8},{"damage":12,"enemies":"Centurion and Healer","floor":24,"turns":5},{"damage":0,"enemies":"Snake Plant","floor":28,"turns":2},{"damage":6,"enemies":"3 Cultists","floor":30,"turns":4},{"damage":0,"enemies":"Chosen and Byrds","floor":31,"turns":3},{"damage":14,"enemies":"Champ","floor":33,"turns":7},{"damage":0,"enemies":"Orb Walker","floor":35,"turns":3},{"damage":6,"enemies":"3 Darklings","floor":36,"turns":6},{"damage":24,"enemies":"Flame Bruiser 2 Orb","floor":39,"turns":6},{"damage":0,"enemies":"4 Shapes","floor":44,"turns":4},{"damage":0,"enemies":"3 Darklings","floor":45,"turns":5},{"damage":0,"enemies":"Maw","floor":47,"turns":6},{"damage":0,"enemies":"Awakened One","floor":50,"turns":7}],"seed_played":"-794389998626190231","potions_obtained":[{"floor":7,"key":"Ancient Potion"},{"floor":10,"key":"SpeedPotion"},{"floor":16,"key":"Ancient Potion"},{"floor":22,"key":"Regen Potion"},{"floor":24,"key":"FairyPotion"},{"floor":39,"key":"Poison Potion"},{"floor":44,"key":"SteroidPotion"}],"is_trial":false,"path_per_floor":["M","M","M","?","M","R","M","?","T","M","R","?","R","?","R","B",null,"M","?","$","?","M","E","M","R","T","$","M","T","M","M","R","B",null,"M","M","?","$","M","R","$","R","T","M","M","$","M","$","R","B"],"character_chosen":"IRONCLAD","items_purchased":["Oddly Smooth Stone","Tiny Chest","Thread and Needle","Battle Trance","SpeedPotion"],"campfire_rested":2,"item_purchase_floors":[20,27,38,41,48],"current_hp_per_floor":[80,78,78,62,44,44,34,34,34,35,35,35,59,39,63,44,80,80,80,80,80,80,44,52,52,52,52,58,58,58,64,64,56,80,80,80,72,72,54,54,54,54,54,60,66,66,72,72,72,78],"gold":11,"neow_bonus":"REMOVE_CARD","is_prod":false,"is_daily":false,"chose_seed":false,"campfire_upgraded":7,"win_rate":0.0,"timestamp":1531793348,"path_taken":["M","M","M","?","M","R","M","?","T","?","R","?","R","?","R","BOSS","M","?","$","?","M","E","?","R","T","$","M","?","?","M","R","BOSS","M","M","?","?","M","R","$","R","T","?","?","?","?","$","R","BOSS"],"build_version":"2018-07-12","purchased_purges":2,"victory":true,"max_hp_per_floor":[80,80,80,80,80,80,80,80,80,80,80,80,80,80,80,80,80,80,80,80,80,80,80,80,80,80,80,80,80,80,80,80,80,80,80,80,80,80,80,80,80,80,80,80,80,80,80,80,80,80],"card_choices":[{"not_picked":["Wild Strike","Clash","Cleave"],"picked":"SKIP","floor":1},{"not_picked":["Evolve","Warcry"],"picked":"Shrug It Off","floor":2},{"not_picked":["Evolve","Warcry","Anger"],"picked":"SKIP","floor":3},{"not_picked":["Sentinel","Dual Wield","Warcry"],"picked":"SKIP","floor":5},{"not_picked":["Shrug It Off","Sentinel","Corruption"],"picked":"SKIP","floor":7},{"not_picked":["Inflame","Armaments"],"picked":"Body Slam","floor":10},{"not_picked":["Dark Embrace","Reaper"],"picked":"Limit Break","floor":16},{"not_picked":["Twin Strike","Headbutt","Sword Boomerang"],"picked":"SKIP","floor":18},{"not_picked":["Havoc","Armaments","Brutality"],"picked":"SKIP","floor":22},{"not_picked":["Havoc","Double Tap"],"picked":"Spot Weakness","floor":23},{"not_picked":["Armaments","Wild Strike"],"picked":"Flame Barrier","floor":24},{"not_picked":["Sword Boomerang","Shockwave"],"picked":"Heavy Blade","floor":28},{"not_picked":["Flex","Heavy Blade","Twin Strike+1"],"picked":"SKIP","floor":30},{"not_picked":["Twin Strike","Havoc+1","Anger"],"picked":"SKIP","floor":31},{"not_picked":["Fiend Fire","Brutality"],"picked":"Impervious","floor":33},{"not_picked":["Disarm","Shrug It Off","Havoc"],"picked":"SKIP","floor":35},{"not_picked":["True Grit","Havoc"],"picked":"Flame Barrier+1","floor":36},{"not_picked":["Sentinel+1","Wild Strike+1","Anger"],"picked":"SKIP","floor":39},{"not_picked":["Anger+1","Seeing Red","Demon Form"],"picked":"SKIP","floor":44},{"not_picked":["Ghostly Armor","Anger+1","Twin Strike+1"],"picked":"SKIP","floor":45},{"not_picked":["Spot Weakness","Pommel Strike+1","Burning Pact"],"picked":"SKIP","floor":47}],"player_experience":64921,"relics_obtained":[{"floor":9,"key":"Shuriken"},{"floor":23,"key":"Charon\u0027s Ashes"},{"floor":26,"key":"Bag of Preparation"},{"floor":29,"key":"Happy Flower"},{"floor":43,"key":"Molten Egg 2"}],"event_choices":[{"event_name":"Shining Light","player_choice":"Entered Light","floor":4,"damage_taken":0},{"event_name":"Upgrade Shrine","player_choice":"Upgraded","floor":8,"damage_taken":0},{"event_name":"Liars Game","player_choice":"agreed","floor":12,"damage_taken":0},{"event_name":"Golden Idol","player_choice":"Take Damage","floor":14,"damage_taken":0},{"event_name":"Beggar","player_choice":"Gave Gold","floor":19,"damage_taken":0},{"event_name":"N\u0027loth","player_choice":"Traded a Golden Idol","floor":21,"damage_taken":0},{"event_name":"FaceTrader","player_choice":"Touch","floor":37,"damage_taken":0}],"boss_relics":[{"not_picked":["Orrery","Black Blood"],"picked":"Velvet Choker"},{"not_picked":["Runic Cube","Snecko Eye"],"picked":"Coffee Dripper"}],"items_purged_floors":[20,27],"is_endless":false,"potions_floor_spawned":[7,10,16,22,24,39,44],"ascension_level":0}