{"gold_per_floor":[111,127,142,158,83,115,190,222,222,237,237,137,137,157,157,254,254,272,347,337,337],"floor_reached":21,"playtime":1683,"items_purged":["Strike_R","Defend_R"],"score":239,"play_id":"690de118-6f00-4309-b9d3-2a175d5fdfb0","local_time":"20190127205345","is_ascension_mode":true,"campfire_choices":[{"floor":11.0,"key":"REST"},{"floor":13.0,"key":"REST"},{"floor":15.0,"key":"REST"}],"neow_cost":"NONE","seed_source_timestamp":805711298707,"circlet_count":0,"master_deck":["Strike_R","Strike_R","Strike_R","Strike_R","Defend_R","Defend_R","Defend_R","Bash","Cleave","Clothesline","Flame Barrier+1","Pommel Strike","Barricade"],"special_seed":0,"relics":["Burning Blood","Dream Catcher","Turnip","Toxic Egg 2","Runic Cube"],"potions_floor_usage":[],"damage_taken":[{"damage":2.0,"enemies":"2 Louse","floor":1.0,"turns":3.0},{"damage":6.0,"enemies":"Cultist","floor":2.0,"turns":3.0},{"damage":7.0,"enemies":"Small Slimes","floor":3.0,"turns":3.0},{"damage":10.0,"enemies":"3 Louse","floor":4.0,"turns":3.0},{"damage":24.0,"enemies":"Gremlin Nob","floor":6.0,"turns":4.0},{"damage":30.0,"enemies":"Lagavulin","floor":8.0,"turns":5.0},{"damage":27.0,"enemies":"Large Slime","floor":10.0,"turns":6.0},{"damage":21.0,"enemies":"Lots of Slimes","floor":14.0,"turns":4.0},{"damage":20.0,"enemies":"Slime Boss","floor":16.0,"turns":12.0},{"damage":55,"enemies":"Spheric Guardian","floor":18,"turns":6},{"damage":13,"enemies":"2 Thieves","floor":20,"turns":4},{"damage":16,"enemies":"Shelled Parasite and Fungi","floor":21,"turns":2}],"seed_played":"8003646282021117686","potions_obtained":[{"floor":0.0,"key":"FairyPotion"},{"floor":0.0,"key":"AttackPotion"},{"floor":0.0,"key":"EssenceOfSteel"},{"floor":1.0,"key":"Weak Potion"},{"floor":10.0,"key":"Strength Potion"}],"is_trial":false,"path_per_floor":["M","M","M","M","$","E","?","E","T","M","R","$","R","M","R","B",null,"M","?","M","M"],"character_chosen":"IRONCLAD","items_purchased":[],"campfire_rested":3,"item_purchase_floors":[],"current_hp_per_floor":[80,80,79,75,75,57,46,22,22,14,38,38,62,47,71,57,74,25,17,10,0],"gold":337,"neow_bonus":"THREE_SMALL_POTIONS","is_prod":false,"is_daily":false,"chose_seed":false,"campfire_upgraded":0,"win_rate":0,"timestamp":1548640425,"path_taken":["M","M","M","M","$","E","?","E","T","M","R","$","R","M","R","BOSS","M","?","M","?"],"build_version":"2019-01-23","purchased_purges":2,"victory":false,"max_hp_per_floor":[80,80,80,80,80,80,80,80,80,80,80,80,80,80,80,80,80,80,80,80,80],"card_choices":[{"not_picked":["Heavy Blade","Entrench","Armaments"],"picked":"SKIP","floor":1.0},{"not_picked":["Warcry","Havoc"],"picked":"Cleave","floor":2.0},{"not_picked":["Wild Strike","Sentinel"],"picked":"Clothesline","floor":3.0},{"not_picked":["Clothesline","Wild Strike","Carnage"],"picked":"SKIP","floor":4.0},{"not_picked":["Iron Wave","Warcry","Sword Boomerang"],"picked":"SKIP","floor":6.0},{"not_picked":["Pummel","Sword Boomerang","Dual Wield"],"picked":"SKIP","floor":8.0},{"not_picked":["Barricade","Iron Wave","Entrench+1"],"picked":"SKIP","floor":10.0},{"not_picked":["Twin Strike","Clothesline"],"picked":"Flame Barrier+1","floor":13.0},{"not_picked":["Hemokinesis","Heavy Blade","Second Wind+1"],"picked":"SKIP","floor":14.0},{"not_picked":["Iron Wave","True Grit+1"],"picked":"Pommel Strike","floor":15.0},{"not_picked":["Fiend Fire","Berserk"],"picked":"Barricade","floor":16.0},{"not_picked":["Burning Pact+1","Flex+1","Twin Strike"],"picked":"SKIP","floor":18},{"not_picked":["Body Slam","Twin Strike","Thunderclap+1"],"picked":"SKIP","floor":20}],"player_experience":315137,"relics_obtained":[{"floor":6.0,"key":"Dream Catcher"},{"floor":8.0,"key":"Turnip"},{"floor":9.0,"key":"Toxic Egg 2"}],"event_choices":[{"damage_healed":0.0,"max_hp_gain":0.0,"max_hp_loss":0.0,"gold_gain":75.0,"event_name":"World of Goop","player_choice":"Gather Gold","floor":7.0,"gold_loss":0.0,"damage_taken":11.0},{"damage_healed":0,"gold_gain":75,"player_choice":"Touch","damage_taken":8,"max_hp_gain":0,"max_hp_loss":0,"event_name":"FaceTrader","floor":19,"gold_loss":0}],"is_beta":false,"boss_relics":[{"not_picked":["Lizard Tail","Runic Dome"],"picked":"Runic Cube"}],"items_purged_floors":[5,12],"is_endless":false,"potions_floor_spawned":[1,4,10],"killed_by":"Shelled Parasite and Fungi","ascension_level":5}