{"gold_per_floor":[359,359,16,35,46,71,88,88,88,115,115,132,142,161,161,256,256,268,448,461,478,490,519,519,554,554,554,573,583,612,63,63,159,159,169,0,0,10,30,55,55,55,55,55,55,55,73,100,100,100],"floor_reached":51,"playtime":2427,"items_purged":["Strike_B"],"score":944,"play_id":"493be2e6-2e13-4ac8-84f2-1e1d36c1376a","local_time":"20190214193147","is_ascension_mode":true,"campfire_choices":[{"floor":8,"key":"REST"},{"data":"Defragment","floor":11,"key":"SMITH"},{"data":"Defragment","floor":15,"key":"SMITH"},{"floor":24,"key":"REST"},{"data":"Defragment","floor":27,"key":"SMITH"},{"data":"Consume","floor":32,"key":"SMITH"},{"data":"Capacitor","floor":42,"key":"SMITH"},{"data":"Chill","floor":44,"key":"SMITH"},{"data":"Reinforced Body","floor":46,"key":"SMITH"},{"data":"Zap","floor":49,"key":"SMITH"}],"neow_cost":"PERCENT_DAMAGE","seed_source_timestamp":30651975289015,"circlet_count":0,"master_deck":["Strike_B+1","Defend_B","Defend_B","Defend_B","Zap+1","Dualcast","Echo Form","Streamline+1","Defragment+1","Self Repair","Cold Snap","Melter","Chill+1","FTL","Defragment+1","Buffer+1","Reinforced Body+1","Blind","Conserve Battery","Defragment+1","Consume+1","Capacitor+1","Core Surge","Finesse"],"relics":["Cracked Core","ClockworkSouvenir","Bottled Flame","Incense Burner","Nunchaku","Nuclear Battery","Whetstone","Cables","Singing Bowl","Lantern","Ancient Tea Set","Empty Cage","Red Mask","Dodecahedron","Bottled Tornado","Ornamental Fan"],"potions_floor_usage":[6,23,33,35,50,50,50],"damage_taken":[{"damage":0,"enemies":"2 Louse","floor":1,"turns":2},{"damage":6,"enemies":"Cultist","floor":4,"turns":3},{"damage":1,"enemies":"Jaw Worm","floor":5,"turns":4},{"damage":9,"enemies":"Lagavulin","floor":6,"turns":6},{"damage":20,"enemies":"Gremlin Gang","floor":7,"turns":5},{"damage":15,"enemies":"Gremlin Nob","floor":10,"turns":5},{"damage":1,"enemies":"Red Slaver","floor":12,"turns":4},{"damage":9,"enemies":"Large Slime","floor":13,"turns":6},{"damage":1,"enemies":"2 Fungi Beasts","floor":14,"turns":4},{"damage":18,"enemies":"Slime Boss","floor":16,"turns":9},{"damage":7,"enemies":"Shell Parasite","floor":18,"turns":5},{"damage":0,"enemies":"Spheric Guardian","floor":20,"turns":5},{"damage":10,"enemies":"Shelled Parasite and Fungi","floor":21,"turns":7},{"damage":19,"enemies":"Snake Plant","floor":22,"turns":6},{"damage":42,"enemies":"Slavers","floor":23,"turns":7},{"damage":12,"enemies":"Book of Stabbing","floor":25,"turns":7},{"damage":0,"enemies":"Centurion and Healer","floor":28,"turns":8},{"damage":10,"enemies":"Chosen and Byrds","floor":29,"turns":6},{"damage":0,"enemies":"Gremlin Leader","floor":30,"turns":9},{"damage":23,"enemies":"Automaton","floor":33,"turns":16},{"damage":17,"enemies":"Orb Walker","floor":35,"turns":4},{"damage":0,"enemies":"3 Shapes","floor":38,"turns":8},{"damage":7,"enemies":"Spire Growth","floor":39,"turns":8},{"damage":0,"enemies":"Nemesis","floor":40,"turns":11},{"damage":1,"enemies":"3 Darklings","floor":47,"turns":6},{"damage":0,"enemies":"Giant Head","floor":48,"turns":10},{"damage":43,"enemies":"Awakened One","floor":50,"turns":12}],"seed_played":"2710358627087428802","potions_obtained":[{"floor":5,"key":"EssenceOfSteel"},{"floor":7,"key":"Ancient Potion"},{"floor":12,"key":"Strength Potion"},{"floor":16,"key":"Swift Potion"},{"floor":25,"key":"AttackPotion"},{"floor":28,"key":"Weak Potion"},{"floor":33,"key":"Swift Potion"},{"floor":38,"key":"Regen Potion"},{"floor":40,"key":"PowerPotion"}],"is_trial":false,"path_per_floor":["M","?","$","M","M","E","M","R","T","E","R","M","M","M","R","B",null,"M","?","M","M","M","E","R","E","T","R","M","M","E","$","R","B",null,"M","?","?","M","M","E","?","R","T","R","$","R","M","E","R","B",null],"character_chosen":"DEFECT","items_purchased":["ClockworkSouvenir","Echo Form","Capacitor","Core Surge","Finesse","Ancient Tea Set"],"campfire_rested":2,"item_purchase_floors":[3,3,31,31,31,31],"current_hp_per_floor":[54,54,54,48,47,38,25,47,47,39,39,52,57,70,70,59,75,75,47,61,65,53,18,40,35,35,35,51,55,64,64,64,50,81,80,80,80,85,87,89,89,89,89,89,89,89,91,93,93,66],"gold":100,"neow_bonus":"TWO_FIFTY_GOLD","is_prod":false,"is_daily":false,"chose_seed":false,"campfire_upgraded":8,"win_rate":0,"timestamp":1550169107,"path_taken":["M","?","$","M","?","E","?","R","T","E","R","M","?","M","R","BOSS","M","?","M","M","M","E","R","E","T","R","M","?","E","?","R","BOSS","M","?","?","M","?","E","?","R","T","R","$","R","M","E","R","BOSS"],"build_version":"2019-01-23","purchased_purges":1,"victory":true,"max_hp_per_floor":[75,75,75,75,75,75,75,75,75,75,75,75,75,75,75,75,75,75,75,75,75,75,75,75,75,75,75,77,77,79,79,79,81,81,83,83,83,85,87,89,89,89,89,89,89,89,91,93,93,93],"card_choices":[{"not_picked":["Hologram","Sweeping Beam","Beam Cell"],"picked":"SKIP","floor":1},{"not_picked":["Stack","Go for the Eyes"],"picked":"Streamline","floor":4},{"not_picked":["Leap","Compile Driver"],"picked":"Defragment","floor":5},{"not_picked":["FTL","Reboot"],"picked":"Self Repair","floor":6},{"not_picked":["Redo","Streamline"],"picked":"Cold Snap","floor":7},{"not_picked":["Barrage","Hello World"],"picked":"Melter","floor":10},{"not_picked":["Genetic Algorithm","Gash"],"picked":"Chill","floor":12},{"not_picked":["Turbo","Heatsinks"],"picked":"FTL","floor":13},{"not_picked":["Beam Cell","Conserve Battery"],"picked":"Defragment","floor":14},{"not_picked":["Hyperbeam","Amplify"],"picked":"Buffer","floor":16},{"not_picked":["Leap","Steam Power"],"picked":"Reinforced Body","floor":18},{"not_picked":["Steam","Sunder"],"picked":"Conserve Battery","floor":20},{"not_picked":["Stack","Hologram+1"],"picked":"Defragment","floor":21},{"not_picked":["Redo","Leap","Conserve Battery"],"picked":"SKIP","floor":22},{"not_picked":["Force Field","Streamline","Rebound+1"],"picked":"SKIP","floor":23},{"not_picked":["Steam","Ball Lightning","Amplify"],"picked":"SKIP","floor":25},{"not_picked":["Cold Snap","Lockon","Barrage"],"picked":"Singing Bowl","floor":28},{"not_picked":["Ball Lightning","Chill"],"picked":"Consume","floor":29},{"not_picked":["Barrage+1","Cold Snap+1","Rip and Tear"],"picked":"Singing Bowl","floor":30},{"not_picked":["Meteor Strike","Multi-Cast","Hyperbeam"],"picked":"Singing Bowl","floor":33},{"not_picked":["Beam Cell+1","Chill","Streamline+1"],"picked":"Singing Bowl","floor":35},{"not_picked":["Compile Driver","Reinforced Body+1","Stack+1"],"picked":"Singing Bowl","floor":38},{"not_picked":["Barrage+1","Sweeping Beam+1","Reprogram"],"picked":"Singing Bowl","floor":39},{"not_picked":["FTL","Redo+1","Compile Driver"],"picked":"Singing Bowl","floor":40},{"not_picked":["Heatsinks+1","Static Discharge+1","Steam"],"picked":"Singing Bowl","floor":47},{"not_picked":["Gash","Beam Cell+1","Aggregate+1"],"picked":"Singing Bowl","floor":48}],"player_experience":1076239,"relics_obtained":[{"floor":6,"key":"Bottled Flame"},{"floor":9,"key":"Incense Burner"},{"floor":10,"key":"Nunchaku"},{"floor":23,"key":"Whetstone"},{"floor":25,"key":"Cables"},{"floor":26,"key":"Singing Bowl"},{"floor":30,"key":"Lantern"},{"floor":40,"key":"Dodecahedron"},{"floor":43,"key":"Bottled Tornado"},{"floor":48,"key":"Ornamental Fan"}],"event_choices":[{"damage_healed":0,"gold_gain":0,"player_choice":"Bought 0 Potions","damage_taken":0,"max_hp_gain":0,"max_hp_loss":0,"event_name":"The Woman in Blue","floor":2,"gold_loss":0},{"damage_healed":0,"gold_gain":180,"player_choice":"GOLD GOLD CARD ","damage_taken":28,"max_hp_gain":0,"max_hp_loss":0,"event_name":"Knowing Skull","floor":19,"potions_obtained":[],"gold_loss":0,"cards_obtained":["Blind"]},{"damage_healed":0,"gold_gain":0,"player_choice":"Paid","damage_taken":0,"relics_obtained":["Red Mask"],"max_hp_gain":0,"max_hp_loss":0,"event_name":"Tomb of Lord Red Mask","floor":36,"gold_loss":169},{"damage_healed":0,"gold_gain":0,"player_choice":"Upgraded","damage_taken":0,"max_hp_gain":0,"max_hp_loss":0,"event_name":"Upgrade Shrine","floor":37,"gold_loss":0,"cards_upgraded":["Buffer"]},{"cards_removed":["Defend_B"],"damage_healed":0,"gold_gain":0,"player_choice":"Removed Skill","damage_taken":0,"max_hp_gain":0,"max_hp_loss":0,"event_name":"Falling","floor":41,"gold_loss":0}],"is_beta":false,"boss_relics":[{"not_picked":["Astrolabe","Velvet Choker"],"picked":"Nuclear Battery"},{"not_picked":["Black Star","Snecko Eye"],"picked":"Empty Cage"}],"items_purged_floors":[31],"is_endless":false,"potions_floor_spawned":[5,7,12,16,25,28,29,30,33,38,40,48],"ascension_level":1}