{"gold_per_floor":[16,16,30,45,45,45,45,45,45,57,82,106,118,164,176,292,304,335,347,359,385,165,165,182,182,207,207,226,236,159,10,10,111,111,127,127,137,137,37,37,66,76,150,25,44,44,63,63,63,63],"floor_reached":50,"playtime":3072,"items_purged":["Strike_R","Defend_R","Pommel Strike"],"score":623,"play_id":"4d57bb43-a7ce-4390-b3e2-b097dcc800bb","local_time":"20180802211941","is_ascension_mode":true,"campfire_choices":[{"data":"Bash","floor":6,"key":"SMITH"},{"data":"Flex","floor":8,"key":"SMITH"},{"data":"Madness","floor":13,"key":"SMITH"},{"floor":15,"key":"REST"},{"data":"Immolate","floor":23,"key":"SMITH"},{"floor":25,"key":"REST"},{"data":"Fiend Fire","floor":32,"key":"SMITH"},{"data":"Offering","floor":40,"key":"SMITH"},{"data":"Shrug It Off","floor":46,"key":"SMITH"},{"data":"J.A.X.","floor":49,"key":"SMITH"}],"neow_cost":"NO_GOLD","seed_source_timestamp":152030927652308,"circlet_count":0,"master_deck":["Strike_R+1","Defend_R","Bash+1","Flex+1","Iron Wave+1","Shrug It Off+1","Iron Wave","Madness+1","Bash","Immolate+1","Offering+1","Carnage+1","Battle Trance","Fiend Fire+1","Pommel Strike+1","J.A.X.+1","Shrug It Off+1","Dropkick+1","Metallicize+1"],"relics":["Burning Blood","Kunai","MawBank","Omamori","Empty Cage","Whetstone","Oddly Smooth Stone","Orichalcum","Coffee Dripper","Mercury Hourglass","Regal Pillow","Question Card","Du-Vu Doll"],"potions_floor_usage":[14,16,24,33,33,45,50],"damage_taken":[{"damage":2,"enemies":"Jaw Worm","floor":1,"turns":3},{"damage":0,"enemies":"2 Louse","floor":3,"turns":4},{"damage":7,"enemies":"Small Slimes","floor":4,"turns":4},{"damage":8,"enemies":"3 Louse","floor":11,"turns":4},{"damage":9,"enemies":"2 Fungi Beasts","floor":12,"turns":3},{"damage":13,"enemies":"Lagavulin","floor":14,"turns":4},{"damage":0,"enemies":"Slime Boss","floor":16,"turns":5},{"damage":25,"enemies":"3 Byrds","floor":18,"turns":6},{"damage":5,"enemies":"Chosen","floor":21,"turns":1},{"damage":14,"enemies":"Centurion and Healer","floor":24,"turns":5},{"damage":5,"enemies":"Snake Plant","floor":28,"turns":1},{"damage":5,"enemies":"Snecko","floor":29,"turns":2},{"damage":65,"enemies":"Automaton","floor":33,"turns":12},{"damage":7,"enemies":"Orb Walker","floor":35,"turns":2},{"damage":14,"enemies":"3 Darklings","floor":37,"turns":3},{"damage":15,"enemies":"2 Orb Walkers","floor":41,"turns":3},{"damage":8,"enemies":"Sphere and 2 Shapes","floor":42,"turns":2},{"damage":8,"enemies":"4 Shapes","floor":45,"turns":4},{"damage":3,"enemies":"Flame Bruiser 2 Orb","floor":47,"turns":3},{"damage":0,"floor":48,"turns":3},{"damage":90,"enemies":"Donu and Deca","floor":50,"turns":7}],"seed_played":"8404077969400401097","potions_obtained":[{"floor":12,"key":"SkillPotion"},{"floor":14,"key":"Explosive Potion"},{"floor":16,"key":"SpeedPotion"},{"floor":21,"key":"LiquidBronze"},{"floor":24,"key":"GamblersBrew"},{"floor":37,"key":"Block Potion"},{"floor":47,"key":"SteroidPotion"},{"floor":48,"key":"SmokeBomb"}],"is_trial":false,"path_per_floor":["M","?","M","M","T","R","?","R","T","?","M","M","R","E","R","B",null,"M","?","?","M","$","R","M","R","T","?","M","M","?","$","R","B",null,"M","?","M","?","$","R","E","M","T","$","M","R","M","?","R"],"character_chosen":"IRONCLAD","items_purchased":["Whetstone","Orichalcum"],"campfire_rested":2,"item_purchase_floors":[22,31],"current_hp_per_floor":[80,80,80,79,79,79,63,63,63,63,61,58,58,51,75,80,80,61,46,46,47,47,47,39,64,64,85,85,85,85,85,85,26,85,84,84,76,76,76,76,67,65,65,65,63,63,66,72,72,0],"gold":63,"neow_bonus":"TRANSFORM_TWO_CARDS","is_prod":false,"is_daily":false,"chose_seed":false,"campfire_upgraded":8,"win_rate":0,"timestamp":1533259181,"path_taken":["M","?","M","M","?","R","?","R","T","?","?","?","R","E","R","BOSS","M","?","?","M","?","R","?","R","T","?","M","M","?","$","R","BOSS","M","?","?","?","?","R","E","?","T","$","M","R","M","?","R","BOSS"],"build_version":"2018-07-26","purchased_purges":3,"victory":false,"max_hp_per_floor":[80,80,80,80,80,80,80,80,80,80,80,80,80,80,80,80,80,80,85,85,85,85,85,85,85,85,85,85,85,85,85,85,85,85,85,85,85,85,85,85,85,85,85,85,85,85,85,85,85,85],"card_choices":[{"not_picked":["Heavy Blade","Clash"],"picked":"Shrug It Off","floor":1},{"not_picked":["Wild Strike","Clothesline","Combust"],"picked":"SKIP","floor":3},{"not_picked":["Wild Strike","Sword Boomerang"],"picked":"Iron Wave","floor":4},{"not_picked":["Armaments","Sever Soul","Ghostly Armor"],"picked":"SKIP","floor":11},{"not_picked":["Flex","Clash"],"picked":"Immolate","floor":12},{"not_picked":["Power Through","Battle Trance"],"picked":"Pommel Strike","floor":14},{"not_picked":["Feed","Juggernaut"],"picked":"Offering","floor":16},{"not_picked":["Armaments","Body Slam+1"],"picked":"Carnage","floor":18},{"not_picked":["Clash","Sword Boomerang"],"picked":"Pommel Strike","floor":21},{"not_picked":["Dual Wield","Rampage","Searing Blow"],"picked":"SKIP","floor":24},{"not_picked":["Feel No Pain+1","Clash","Warcry"],"picked":"SKIP","floor":28},{"not_picked":["Wild Strike","Barricade","Ghostly Armor"],"picked":"SKIP","floor":29},{"not_picked":["Spot Weakness+1","Body Slam+1","Clothesline"],"picked":"SKIP","floor":35},{"not_picked":["Intimidate+1","Pummel","True Grit+1"],"picked":"SKIP","floor":37},{"not_picked":["Flex","Reckless Charge"],"picked":"Shrug It Off+1","floor":41},{"not_picked":["Spot Weakness","Thunderclap+1"],"picked":"Dropkick+1","floor":42},{"not_picked":["Thunderclap","Pommel Strike+1","Flame Barrier","Rupture"],"picked":"SKIP","floor":45},{"not_picked":["Sword Boomerang+1","Rampage","Combust+1","Pommel Strike"],"picked":"SKIP","floor":47},{"not_picked":["Havoc+1","Cleave+1","Fire Breathing+1"],"picked":"Metallicize+1","floor":48}],"player_experience":140011,"relics_obtained":[{"floor":5,"key":"Kunai"},{"floor":9,"key":"MawBank"},{"floor":14,"key":"Omamori"},{"floor":26,"key":"Oddly Smooth Stone"},{"floor":41,"key":"Regal Pillow"},{"floor":43,"key":"Question Card"},{"floor":48,"key":"Du-Vu Doll"}],"event_choices":[{"event_name":"The Cleric","player_choice":"Leave","floor":2,"damage_taken":0},{"event_name":"Shining Light","player_choice":"Entered Light","floor":7,"damage_taken":0},{"event_name":"Match and Keep!","player_choice":"2 cards matched","floor":10,"damage_taken":0},{"event_name":"Match and Keep!","player_choice":"2 cards matched","floor":10,"damage_taken":0},{"event_name":"Forgotten Altar","player_choice":"Shed Blood","floor":19,"damage_taken":0},{"event_name":"Match and Keep!","player_choice":"2 cards matched","floor":20,"damage_taken":0},{"event_name":"Match and Keep!","player_choice":"2 cards matched","floor":20,"damage_taken":0},{"event_name":"The Library","player_choice":"Heal","floor":27,"damage_taken":0},{"event_name":"Drug Dealer","player_choice":"Got JAXXED","floor":30,"damage_taken":0},{"event_name":"Bonfire Elementals","player_choice":"BASIC","floor":36,"damage_taken":0},{"event_name":"Wheel of Change","player_choice":"Relic","floor":38,"damage_taken":0},{"event_name":"MindBloom","player_choice":"Fight","floor":48,"damage_taken":0}],"is_beta":false,"boss_relics":[{"not_picked":["Runic Dome","Eternal Feather"],"picked":"Empty Cage"},{"not_picked":["Fusion Hammer","Astrolabe"],"picked":"Coffee Dripper"}],"items_purged_floors":[22,39,44],"is_endless":false,"potions_floor_spawned":[12,14,16,21,24,37,47,48],"killed_by":"Donu and Deca","ascension_level":3}