{"gold_per_floor":[209,284,124,124,124,149,149,162,162,225,225,242,262,282,282,282],"floor_reached":16,"playtime":1183,"items_purged":[],"score":116,"play_id":"e625f3ba-d233-47a8-8fc9-e7de6cc7b9e0","local_time":"20190128153307","is_ascension_mode":true,"campfire_choices":[{"floor":7,"key":"REST"},{"data":"Metallicize","floor":11,"key":"SMITH"},{"floor":15,"key":"REST"}],"neow_cost":"NONE","seed_source_timestamp":1541119275753969,"circlet_count":0,"master_deck":["Strike_R","Strike_R","Strike_R+1","Strike_R","Strike_R","Defend_R","Defend_R","Defend_R","Defend_R","Bash","Metallicize+1","Rampage+1","Flex","Seeing Red","Clash"],"relics":["Burning Blood","Whetstone","Vajra","Tiny Chest"],"potions_floor_usage":[10,10],"damage_taken":[{"damage":1,"enemies":"Jaw Worm","floor":1,"turns":3},{"damage":39,"enemies":"Lagavulin","floor":6,"turns":7},{"damage":6,"enemies":"2 Louse","floor":8,"turns":3},{"damage":22,"enemies":"3 Sentries","floor":10,"turns":8},{"damage":7,"enemies":"Small Slimes","floor":12,"turns":3},{"damage":4,"enemies":"2 Fungi Beasts","floor":13,"turns":3},{"damage":10,"enemies":"Exordium Thugs","floor":14,"turns":3},{"damage":72,"enemies":"Hexaghost","floor":16,"turns":11}],"seed_played":"-2521894622375093120","potions_obtained":[{"floor":1,"key":"SkillPotion"},{"floor":6,"key":"Swift Potion"},{"floor":14,"key":"Explosive Potion"}],"is_trial":false,"path_per_floor":["M","?","$","?","?","E","R","M","T","E","R","M","M","M","R","B"],"character_chosen":"IRONCLAD","items_purchased":["Metallicize","Rampage","Flex"],"campfire_rested":2,"item_purchase_floors":[3,3,3],"current_hp_per_floor":[80,69,69,69,74,41,66,66,66,50,50,49,51,47,72,0],"gold":282,"neow_bonus":"HUNDRED_GOLD","is_prod":false,"is_daily":false,"chose_seed":false,"campfire_upgraded":1,"win_rate":0,"timestamp":1548649987,"path_taken":["M","?","$","?","?","E","R","M","T","E","R","M","M","M","R","BOSS"],"build_version":"2019-01-23","purchased_purges":0,"victory":false,"max_hp_per_floor":[80,80,80,80,85,85,85,85,85,85,85,85,85,85,85,85],"card_choices":[{"not_picked":["Blood for Blood","Sword Boomerang","Heavy Blade"],"picked":"SKIP","floor":1},{"not_picked":["Sentinel","Juggernaut","Clothesline"],"picked":"SKIP","floor":6},{"not_picked":["Corruption","Pummel"],"picked":"Seeing Red","floor":8},{"not_picked":["Bludgeon","Perfected Strike"],"picked":"Clash","floor":10},{"not_picked":["Shrug It Off","Pommel Strike","Sword Boomerang"],"picked":"SKIP","floor":12},{"not_picked":["Dropkick","Flame Barrier","Warcry"],"picked":"SKIP","floor":13},{"not_picked":["Clash","Fire Breathing","Rupture"],"picked":"SKIP","floor":14}],"player_experience":101459,"relics_obtained":[{"floor":6,"key":"Whetstone"},{"floor":9,"key":"Vajra"},{"floor":10,"key":"Tiny Chest"}],"event_choices":[{"damage_healed":0,"gold_gain":75,"player_choice":"Gather Gold","damage_taken":11,"max_hp_gain":0,"max_hp_loss":0,"event_name":"World of Goop","floor":2,"gold_loss":0},{"damage_healed":0,"gold_gain":0,"player_choice":"Ignored","damage_taken":0,"max_hp_gain":0,"max_hp_loss":0,"event_name":"Golden Wing","floor":4,"gold_loss":0},{"damage_healed":0,"gold_gain":0,"player_choice":"Donut","damage_taken":0,"max_hp_gain":5,"max_hp_loss":0,"event_name":"Big Fish","floor":5,"gold_loss":0}],"is_beta":false,"boss_relics":[],"items_purged_floors":[],"is_endless":false,"potions_floor_spawned":[1,6,14],"killed_by":"Hexaghost","ascension_level":1}