{"gold_per_floor":[217,217,292,60,10,10,30,40,65,65,65,92,92,111,111,214,214,231,250,268,268,268],"floor_reached":22,"playtime":718,"items_purged":["Strike_R"],"score":258,"play_id":"52deb1c3-f71f-488f-86cf-69a2e75fa441","local_time":"20180810144527","is_ascension_mode":true,"campfire_choices":[{"data":"Bash","floor":6,"key":"SMITH"},{"data":"Barricade","floor":13,"key":"SMITH"},{"data":"Infernal Blade","floor":15,"key":"SMITH"}],"neow_cost":"NONE","seed_source_timestamp":125924115267841,"circlet_count":0,"master_deck":["Strike_R","Strike_R","Strike_R","Defend_R","Defend_R","Bash+1","Infernal Blade+1","Barricade+1","Juggernaut","Shrug It Off","Disarm"],"relics":["Burning Blood","Anchor","Centennial Puzzle","Paper Frog","Dream Catcher","Philosopher\u0027s Stone"],"potions_floor_usage":[16,18,18,20],"damage_taken":[{"damage":1,"enemies":"Cultist","floor":1,"turns":4},{"damage":0,"enemies":"2 Louse","floor":7,"turns":4},{"damage":0,"enemies":"Jaw Worm","floor":8,"turns":3},{"damage":8,"enemies":"Gremlin Nob","floor":12,"turns":3},{"damage":3,"enemies":"Blue Slaver","floor":14,"turns":2},{"damage":54,"enemies":"The Guardian","floor":16,"turns":10},{"damage":36,"enemies":"Shell Parasite","floor":18,"turns":5},{"damage":6,"enemies":"Chosen","floor":19,"turns":4},{"damage":42,"enemies":"Centurion and Healer","floor":20,"turns":4},{"damage":24,"enemies":"Snake Plant","floor":22,"turns":2}],"seed_played":"2239623227101071499","potions_obtained":[{"floor":1,"key":"AttackPotion"},{"floor":14,"key":"AttackPotion"},{"floor":16,"key":"Regen Potion"},{"floor":18,"key":"Strength Potion"},{"floor":19,"key":"BloodPotion"}],"is_trial":false,"path_per_floor":["M","?","?","$","?","R","M","M","T","?","?","E","R","M","R","B",null,"M","M","M","?"],"character_chosen":"IRONCLAD","items_purchased":["Anchor"],"campfire_rested":0,"item_purchase_floors":[4],"current_hp_per_floor":[77,77,66,66,66,66,72,78,78,78,71,69,69,72,72,24,66,45,45,17,17,0],"gold":268,"neow_bonus":"HUNDRED_GOLD","is_prod":false,"is_daily":false,"chose_seed":false,"campfire_upgraded":3,"win_rate":0,"timestamp":1533926727,"path_taken":["M","?","?","$","?","R","M","M","T","?","?","E","R","M","R","BOSS","M","M","?","?","M"],"build_version":"2018-08-09","purchased_purges":1,"victory":false,"max_hp_per_floor":[80,80,80,80,80,80,80,80,80,80,80,80,80,80,80,80,80,80,80,80,80,80],"card_choices":[{"not_picked":["Blood for Blood","Heavy Blade"],"picked":"Infernal Blade","floor":1},{"not_picked":["Heavy Blade","Seeing Red","Power Through"],"picked":"SKIP","floor":7},{"not_picked":["Feel No Pain","Spot Weakness","Clothesline"],"picked":"SKIP","floor":8},{"not_picked":["True Grit","Flex"],"picked":"Barricade","floor":12},{"not_picked":["Body Slam","Sword Boomerang","Combust"],"picked":"SKIP","floor":14},{"not_picked":["Fiend Fire","Dark Embrace"],"picked":"Juggernaut","floor":16},{"not_picked":["Uppercut","Power Through","Pommel Strike"],"picked":"SKIP","floor":18},{"not_picked":["True Grit","Blood for Blood"],"picked":"Shrug It Off","floor":19},{"not_picked":["Havoc","Warcry"],"picked":"Disarm","floor":20}],"player_experience":193853,"relics_obtained":[{"floor":9,"key":"Centennial Puzzle"},{"floor":12,"key":"Dream Catcher"}],"event_choices":[{"event_name":"Wheel of Change","player_choice":"Card Removal","floor":2,"damage_taken":0},{"event_name":"World of Goop","player_choice":"Gather Gold","floor":3,"damage_taken":0},{"event_name":"The Cleric","player_choice":"Card Removal","floor":5,"damage_taken":0},{"event_name":"Living Wall","player_choice":"Forget","floor":10,"damage_taken":0},{"event_name":"Scrap Ooze","player_choice":"success","floor":11,"damage_taken":7},{"event_name":"Drug Dealer","player_choice":"Ignored","floor":21,"damage_taken":0}],"is_beta":false,"boss_relics":[{"not_picked":["Ectoplasm","Cursed Key"],"picked":"Philosopher\u0027s Stone"}],"items_purged_floors":[4],"is_endless":false,"potions_floor_spawned":[1,14,16,18,19],"killed_by":"Snake Plant","ascension_level":8}