{"gold_per_floor":[112,38,58,58,58,58,101,101,155,170,170,170,186,209,209,340,340,359,379,395,409,434,434],"floor_reached":23,"playtime":3004,"items_purged":[],"score":254,"play_id":"7a69d803-ad72-4db7-a1ac-ab83f7f23e15","local_time":"20190129165450","is_ascension_mode":true,"campfire_choices":[{"floor":6.0,"key":"REST"},{"floor":8.0,"key":"REST"},{"floor":12.0,"key":"REST"},{"floor":15.0,"key":"REST"}],"neow_cost":"NONE","seed_source_timestamp":0,"circlet_count":0,"master_deck":["Defend_G","Defend_G+1","Defend_G","Defend_G","Strike_G","Strike_G","Strike_G","Strike_G","Survivor+1","Neutralize","After Image","Endless Agony","Backstab","Prepared","Footwork+1","Dash","Flying Knee","After Image+1","After Image+1","Backstab+1","Masterful Stab","Quick Slash"],"special_seed":0,"relics":["Ring of the Snake","Golden Idol","Frozen Egg 2","Happy Flower","Lizard Tail"],"potions_floor_usage":[23,23],"damage_taken":[{"damage":0.0,"enemies":"2 Louse","floor":1.0,"turns":2.0},{"damage":4.0,"enemies":"Jaw Worm","floor":3.0,"turns":2.0},{"damage":46.0,"enemies":"Gremlin Nob","floor":7.0,"turns":6.0},{"damage":0.0,"enemies":"Cultist","floor":10.0,"turns":3.0},{"damage":0.0,"enemies":"Large Slime","floor":13.0,"turns":10.0},{"damage":0.0,"enemies":"2 Fungi Beasts","floor":14.0,"turns":3.0},{"damage":6.0,"enemies":"Hexaghost","floor":16.0,"turns":11.0},{"damage":1.0,"enemies":"Spheric Guardian","floor":18.0,"turns":6.0},{"damage":0.0,"enemies":"Chosen","floor":19.0,"turns":6.0},{"damage":10.0,"enemies":"Snecko","floor":20.0,"turns":5.0},{"damage":5.0,"enemies":"Shelled Parasite and Fungi","floor":21.0,"turns":12.0},{"damage":0.0,"enemies":"Cultist and Chosen","floor":22.0,"turns":9.0},{"damage":115,"enemies":"Gremlin Leader","floor":23,"turns":8}],"seed_played":"-4594378376508653970","potions_obtained":[{"floor":3.0,"key":"PowerPotion"},{"floor":7.0,"key":"SteroidPotion"},{"floor":10.0,"key":"Fire Potion"},{"floor":21.0,"key":"Weak Potion"}],"is_trial":false,"path_per_floor":["M","$","M","?","?","R","E","R","T","M","?","R","M","M","R","B",null,"M","M","M","M","M","E"],"character_chosen":"THE_SILENT","items_purchased":["Backstab"],"campfire_rested":4,"item_purchase_floors":[2],"current_hp_per_floor":[63,63,59,42,28,49,3,24,24,24,24,45,45,45,66,60,68,67,67,57,52,52,0],"gold":434,"neow_bonus":"TRANSFORM_CARD","is_prod":false,"is_daily":false,"chose_seed":false,"campfire_upgraded":0,"win_rate":0,"timestamp":1548798890,"path_taken":["M","$","M","?","?","R","E","R","T","M","?","R","M","M","R","BOSS","M","M","M","M","M","E"],"build_version":"2019-01-23","purchased_purges":0,"victory":false,"max_hp_per_floor":[70,70,70,70,70,70,70,70,70,70,70,70,70,70,70,70,70,70,70,70,70,70,70],"card_choices":[{"not_picked":["Blade Dance","Slice"],"picked":"Endless Agony","floor":1.0},{"not_picked":["Reflex","Slice"],"picked":"Prepared","floor":3.0},{"not_picked":["Dagger Throw","Acrobatics"],"picked":"Footwork","floor":7.0},{"not_picked":["Dodge and Roll","Acrobatics"],"picked":"Dash","floor":10.0},{"not_picked":["Outmaneuver","Riddle With Holes"],"picked":"Flying Knee","floor":13.0},{"not_picked":["Underhanded Strike","Accuracy+1"],"picked":"After Image+1","floor":14.0},{"not_picked":["A Thousand Cuts+1","Doppelganger"],"picked":"After Image+1","floor":16.0},{"not_picked":["Dagger Spray","Outmaneuver"],"picked":"Backstab+1","floor":18.0},{"not_picked":["Dodge and Roll+1","Slice","Acrobatics"],"picked":"SKIP","floor":19.0},{"not_picked":["Reflex","Predator+1"],"picked":"Masterful Stab","floor":20.0},{"not_picked":["Sucker Punch+1","All Out Attack"],"picked":"Quick Slash","floor":21.0},{"not_picked":["Distraction","Footwork+1","Riddle With Holes"],"picked":"SKIP","floor":22.0}],"player_experience":325538,"relics_obtained":[{"floor":7.0,"key":"Frozen Egg 2"},{"floor":9.0,"key":"Happy Flower"}],"event_choices":[{"damage_healed":0.0,"max_hp_gain":0.0,"max_hp_loss":0.0,"gold_gain":0.0,"event_name":"Golden Idol","player_choice":"Take Damage","floor":4.0,"gold_loss":0.0,"damage_taken":17.0,"relics_obtained":["Golden Idol"]},{"damage_healed":0.0,"max_hp_gain":0.0,"max_hp_loss":0.0,"gold_gain":0.0,"event_name":"Shining Light","player_choice":"Entered Light","floor":5.0,"gold_loss":0.0,"damage_taken":14.0,"cards_upgraded":["Defend_G","Survivor"]},{"cards_removed":["Defend_G"],"damage_healed":0.0,"max_hp_gain":0.0,"max_hp_loss":0.0,"gold_gain":0.0,"event_name":"Purifier","player_choice":"Purged","floor":11.0,"gold_loss":0.0,"damage_taken":0.0}],"is_beta":false,"boss_relics":[{"not_picked":["Ectoplasm","Tiny House"],"picked":"Lizard Tail"}],"items_purged_floors":[],"is_endless":false,"potions_floor_spawned":[3,7,10,21],"killed_by":"Gremlin Leader","ascension_level":6}