{"gold_per_floor":[114,132,132,155,155,155,196,196,226,226,251,266,310,385,385,474,474,499,624,624,3,3,3,19,42,42,75,12,45,45,83,83,176,176,197,197,197,220,0,0,43,62,62,62,62,97,97,130,130,130,130,130,130,4,4],"floor_reached":55,"playtime":2596,"items_purged":["Pain","Writhe"],"score":2159,"play_id":"e12b0a04-2a44-484b-ac00-48bd45901578","local_time":"20190314112843","is_ascension_mode":true,"campfire_choices":[{"data":"Zap","floor":6.0,"key":"SMITH"},{"data":"Buffer","floor":8.0,"key":"SMITH"},{"data":"Dualcast","floor":10.0,"key":"SMITH"},{"data":"Fusion","floor":15.0,"key":"SMITH"},{"data":"Tempest","floor":23.0,"key":"SMITH"},{"data":"Double Energy","floor":30.0,"key":"SMITH"},{"data":"White Noise","floor":32.0,"key":"SMITH"},{"data":"Mind Blast","floor":40.0,"key":"SMITH"},{"floor":44.0,"key":"RECALL"},{"data":"Bite","floor":45.0,"key":"SMITH"},{"data":"FTL","floor":47.0,"key":"SMITH"},{"data":"Glacier","floor":49.0,"key":"SMITH"},{"data":"Glacier","floor":53.0,"key":"SMITH"}],"neow_cost":"NONE","seed_source_timestamp":0,"circlet_count":0,"master_deck":["AscendersBane","Defend_B","Defend_B","Defend_B","Defend_B","Zap+1","Dualcast+1","Buffer+1","Compile Driver","Self Repair","Ball Lightning","Echo Form","Tempest+1","Fusion+1","Double Energy+1","White Noise+1","Bite+1","Bite","Bite","Bite","Bite","Glacier+1","BootSequence","FTL+1","Electrodynamics+1","Mind Blast+1","Glacier+1","Hello World+1","Stack+1"],"special_seed":0,"relics":["Cracked Core","Golden Idol","WarpedTongs","The Courier","Tiny Chest","PreservedInsect","Coffee Dripper","FossilizedHelix","Sundial","ClockworkSouvenir","WingedGreaves","Bag of Preparation","Bag of Marbles","Frozen Egg 2","Meat on the Bone","Incense Burner","Ornamental Fan","Nuclear Battery","Red Mask","Pen Nib","Dodecahedron","Darkstone Periapt"],"potions_floor_usage":[55],"damage_taken":[{"damage":0.0,"enemies":"Small Slimes","floor":1.0,"turns":3.0},{"damage":1.0,"enemies":"Cultist","floor":2.0,"turns":3.0},{"damage":0.0,"enemies":"2 Louse","floor":4.0,"turns":1.0},{"damage":27.0,"enemies":"3 Sentries","floor":7.0,"turns":8.0},{"damage":7.0,"enemies":"Looter","floor":11.0,"turns":3.0},{"damage":3.0,"enemies":"3 Louse","floor":12.0,"turns":3.0},{"damage":2.0,"enemies":"Gremlin Nob","floor":13.0,"turns":4.0},{"damage":23.0,"enemies":"Slime Boss","floor":16.0,"turns":8.0},{"damage":14.0,"enemies":"Chosen","floor":18.0,"turns":3.0},{"damage":22.0,"enemies":"Colosseum Slavers","floor":19.0,"turns":3.0},{"damage":31.0,"enemies":"Colosseum Nobs","floor":19.0,"turns":5.0},{"damage":0.0,"enemies":"Spheric Guardian","floor":24.0,"turns":4.0},{"damage":0.0,"enemies":"Centurion and Healer","floor":25.0,"turns":6.0},{"damage":0.0,"enemies":"Book of Stabbing","floor":27.0,"turns":4.0},{"damage":18.0,"enemies":"Gremlin Leader","floor":29.0,"turns":3.0},{"damage":9.0,"enemies":"Slavers","floor":31.0,"turns":4.0},{"damage":12.0,"enemies":"Automaton","floor":33.0,"turns":13.0},{"damage":0.0,"enemies":"Orb Walker","floor":35.0,"turns":3.0},{"damage":0.0,"enemies":"3 Shapes","floor":38.0,"turns":1.0},{"damage":7.0,"enemies":"Giant Head","floor":41.0,"turns":8.0},{"damage":0.0,"enemies":"3 Darklings","floor":42.0,"turns":3.0},{"damage":0.0,"enemies":"Reptomancer","floor":46.0,"turns":4.0},{"damage":0.0,"enemies":"Nemesis","floor":48.0,"turns":3.0},{"damage":7.0,"enemies":"Donu and Deca","floor":50.0,"turns":8.0},{"damage":31.0,"enemies":"Time Eater","floor":51.0,"turns":14.0},{"damage":53,"enemies":"Shield and Spear","floor":55,"turns":2}],"seed_played":"486371584374128231","potions_obtained":[{"floor":1.0,"key":"EssenceOfSteel"},{"floor":7.0,"key":"PowerPotion"},{"floor":13.0,"key":"Regen Potion"},{"floor":16.0,"key":"PowerPotion"},{"floor":19.0,"key":"Dexterity Potion"},{"floor":29.0,"key":"GamblersBrew"},{"floor":31.0,"key":"LiquidBronze"},{"floor":42.0,"key":"SpeedPotion"},{"floor":48.0,"key":"EntropicBrew"}],"is_trial":false,"path_per_floor":["M","M","?","M","?","R","E","R","T","R","M","M","E","?","R","B",null,"M","?","?","$","?","R","M","M","T","E","$","E","R","E","R","B",null,"M","?","?","M","?","R","E","M","T","R","R","E","R","E","R","B","B",null,"R","$","E"],"character_chosen":"DEFECT","items_purchased":["ClockworkSouvenir","WingedGreaves","Bag of Preparation","FocusPotion","AttackPotion"],"campfire_rested":0,"item_purchase_floors":[21,21,21,28,54],"current_hp_per_floor":[64,63,63,63,63,63,46,46,46,46,49,53,51,40,40,24,54,47,10,10,10,10,10,31,44,44,44,44,28,28,29,29,44,44,44,42,42,42,42,42,42,42,42,42,42,42,42,42,42,42,37,41,41,41,0],"gold":4,"neow_bonus":"ONE_RANDOM_RARE_CARD","is_prod":false,"is_daily":false,"chose_seed":false,"campfire_upgraded":12,"win_rate":0,"timestamp":1552559323,"path_taken":["M","M","?","M","?","R","E","R","T","R","M","?","E","?","R","BOSS","M","?","?","$","?","R","M","M","T","E","$","E","R","E","R","BOSS","M","?","?","M","?","R","E","M","T","R","R","E","R","E","R","BOSS","BOSS","R","$","E"],"build_version":"2019-01-23","purchased_purges":2,"victory":false,"max_hp_per_floor":[71,71,64,64,64,64,64,64,64,64,64,64,64,64,64,64,64,64,64,44,44,44,44,44,44,44,44,44,44,44,44,44,44,44,44,42,42,42,42,42,42,42,42,42,42,42,42,42,42,42,42,42,42,42,42],"card_choices":[{"not_picked":["Recycle","Go for the Eyes"],"picked":"Compile Driver","floor":1.0},{"not_picked":["Turbo","Stack"],"picked":"Self Repair","floor":2.0},{"not_picked":["Steam Power","Steam"],"picked":"Ball Lightning","floor":4.0},{"not_picked":["Compile Driver","Reprogram"],"picked":"Echo Form","floor":7.0},{"not_picked":["Barrage","Beam Cell"],"picked":"Tempest","floor":11.0},{"not_picked":["Rebound","Redo"],"picked":"Fusion","floor":12.0},{"not_picked":["Leap","Gash"],"picked":"Double Energy","floor":13.0},{"not_picked":["Conserve Battery","Beam Cell"],"picked":"White Noise","floor":18.0},{"not_picked":["Leap","Coolheaded"],"picked":"Glacier","floor":24.0},{"not_picked":["Streamline+1","Go for the Eyes"],"picked":"BootSequence","floor":25.0},{"not_picked":["Echo Form+1","Rip and Tear","Sweeping Beam"],"picked":"SKIP","floor":27.0},{"not_picked":["Recycle","Capacitor+1","Chaos"],"picked":"SKIP","floor":29.0},{"not_picked":["Leap+1","Sweeping Beam"],"picked":"FTL","floor":31.0},{"not_picked":["Reboot","Thunder Strike"],"picked":"Electrodynamics+1","floor":33.0},{"not_picked":["Reprogram","Steam","Turbo"],"picked":"SKIP","floor":35.0},{"not_picked":["Panache+1","Forethought"],"picked":"Mind Blast","floor":37.0},{"not_picked":["Sweeping Beam","Turbo","Blizzard+1"],"picked":"SKIP","floor":38.0},{"not_picked":["All For One","Hyperbeam"],"picked":"Glacier","floor":41.0},{"not_picked":["Go for the Eyes+1","Coolheaded"],"picked":"Hello World+1","floor":42.0},{"not_picked":["Beam Cell","Auto Shields","Multi-Cast"],"picked":"SKIP","floor":46.0},{"not_picked":["Heatsinks+1","Recycle"],"picked":"Stack+1","floor":48.0}],"player_experience":1192243,"relics_obtained":[{"floor":7.0,"key":"The Courier"},{"floor":9.0,"key":"Tiny Chest"},{"floor":13.0,"key":"PreservedInsect"},{"floor":19.0,"key":"FossilizedHelix"},{"floor":19.0,"key":"Sundial"},{"floor":26.0,"key":"Frozen Egg 2"},{"floor":27.0,"key":"Meat on the Bone"},{"floor":29.0,"key":"Incense Burner"},{"floor":31.0,"key":"Ornamental Fan"},{"floor":41.0,"key":"Pen Nib"},{"floor":46.0,"key":"Dodecahedron"},{"floor":48.0,"key":"Darkstone Periapt"}],"event_choices":[{"damage_healed":0.0,"max_hp_gain":0.0,"max_hp_loss":7.0,"gold_gain":0.0,"event_name":"Golden Idol","player_choice":"Lose Max HP","floor":3.0,"gold_loss":0.0,"damage_taken":0.0,"relics_obtained":["Golden Idol"]},{"damage_healed":0.0,"max_hp_gain":0.0,"max_hp_loss":0.0,"gold_gain":0.0,"event_name":"Accursed Blacksmith","player_choice":"Rummage","floor":5.0,"gold_loss":0.0,"damage_taken":0.0,"relics_obtained":["WarpedTongs"],"cards_obtained":["Pain"]},{"damage_healed":0.0,"max_hp_gain":0.0,"max_hp_loss":0.0,"gold_gain":75.0,"event_name":"World of Goop","player_choice":"Gather Gold","floor":14.0,"gold_loss":0.0,"damage_taken":11.0},{"damage_healed":0.0,"max_hp_gain":0.0,"max_hp_loss":0.0,"gold_gain":0.0,"event_name":"Colosseum","player_choice":"Fight","floor":19.0,"gold_loss":0.0,"damage_taken":0.0},{"damage_healed":0.0,"max_hp_gain":0.0,"max_hp_loss":0.0,"gold_gain":0.0,"event_name":"Colosseum","player_choice":"Fled From Nobs","floor":19.0,"gold_loss":0.0,"damage_taken":0.0},{"damage_healed":0.0,"max_hp_gain":0.0,"max_hp_loss":0.0,"gold_gain":0.0,"event_name":"Colosseum","player_choice":"Fought Nobs","floor":19.0,"gold_loss":0.0,"damage_taken":0.0},{"damage_healed":0.0,"max_hp_gain":0.0,"max_hp_loss":20.0,"gold_gain":0.0,"event_name":"Vampires","player_choice":"Became a vampire","floor":20.0,"gold_loss":0.0,"damage_taken":0.0,"cards_obtained":["Bite","Bite","Bite","Bite","Bite"]},{"damage_healed":0.0,"max_hp_gain":0.0,"max_hp_loss":0.0,"gold_gain":0.0,"event_name":"The Mausoleum","player_choice":"Opened","floor":22.0,"gold_loss":0.0,"damage_taken":0.0,"relics_obtained":["Bag of Marbles"],"cards_obtained":["Writhe"]},{"damage_healed":0.0,"max_hp_gain":0.0,"max_hp_loss":2.0,"gold_gain":0.0,"event_name":"Winding Halls","player_choice":"Max HP","floor":36.0,"gold_loss":0.0,"damage_taken":0.0},{"damage_healed":0.0,"max_hp_gain":0.0,"max_hp_loss":0.0,"gold_gain":0.0,"event_name":"SensoryStone","player_choice":"Memory 1","floor":37.0,"gold_loss":0.0,"damage_taken":0.0},{"damage_healed":0.0,"max_hp_gain":0.0,"max_hp_loss":0.0,"gold_gain":0.0,"event_name":"Tomb of Lord Red Mask","player_choice":"Paid","floor":39.0,"gold_loss":220.0,"damage_taken":0.0,"relics_obtained":["Red Mask"]}],"is_beta":false,"boss_relics":[{"not_picked":["Black Star","Eternal Feather"],"picked":"Coffee Dripper"},{"not_picked":["Fusion Hammer","Pandora\u0027s Box"],"picked":"Nuclear Battery"}],"items_purged_floors":[21,54],"is_endless":false,"potions_floor_spawned":[1,7,13,16,18,19,19,29,31,42,48],"killed_by":"Shield and Spear","ascension_level":20}