{"gold_per_floor":[115,115,132,16,36,36,36,56,82,82,157,57,67,86,86,182,182,194,208,83,83,103,103,123,123,150,183,183,33,48,79,79,184,184,195,195,195,207,0,0,12,29,29,58,72,91,91,91,91,91],"floor_reached":51,"playtime":1178,"items_purged":["Defend_R","Strike_R","Defend_R","Defend_R"],"score":1177,"play_id":"5b0bc7b1-fd7a-410c-a2d2-39ac35149312","local_time":"20180810000027","is_ascension_mode":true,"campfire_choices":[{"data":"Bash","floor":6,"key":"SMITH"},{"data":"Dropkick","floor":10,"key":"SMITH"},{"floor":15,"key":"REST"},{"data":"Dropkick","floor":23,"key":"SMITH"},{"data":"Inflame","floor":25,"key":"SMITH"},{"data":"Dropkick","floor":32,"key":"SMITH"},{"data":"Madness","floor":40,"key":"SMITH"}],"neow_cost":"TEN_PERCENT_HP_LOSS","seed_source_timestamp":72356298319383,"circlet_count":0,"master_deck":["Bash+1","Dropkick+1","Dropkick+1","Inflame+1","Dropkick+1","Madness+1","Madness+1"],"relics":["Burning Blood","Art of War","Empty Cage","Blood Vial","Happy Flower","Bag of Marbles","Kunai","Coffee Dripper","Red Mask","Meat on the Bone","Whetstone","Mark of the Bloom"],"potions_floor_usage":[16,42],"damage_taken":[{"damage":0,"enemies":"Small Slimes","floor":1,"turns":3},{"damage":6,"enemies":"Cultist","floor":3,"turns":3},{"damage":6,"enemies":"2 Louse","floor":5,"turns":2},{"damage":11,"enemies":"Blue Slaver","floor":8,"turns":3},{"damage":25,"enemies":"Gremlin Gang","floor":13,"turns":5},{"damage":12,"enemies":"Looter","floor":14,"turns":3},{"damage":26,"enemies":"Slime Boss","floor":16,"turns":9},{"damage":8,"enemies":"3 Byrds","floor":18,"turns":3},{"damage":6,"enemies":"2 Thieves","floor":19,"turns":2},{"damage":9,"enemies":"Centurion and Healer","floor":22,"turns":2},{"damage":0,"enemies":"Snecko","floor":24,"turns":1},{"damage":0,"enemies":"Gremlin Leader","floor":27,"turns":1},{"damage":0,"enemies":"Cultist and Chosen","floor":30,"turns":2},{"damage":0,"enemies":"Book of Stabbing","floor":31,"turns":1},{"damage":0,"enemies":"Collector","floor":33,"turns":1},{"damage":0,"enemies":"Flame Bruiser 1 Orb","floor":35,"turns":1},{"damage":11,"enemies":"Orb Walker","floor":38,"turns":2},{"damage":24,"enemies":"4 Shapes","floor":41,"turns":2},{"damage":12,"enemies":"Flame Bruiser 2 Orb","floor":42,"turns":2},{"damage":0,"enemies":"Giant Head","floor":44,"turns":2},{"damage":0,"enemies":"3 Darklings","floor":45,"turns":1},{"damage":0,"enemies":"Maw","floor":46,"turns":2},{"damage":24,"enemies":"Donu and Deca","floor":50,"turns":3}],"seed_played":"3968992573974557476","potions_obtained":[{"floor":1,"key":"Poison Potion"},{"floor":13,"key":"FearPotion"},{"floor":14,"key":"FearPotion"},{"floor":19,"key":"GamblersBrew"},{"floor":24,"key":"Block Potion"},{"floor":27,"key":"EssenceOfSteel"},{"floor":35,"key":"Ancient Potion"},{"floor":41,"key":"Regen Potion"},{"floor":42,"key":"Strength Potion"}],"is_trial":false,"path_per_floor":["M","?","M","$","M","R","?","M","T","R","?","$","M","M","R","B",null,"M","M","$","?","M","R","M","R","T","E","?","$","M","E","R","B",null,"M","?","?","M","?","R","M","M","T","E","M","M","?","?","R","B"],"character_chosen":"IRONCLAD","items_purchased":["Dropkick"],"campfire_rested":1,"item_purchase_floors":[4],"current_hp_per_floor":[72,72,72,72,72,72,72,67,67,67,56,56,37,31,52,32,62,60,60,60,72,69,69,72,72,72,72,72,72,72,72,72,72,72,72,72,63,60,60,60,44,45,45,53,61,69,69,69,69,45],"gold":91,"neow_bonus":"REMOVE_TWO","is_prod":false,"is_daily":false,"chose_seed":false,"campfire_upgraded":6,"win_rate":0,"timestamp":1533873627,"path_taken":["M","?","?","?","M","R","?","M","T","R","?","?","?","M","R","BOSS","M","M","$","?","?","R","?","R","T","E","?","$","?","E","R","BOSS","M","?","?","M","?","R","M","M","T","E","?","M","?","?","R","BOSS"],"build_version":"2018-08-09","purchased_purges":4,"victory":true,"max_hp_per_floor":[72,72,72,72,72,72,72,72,72,72,72,72,72,72,72,72,72,72,72,72,72,72,72,72,72,72,72,72,72,72,72,72,72,72,72,72,72,72,72,72,72,72,72,72,72,72,72,72,72,72],"card_choices":[{"not_picked":["Intimidate","Pommel Strike","Feel No Pain"],"picked":"SKIP","floor":1},{"not_picked":["Cleave","Clothesline","Immolate"],"picked":"SKIP","floor":3},{"not_picked":["Rage","Headbutt"],"picked":"Dropkick","floor":5},{"not_picked":["Iron Wave","Metallicize","Twin Strike"],"picked":"SKIP","floor":8},{"not_picked":["Cleave","Clothesline","Intimidate"],"picked":"SKIP","floor":13},{"not_picked":["Flex","Pummel","Sword Boomerang"],"picked":"SKIP","floor":14},{"not_picked":["Pommel Strike+1","Flex+1","Havoc"],"picked":"SKIP","floor":18},{"not_picked":["Rampage","Iron Wave"],"picked":"Inflame","floor":19},{"not_picked":["Iron Wave+1","Body Slam","Power Through+1"],"picked":"SKIP","floor":22},{"not_picked":["Thunderclap","Entrench","Infernal Blade"],"picked":"SKIP","floor":24},{"not_picked":["Bludgeon","Perfected Strike","Body Slam"],"picked":"SKIP","floor":27},{"not_picked":["Hemokinesis","Wild Strike"],"picked":"Dropkick","floor":30},{"not_picked":["Intimidate","Warcry","Heavy Blade"],"picked":"SKIP","floor":31},{"not_picked":["Thunderclap+1","Pummel","Heavy Blade+1"],"picked":"SKIP","floor":35},{"not_picked":["Wild Strike","Sword Boomerang+1","Clash+1"],"picked":"SKIP","floor":38},{"not_picked":["Headbutt+1","Second Wind+1","True Grit"],"picked":"SKIP","floor":41},{"not_picked":["Cleave","Double Tap","Pommel Strike+1"],"picked":"SKIP","floor":42},{"not_picked":["Burning Pact","Sever Soul","Reaper"],"picked":"SKIP","floor":44},{"not_picked":["Ghostly Armor+1","Clash","Flex+1"],"picked":"SKIP","floor":45},{"not_picked":["Whirlwind+1","True Grit+1","Rampage+1"],"picked":"SKIP","floor":46}],"player_experience":180628,"relics_obtained":[{"floor":9,"key":"Art of War"},{"floor":26,"key":"Blood Vial"},{"floor":27,"key":"Happy Flower"},{"floor":31,"key":"Kunai"},{"floor":43,"key":"Meat on the Bone"},{"floor":44,"key":"Whetstone"}],"event_choices":[{"event_name":"Living Wall","player_choice":"Forget","floor":2,"damage_taken":0},{"event_name":"Liars Game","player_choice":"disagreed","floor":7,"damage_taken":0},{"event_name":"World of Goop","player_choice":"Gather Gold","floor":11,"damage_taken":0},{"event_name":"Wheel of Change","player_choice":"Full Heal","floor":21,"damage_taken":0},{"event_name":"WeMeetAgain","player_choice":"Potion","floor":28,"damage_taken":0},{"event_name":"Purifier","player_choice":"One Purge","floor":36,"damage_taken":0},{"event_name":"Winding Halls","player_choice":"Embrace Madness","floor":37,"damage_taken":0},{"event_name":"Tomb of Lord Red Mask","player_choice":"Paid","floor":39,"damage_taken":0},{"event_name":"SensoryStone","player_choice":"Memory 1","floor":47,"damage_taken":0},{"event_name":"MindBloom","player_choice":"Upgrade","floor":48,"damage_taken":0}],"is_beta":false,"boss_relics":[{"not_picked":["Runic Cube","White Beast Statue"],"picked":"Empty Cage"},{"not_picked":["Fusion Hammer","Black Star"],"picked":"Coffee Dripper"}],"items_purged_floors":[4,12,20,29],"is_endless":false,"potions_floor_spawned":[1,13,14,19,24,27,35,41,42,46],"ascension_level":6}