{"gold_per_floor":[110,110,30,49,49,49,70,70,70,93,136,136,161,161],"floor_reached":14,"playtime":418,"items_purged":[],"score":180,"play_id":"c661bda0-d8e5-48e1-84d3-8cf9fc06ed18","local_time":"20190227234812","is_ascension_mode":true,"campfire_choices":[{"data":"Carnage","floor":6,"key":"SMITH"},{"data":"Bash","floor":8,"key":"SMITH"}],"neow_cost":"NONE","seed_source_timestamp":118043770231983,"circlet_count":0,"master_deck":["AscendersBane","Strike_R","Strike_R","Strike_R","Defend_R","Defend_R","Defend_R","Defend_R","Bash+1","Seeing Red","Carnage+1","Ghostly Armor","Body Slam","Iron Wave","Spot Weakness","Iron Wave"],"relics":["Burning Blood","NeowsBlessing","Golden Idol","Ornamental Fan","Pantograph"],"potions_floor_usage":[10,11,13],"damage_taken":[{"damage":0,"enemies":"Cultist","floor":1,"turns":1},{"damage":0,"enemies":"Jaw Worm","floor":4,"turns":1},{"damage":0,"enemies":"Small Slimes","floor":7,"turns":1},{"damage":4,"enemies":"Red Slaver","floor":10,"turns":4},{"damage":15,"enemies":"3 Sentries","floor":11,"turns":6},{"damage":6,"enemies":"Gremlin Gang","floor":13,"turns":6},{"damage":47,"enemies":"Lagavulin","floor":14,"turns":6}],"seed_played":"6614226176982121625","potions_obtained":[{"floor":1,"key":"FearPotion"},{"floor":10,"key":"PowerPotion"},{"floor":11,"key":"SpeedPotion"}],"is_trial":false,"path_per_floor":["M","?","$","M","?","R","M","R","T","M","E","?","M","E"],"character_chosen":"IRONCLAD","items_purchased":["Carnage"],"campfire_rested":0,"item_purchase_floors":[3],"current_hp_per_floor":[74,48,48,54,47,47,53,53,53,55,46,46,46,0],"gold":161,"neow_bonus":"THREE_ENEMY_KILL","is_prod":false,"is_daily":false,"chose_seed":false,"campfire_upgraded":2,"win_rate":0,"timestamp":1551307692,"path_taken":["M","?","$","M","?","R","M","R","T","M","E","?","?","E"],"build_version":"2019-01-23","purchased_purges":0,"victory":false,"max_hp_per_floor":[75,75,75,75,75,75,75,75,75,75,75,75,75,75],"card_choices":[{"not_picked":["Havoc","True Grit"],"picked":"Seeing Red","floor":1},{"not_picked":["Sever Soul","Anger","True Grit"],"picked":"SKIP","floor":4},{"not_picked":["Clothesline","Berserk"],"picked":"Ghostly Armor","floor":7},{"not_picked":["Feel No Pain","Bloodletting"],"picked":"Body Slam","floor":10},{"not_picked":["Reaper","Cleave"],"picked":"Iron Wave","floor":11},{"not_picked":["Flex","Clothesline"],"picked":"Iron Wave","floor":13}],"player_experience":1155611,"relics_obtained":[{"floor":9,"key":"Ornamental Fan"},{"floor":11,"key":"Pantograph"}],"event_choices":[{"damage_healed":0,"gold_gain":0,"player_choice":"Take Damage","damage_taken":26,"relics_obtained":["Golden Idol"],"max_hp_gain":0,"max_hp_loss":0,"event_name":"Golden Idol","floor":2,"gold_loss":0},{"cards_removed":["Strike_R"],"damage_healed":0,"gold_gain":0,"player_choice":"Card Removal","damage_taken":7,"max_hp_gain":0,"max_hp_loss":0,"event_name":"Golden Wing","floor":5,"gold_loss":0},{"damage_healed":0,"gold_gain":0,"cards_transformed":["Strike_R"],"player_choice":"Transformed","damage_taken":0,"max_hp_gain":0,"max_hp_loss":0,"event_name":"Transmorgrifier","floor":12,"gold_loss":0,"cards_obtained":["Spot Weakness"]}],"is_beta":false,"boss_relics":[],"items_purged_floors":[],"is_endless":false,"potions_floor_spawned":[1,10,11],"killed_by":"Lagavulin","ascension_level":20}