{"gold_per_floor":[119,44,59,69,88,121,121,447,447,466,478,510,510,510,510,587,637,649,699,713,50,69,69,95,106,106,6,6,33,33,48,48,48],"floor_reached":33,"playtime":1840,"items_purged":["Shame","Strike_B"],"score":639,"play_id":"d6663c14-30eb-4cfe-bdb9-40c406b4edfa","local_time":"20190128142926","is_ascension_mode":true,"campfire_choices":[{"floor":7.0,"key":"REST"},{"data":"Zap","floor":13.0,"key":"SMITH"},{"data":"Doom and Gloom","floor":15.0,"key":"SMITH"},{"data":"Chaos","floor":23.0,"key":"SMITH"},{"floor":28,"key":"REST"},{"floor":32,"key":"REST"}],"neow_cost":"CURSE","seed_source_timestamp":1623573003348508,"circlet_count":0,"master_deck":["AscendersBane","Strike_B","Strike_B","Strike_B","Defend_B+1","Defend_B","Defend_B","Defend_B","Zap+1","Dualcast","Doom and Gloom+1","FTL","Chill","Machine Learning+1","White Noise","Electrodynamics+1","FTL","Chaos+1","Hologram+1","All For One"],"special_seed":0,"relics":["Cracked Core","Thread and Needle","Frozen Egg 2","Old Coin","Pear","Kunai","Strawberry","Tiny House","Symbiotic Virus","Toolbox","Juzu Bracelet","Bag of Preparation","PreservedInsect","Meat on the Bone"],"potions_floor_usage":[25,25,33],"damage_taken":[{"damage":2.0,"enemies":"Cultist","floor":1.0,"turns":3.0},{"damage":0.0,"enemies":"Jaw Worm","floor":3.0,"turns":3.0},{"damage":0.0,"enemies":"2 Louse","floor":4.0,"turns":2.0},{"damage":14.0,"enemies":"Exordium Wildlife","floor":5.0,"turns":4.0},{"damage":14.0,"enemies":"Lagavulin","floor":6.0,"turns":6.0},{"damage":4.0,"enemies":"Gremlin Nob","floor":8.0,"turns":3.0},{"damage":0.0,"enemies":"Looter","floor":10.0,"turns":4.0},{"damage":5.0,"enemies":"Red Slaver","floor":11.0,"turns":4.0},{"damage":6.0,"enemies":"Lagavulin","floor":12.0,"turns":5.0},{"damage":31.0,"enemies":"Hexaghost","floor":16.0,"turns":8.0},{"damage":19.0,"enemies":"Chosen","floor":18.0,"turns":7.0},{"damage":6.0,"enemies":"3 Byrds","floor":20.0,"turns":4.0},{"damage":8.0,"enemies":"Snake Plant","floor":22.0,"turns":3.0},{"damage":7.0,"enemies":"Book of Stabbing","floor":24.0,"turns":5.0},{"damage":5,"enemies":"Centurion and Healer","floor":25,"turns":3},{"damage":11,"enemies":"Slavers","floor":29,"turns":2},{"damage":4,"enemies":"Chosen and Byrds","floor":31,"turns":4},{"damage":69,"enemies":"Collector","floor":33,"turns":7}],"seed_played":"-8329741473332382913","potions_obtained":[{"floor":3.0,"key":"Swift Potion"},{"floor":6.0,"key":"PowerPotion"},{"floor":11.0,"key":"Weak Potion"},{"floor":12.0,"key":"Explosive Potion"},{"floor":17.0,"key":"FocusPotion"},{"floor":20.0,"key":"PowerPotion"},{"floor":24.0,"key":"Weak Potion"},{"floor":29,"key":"Block Potion"}],"is_trial":false,"path_per_floor":["M","$","M","M","M","E","R","E","T","M","M","E","R","?","R","B",null,"M","?","M","$","M","R","E","M","T","$","R","E","?","M","R","B"],"character_chosen":"DEFECT","items_purchased":["Symbiotic Virus","Toolbox","Juzu Bracelet"],"campfire_rested":3,"item_purchase_floors":[21,21,21],"current_hp_per_floor":[62,62,62,62,48,34,55,51,61,61,56,50,50,46,46,15,75,56,56,50,50,42,42,35,30,30,30,57,46,18,26,55,0],"gold":48,"neow_bonus":"ONE_RARE_RELIC","is_prod":false,"is_daily":false,"chose_seed":false,"campfire_upgraded":3,"win_rate":0,"timestamp":1548682166,"path_taken":["M","$","M","?","M","E","R","E","T","M","M","E","R","?","R","BOSS","M","?","M","$","M","R","E","M","T","$","R","E","?","M","R","BOSS"],"build_version":"2019-01-23","purchased_purges":2,"victory":false,"max_hp_per_floor":[71,71,71,71,71,71,71,71,81,81,81,81,81,88,88,88,93,93,93,93,93,93,93,93,93,93,93,93,93,98,98,98,98],"card_choices":[{"not_picked":["Steam Power","Reprogram","Rebound"],"picked":"SKIP","floor":1.0},{"not_picked":["Redo","Skim"],"picked":"Doom and Gloom","floor":3.0},{"not_picked":["Self Repair","Streamline"],"picked":"FTL","floor":4.0},{"not_picked":["Cold Snap","Static Discharge"],"picked":"Chill","floor":5.0},{"not_picked":["Doom and Gloom","Beam Cell","Recycle"],"picked":"SKIP","floor":6.0},{"not_picked":["Hologram","Thunder Strike"],"picked":"Machine Learning+1","floor":8.0},{"not_picked":["Turbo","Stack","Steam Power"],"picked":"SKIP","floor":10.0},{"not_picked":["Turbo","Beam Cell","Leap"],"picked":"SKIP","floor":11.0},{"not_picked":["Turbo","Rebound"],"picked":"White Noise","floor":12.0},{"not_picked":["Amplify","Creative AI+1"],"picked":"Electrodynamics+1","floor":16.0},{"not_picked":["Beam Cell","Hologram"],"picked":"FTL","floor":17.0},{"not_picked":["Streamline","Stack","Steam"],"picked":"SKIP","floor":18.0},{"not_picked":["FTL","Chill","Compile Driver+1"],"picked":"SKIP","floor":20.0},{"not_picked":["Barrage","Sweeping Beam+1"],"picked":"Chaos","floor":22.0},{"not_picked":["Leap","Blizzard"],"picked":"Hologram+1","floor":24.0},{"not_picked":["Hologram","Steam","Meteor Strike"],"picked":"SKIP","floor":25},{"not_picked":["Compile Driver","Heatsinks+1"],"picked":"All For One","floor":29},{"not_picked":["Blizzard","Leap","Beam Cell"],"picked":"SKIP","floor":31}],"player_experience":963183,"relics_obtained":[{"floor":6.0,"key":"Frozen Egg 2"},{"floor":8.0,"key":"Old Coin"},{"floor":9.0,"key":"Pear"},{"floor":12.0,"key":"Kunai"},{"floor":24.0,"key":"Bag of Preparation"},{"floor":26,"key":"PreservedInsect"},{"floor":29,"key":"Meat on the Bone"}],"event_choices":[{"damage_healed":0.0,"max_hp_gain":0.0,"max_hp_loss":0.0,"gold_gain":0.0,"event_name":"Scrap Ooze","player_choice":"Success","floor":14.0,"gold_loss":0.0,"damage_taken":11.0,"relics_obtained":["Strawberry"]},{"damage_healed":0.0,"max_hp_gain":0.0,"max_hp_loss":0.0,"gold_gain":50.0,"event_name":"Nest","player_choice":"Stole From Cult","floor":19.0,"gold_loss":0.0,"damage_taken":0.0},{"damage_healed":0,"gold_gain":0,"player_choice":"Shed Blood","damage_taken":33,"max_hp_gain":5,"max_hp_loss":0,"event_name":"Forgotten Altar","floor":30,"gold_loss":0}],"is_beta":false,"boss_relics":[{"not_picked":["Calling Bell","Busted Crown"],"picked":"Tiny House"}],"items_purged_floors":[2,27],"is_endless":false,"potions_floor_spawned":[3,6,11,12,20,24,29],"killed_by":"Collector","ascension_level":20}