{"gold_per_floor":[112,112,131,206,221,252,264,287,323,335],"floor_reached":10,"playtime":467,"items_purged":[],"score":126,"play_id":"8e6225bd-f475-4771-afae-db9704a1a7a3","local_time":"20180922210823","is_ascension_mode":true,"campfire_choices":[{"floor":7.0,"key":"REST"}],"neow_cost":"NONE","seed_source_timestamp":0,"circlet_count":0,"master_deck":["Strike_B","Strike_B","Strike_B","Strike_B","Defend_B","Defend_B","Defend_B","Defend_B","Zap","Dualcast","AscendersBane","Sweeping Beam","Compile Driver","Self Repair","FTL"],"special_seed":0,"relics":["Cracked Core","Centennial Puzzle","MawBank","Potion Belt"],"potions_floor_usage":[8],"damage_taken":[{"damage":2.0,"enemies":"2 Louse","floor":1.0,"turns":3.0},{"damage":2.0,"enemies":"Jaw Worm","floor":3.0,"turns":4.0},{"damage":1.0,"enemies":"Cultist","floor":5.0,"turns":3.0},{"damage":51.0,"enemies":"Lagavulin","floor":6.0,"turns":9.0},{"damage":15,"enemies":"Exordium Wildlife","floor":8,"turns":4},{"damage":48,"enemies":"Gremlin Gang","floor":10,"turns":3}],"seed_played":"-5487037213270451087","potions_obtained":[{"floor":3.0,"key":"EssenceOfSteel"},{"floor":6.0,"key":"GamblersBrew"}],"is_trial":false,"path_per_floor":["M","?","M","?","M","E","R","M","T"],"character_chosen":"DEFECT","items_purchased":[],"campfire_rested":1,"item_purchase_floors":[],"current_hp_per_floor":[62,67,65,54,53,9,31,23,23,0],"gold":335,"neow_bonus":"RANDOM_COMMON_RELIC","is_prod":false,"is_daily":false,"chose_seed":false,"campfire_upgraded":0,"win_rate":0,"timestamp":1537643303,"path_taken":["M","?","M","?","M","E","R","M","T","M"],"build_version":"2018-09-20","purchased_purges":0,"victory":false,"max_hp_per_floor":[71,76,76,76,76,76,76,76,76,76],"card_choices":[{"not_picked":["Steam","Cold Snap"],"picked":"Sweeping Beam","floor":1.0},{"not_picked":["Barrage","Leap"],"picked":"Compile Driver","floor":3.0},{"not_picked":["Reinforced Body","Storm"],"picked":"Self Repair","floor":5.0},{"not_picked":["Streamline","Sweeping Beam"],"picked":"FTL","floor":6.0},{"not_picked":["Sweeping Beam","Steam Power","Recycle"],"picked":"SKIP","floor":8}],"player_experience":754815,"relics_obtained":[{"floor":6.0,"key":"MawBank"},{"floor":9,"key":"Potion Belt"}],"event_choices":[{"event_name":"Big Fish","player_choice":"Donut","floor":2.0,"damage_taken":0.0},{"event_name":"World of Goop","player_choice":"Gather Gold","floor":4.0,"damage_taken":0.0}],"is_beta":false,"boss_relics":[],"items_purged_floors":[],"is_endless":false,"potions_floor_spawned":[3,6],"killed_by":"Gremlin Gang","ascension_level":17}