{"gold_per_floor":[117,44,44,61,74,106,106,106,106,134,149,169,169,187,187,291,291,311,236,236,254,273,273],"floor_reached":23,"playtime":1701,"items_purged":["Strike_B"],"score":342,"play_id":"5308ded7-c4b2-4b45-866b-536dc2d89790","local_time":"20190305172616","is_ascension_mode":true,"campfire_choices":[{"data":"Zap","floor":7,"key":"SMITH"},{"data":"Doom and Gloom","floor":13,"key":"SMITH"},{"floor":15,"key":"REST"}],"neow_cost":"NONE","seed_source_timestamp":1627306754856002,"circlet_count":0,"master_deck":["AscendersBane","Strike_B","Strike_B+1","Defend_B","Defend_B","Defend_B","Defend_B","Zap+1","Dualcast","Conserve Battery","Rip and Tear+1","Compile Driver","Doom and Gloom+1","FTL","Rebound","Sweeping Beam","Thunder Strike","Steam","Chaos","Go for the Eyes","Redo","Compile Driver","Zap","Tempest+1"],"relics":["Cracked Core","NeowsBlessing","Gremlin Horn","Whetstone","Bronze Scales","Orrery"],"potions_floor_usage":[6,10,16],"damage_taken":[{"damage":0,"enemies":"Small Slimes","floor":1,"turns":1},{"damage":0,"enemies":"Jaw Worm","floor":4,"turns":1},{"damage":0,"enemies":"Cultist","floor":5,"turns":1},{"damage":24,"enemies":"Gremlin Nob","floor":6,"turns":4},{"damage":0,"enemies":"3 Sentries","floor":10,"turns":4},{"damage":0,"enemies":"Gremlin Gang","floor":11,"turns":2},{"damage":1,"enemies":"3 Louse","floor":12,"turns":2},{"damage":1,"enemies":"Lots of Slimes","floor":14,"turns":3},{"damage":29,"enemies":"Slime Boss","floor":16,"turns":6},{"damage":19,"enemies":"2 Thieves","floor":18,"turns":4},{"damage":16,"enemies":"Chosen","floor":21,"turns":4},{"damage":29,"enemies":"Centurion and Healer","floor":22,"turns":6},{"damage":13,"enemies":"Slavers","floor":23,"turns":1}],"seed_played":"7776606536733435921","potions_obtained":[{"floor":5,"key":"SpeedPotion"},{"floor":6,"key":"Explosive Potion"},{"floor":11,"key":"Ancient Potion"},{"floor":21,"key":"Dexterity Potion"}],"is_trial":false,"path_per_floor":["M","$","?","M","M","E","R","?","T","E","M","M","R","M","R","B",null,"M","$","?","M","M","E"],"character_chosen":"DEFECT","items_purchased":["Rip and Tear"],"campfire_rested":1,"item_purchase_floors":[2],"current_hp_per_floor":[68,68,68,68,68,44,44,44,44,44,44,43,43,42,64,35,65,46,46,46,30,1,0],"gold":273,"neow_bonus":"THREE_ENEMY_KILL","is_prod":false,"is_daily":false,"chose_seed":false,"campfire_upgraded":2,"win_rate":0,"timestamp":1551824776,"path_taken":["M","$","?","M","M","E","R","?","T","E","M","M","R","M","R","BOSS","M","$","?","M","?","E"],"build_version":"2019-01-23","purchased_purges":1,"victory":false,"max_hp_per_floor":[75,75,75,75,75,75,75,75,75,75,75,75,75,75,75,75,75,75,75,75,75,75,75],"card_choices":[{"not_picked":["Fusion","Rebound"],"picked":"Conserve Battery","floor":1},{"not_picked":["Turbo","Barrage","Static Discharge"],"picked":"SKIP","floor":4},{"not_picked":["Sweeping Beam","Hologram"],"picked":"Compile Driver","floor":5},{"not_picked":["Lockon","Consume"],"picked":"Doom and Gloom","floor":6},{"not_picked":["Cold Snap","BootSequence"],"picked":"FTL","floor":10},{"not_picked":["Capacitor","Compile Driver"],"picked":"Rebound","floor":11},{"not_picked":["Sweeping Beam","Conserve Battery","Barrage"],"picked":"SKIP","floor":12},{"not_picked":["Sweeping Beam","Conserve Battery","Barrage"],"picked":"SKIP","floor":12},{"not_picked":["Conserve Battery","Barrage"],"picked":"Sweeping Beam","floor":12},{"not_picked":["Rebound","Turbo","Redo"],"picked":"SKIP","floor":14},{"not_picked":["Creative AI","Reboot"],"picked":"Thunder Strike","floor":16},{"not_picked":["Turbo","Loop"],"picked":"Steam","floor":17},{"not_picked":["Cold Snap","Stack"],"picked":"Chaos","floor":17},{"not_picked":["Stack","Darkness"],"picked":"Go for the Eyes","floor":17},{"not_picked":["Streamline","Stack"],"picked":"Redo","floor":17},{"not_picked":["Rip and Tear","Cold Snap"],"picked":"Compile Driver","floor":17},{"not_picked":["Sweeping Beam","Turbo","Streamline"],"picked":"SKIP","floor":18},{"not_picked":["Blizzard","Doom and Gloom","Buffer"],"picked":"SKIP","floor":21},{"not_picked":["Darkness+1","Streamline"],"picked":"Tempest+1","floor":22}],"player_experience":609030,"relics_obtained":[{"floor":6,"key":"Gremlin Horn"},{"floor":9,"key":"Whetstone"},{"floor":10,"key":"Bronze Scales"}],"event_choices":[{"damage_healed":0,"gold_gain":0,"player_choice":"Leave","damage_taken":0,"max_hp_gain":0,"max_hp_loss":0,"event_name":"The Cleric","floor":3,"gold_loss":0},{"cards_removed":["Strike_B"],"damage_healed":0,"gold_gain":0,"player_choice":"Offered Basic","damage_taken":0,"max_hp_gain":0,"max_hp_loss":0,"event_name":"Bonfire Elementals","floor":8,"gold_loss":0},{"damage_healed":0,"gold_gain":0,"player_choice":"1 cards matched","damage_taken":0,"max_hp_gain":0,"max_hp_loss":0,"event_name":"Match and Keep!","floor":20,"gold_loss":0,"cards_obtained":["Zap"]}],"is_beta":false,"boss_relics":[{"not_picked":["Black Star","Runic Dome"],"picked":"Orrery"}],"items_purged_floors":[19],"is_endless":false,"potions_floor_spawned":[5,6,11,21],"killed_by":"Slavers","ascension_level":10}