{"gold_per_floor":[115,115,115,136,49,49,90,90,90,129,20,39,52,67,67,67],"floor_reached":16,"playtime":508,"items_purged":[],"score":204,"play_id":"3f399e91-9ed7-4417-95f1-2617ae82fd73","local_time":"20180921182157","is_ascension_mode":true,"campfire_choices":[{"data":"Zap","floor":6,"key":"SMITH"},{"floor":8,"key":"REST"},{"data":"Sunder","floor":15,"key":"SMITH"}],"neow_cost":"NONE","seed_source_timestamp":340545944711361,"circlet_count":0,"master_deck":["Strike_B","Strike_B","Strike_B","Strike_B+1","Defend_B","Defend_B","Defend_B+1","Defend_B","Zap+1","Dualcast","AscendersBane","Fusion","Hologram","BootSequence","Glacier","Sunder+1","Conserve Battery+1","Panacea+1","Stack+1"],"relics":["Cracked Core","Golden Idol","Toxic Egg 2","Bird Faced Urn","Centennial Puzzle"],"potions_floor_usage":[7,10,16],"damage_taken":[{"damage":3,"enemies":"2 Louse","floor":1,"turns":3},{"damage":12,"enemies":"Small Slimes","floor":4,"turns":3},{"damage":14,"enemies":"Lagavulin","floor":7,"turns":7},{"damage":23,"enemies":"Gremlin Nob","floor":10,"turns":4},{"damage":1,"enemies":"Jaw Worm","floor":12,"turns":4},{"damage":4,"enemies":"Exordium Thugs","floor":13,"turns":4},{"damage":4,"enemies":"Gremlin Gang","floor":14,"turns":5},{"damage":34,"enemies":"Slime Boss","floor":16,"turns":3}],"seed_played":"-8361281667403008085","potions_obtained":[{"floor":4,"key":"Poison Potion"},{"floor":7,"key":"Weak Potion"},{"floor":14,"key":"AttackPotion"}],"is_trial":false,"path_per_floor":["M","?","?","M","$","R","E","R","T","E","$","M","M","M","R"],"character_chosen":"DEFECT","items_purchased":["Glacier","Panacea+1"],"campfire_rested":1,"item_purchase_floors":[5,11],"current_hp_per_floor":[61,40,40,28,28,28,14,33,33,10,10,9,5,1,1,0],"gold":67,"neow_bonus":"THREE_CARDS","is_prod":false,"is_daily":false,"chose_seed":false,"campfire_upgraded":2,"win_rate":0,"timestamp":1537546917,"path_taken":["M","?","?","M","?","R","E","R","T","E","$","M","M","M","R","BOSS"],"build_version":"2018-09-20","purchased_purges":0,"victory":false,"max_hp_per_floor":[71,71,64,64,64,64,64,64,64,64,64,64,64,64,64,64],"card_choices":[{"not_picked":["Conserve Battery","Rebound"],"picked":"Fusion","floor":0},{"not_picked":["Darkness","Beam Cell"],"picked":"Hologram","floor":1},{"not_picked":["Reinforced Body","Heatsinks"],"picked":"BootSequence","floor":4},{"not_picked":["Hologram","Double Energy"],"picked":"Sunder","floor":7},{"not_picked":["Hologram+1","Doom and Gloom"],"picked":"Conserve Battery+1","floor":10},{"not_picked":["Go for the Eyes","Reprogram+1"],"picked":"Stack+1","floor":12},{"not_picked":["Stack+1","Steam+1","Self Repair"],"picked":"SKIP","floor":13},{"not_picked":["Skim+1","Turbo+1","Hologram+1"],"picked":"SKIP","floor":14}],"player_experience":751171,"relics_obtained":[{"floor":7,"key":"Toxic Egg 2"},{"floor":9,"key":"Bird Faced Urn"},{"floor":10,"key":"Centennial Puzzle"}],"event_choices":[{"event_name":"Shining Light","player_choice":"Entered Light","floor":2,"damage_taken":0},{"event_name":"Golden Idol","player_choice":"Lose Max HP","floor":3,"damage_taken":0}],"is_beta":false,"boss_relics":[],"items_purged_floors":[],"is_endless":false,"potions_floor_spawned":[4,7,14],"killed_by":"Slime Boss","ascension_level":17}