{"gold_per_floor":[117,117,128,53,67,67,102,112,136,155,155,155,184,199,199,199],"floor_reached":16,"playtime":675,"items_purged":["Strike_R"],"score":112,"play_id":"5914017b-3f43-4642-a5e0-76613095388c","local_time":"20190108091351","is_ascension_mode":false,"campfire_choices":[{"data":"Whirlwind","floor":6,"key":"SMITH"},{"floor":12,"key":"REST"},{"data":"Pommel Strike","floor":15,"key":"SMITH"}],"neow_cost":"PERCENT_DAMAGE","seed_source_timestamp":105999009516616,"circlet_count":0,"master_deck":["Strike_R","Strike_R","Strike_R","Defend_R","Defend_R","Defend_R","Defend_R","Bash+1","Pommel Strike+1","Whirlwind+1","Sentinel"],"relics":["Burning Blood","Gambling Chip","Centennial Puzzle","Bag of Preparation","Omamori"],"potions_floor_usage":[8,16,16],"damage_taken":[{"damage":5,"enemies":"Small Slimes","floor":1,"turns":3},{"damage":1,"enemies":"Cultist","floor":3,"turns":4},{"damage":4,"enemies":"Jaw Worm","floor":5,"turns":4},{"damage":18,"enemies":"3 Sentries","floor":7,"turns":4},{"damage":20,"enemies":"Exordium Thugs","floor":8,"turns":4},{"damage":6,"enemies":"Exordium Wildlife","floor":10,"turns":2},{"damage":14,"enemies":"Gremlin Nob","floor":13,"turns":3},{"damage":0,"enemies":"2 Fungi Beasts","floor":14,"turns":2},{"damage":60,"enemies":"Slime Boss","floor":16,"turns":11}],"seed_played":"4059264767734227775","potions_obtained":[{"floor":3,"key":"SneckoOil"},{"floor":5,"key":"SkillPotion"},{"floor":7,"key":"Dexterity Potion"}],"is_trial":false,"path_per_floor":["M","?","M","$","M","R","E","M","T","M","?","R","E","M","R","B"],"character_chosen":"IRONCLAD","items_purchased":[],"campfire_rested":1,"item_purchase_floors":[],"current_hp_per_floor":[57,57,62,62,64,64,52,38,38,38,38,62,54,60,60,0],"gold":199,"neow_bonus":"ONE_RARE_RELIC","is_prod":false,"is_daily":false,"chose_seed":false,"campfire_upgraded":2,"win_rate":0,"timestamp":1546967631,"path_taken":["M","?","M","$","M","R","E","?","T","M","?","R","E","M","R","BOSS"],"build_version":"2019-01-03v4","purchased_purges":1,"victory":false,"max_hp_per_floor":[80,80,80,80,80,80,80,80,80,80,80,80,80,80,80,80],"card_choices":[{"not_picked":["Flex","Clothesline","Warcry"],"picked":"SKIP","floor":1},{"not_picked":["Clash","Sword Boomerang"],"picked":"Pommel Strike","floor":3},{"not_picked":["Iron Wave","Havoc"],"picked":"Whirlwind","floor":5},{"not_picked":["Warcry","Power Through","Reckless Charge"],"picked":"SKIP","floor":7},{"not_picked":["Havoc","Second Wind","Warcry"],"picked":"SKIP","floor":8},{"not_picked":["Infernal Blade","Intimidate","Corruption"],"picked":"SKIP","floor":10},{"not_picked":["Demon Form","Power Through","Sentinel"],"picked":"SKIP","floor":13},{"not_picked":["Headbutt","Carnage","Pummel"],"picked":"SKIP","floor":14}],"player_experience":317241,"relics_obtained":[{"floor":7,"key":"Centennial Puzzle"},{"floor":9,"key":"Bag of Preparation"},{"floor":13,"key":"Omamori"}],"event_choices":[{"damage_healed":0,"gold_gain":0,"player_choice":"Upgraded","damage_taken":0,"max_hp_gain":0,"max_hp_loss":0,"event_name":"Upgrade Shrine","floor":2,"gold_loss":0,"cards_upgraded":["Bash"]},{"damage_healed":0,"gold_gain":0,"cards_transformed":["Strike_R"],"player_choice":"Transformed","damage_taken":0,"max_hp_gain":0,"max_hp_loss":0,"event_name":"Transmorgrifier","floor":11,"gold_loss":0,"cards_obtained":["Sentinel"]}],"is_beta":false,"boss_relics":[],"items_purged_floors":[4],"is_endless":false,"potions_floor_spawned":[3,5,7],"killed_by":"Slime Boss","ascension_level":0}