{"gold_per_floor":[112,112,112,132,132,166,182,212,239,239,256,273,301,312,312,407,407,419,334,188,188,188,221,221,254,309,309,337,337,337,348,348,446,496,509,179,231,331,30,30,48,48,73,89,89,89,118,118,118,118],"floor_reached":51,"playtime":2786,"items_purged":[],"score":873,"play_id":"4221ba2c-0695-4ecb-925b-a88216c6cd97","local_time":"20190122231621","is_ascension_mode":true,"campfire_choices":[{"data":"Sunder","floor":10,"key":"SMITH"},{"floor":15,"key":"REST"},{"floor":24,"key":"REST"},{"data":"Static Discharge","floor":27,"key":"SMITH"},{"floor":30,"key":"REST"},{"floor":32,"key":"DIG"},{"floor":40,"key":"REST"},{"floor":42,"key":"REST"},{"floor":45,"key":"REST"},{"floor":49,"key":"REST"}],"neow_cost":"NONE","seed_source_timestamp":1048882278024317,"circlet_count":0,"master_deck":["Strike_B+1","Strike_B+1","Strike_B","Defend_B+1","Defend_B","Defend_B","Defend_B","Zap","Dualcast+1","Defragment+1","Gash","Conserve Battery+1","Sunder+1","Static Discharge+1","Beam Cell","Doom and Gloom","Stack","Echo Form","Undo+1","Ball Lightning+1","All For One","Go for the Eyes","Conserve Battery","Auto Shields","Gash","Chaos+1","Gash","Parasite","Sweeping Beam+1","Gash+1","Melter"],"relics":["Cracked Core","NeowsBlessing","Oddly Smooth Stone","Juzu Bracelet","Bag of Preparation","Pear","Black Star","Pocketwatch","Anchor","Mango","Whetstone","Shovel","Dream Catcher","Lantern","Ancient Tea Set","Symbiotic Virus","Nilry\u0027s Codex","Vajra","Tiny House","Prayer Wheel","Du-Vu Doll","Torii","Incense Burner","Centennial Puzzle","Dodecahedron","Frozen Egg 2"],"potions_floor_usage":[8,16,33,33,38,38],"damage_taken":[{"damage":0,"enemies":"Jaw Worm","floor":1,"turns":1},{"damage":0,"enemies":"Small Slimes","floor":4,"turns":1},{"damage":0,"enemies":"Gremlin Nob","floor":6,"turns":1},{"damage":5,"enemies":"2 Louse","floor":7,"turns":3},{"damage":1,"enemies":"3 Sentries","floor":8,"turns":2},{"damage":7,"enemies":"Large Slime","floor":11,"turns":4},{"damage":21,"enemies":"3 Louse","floor":12,"turns":2},{"damage":3,"enemies":"3 Sentries","floor":13,"turns":4},{"damage":4,"enemies":"Blue Slaver","floor":14,"turns":3},{"damage":19,"enemies":"Hexaghost","floor":16,"turns":7},{"damage":31,"enemies":"3 Byrds","floor":18,"turns":4},{"damage":13,"enemies":"Slavers","floor":23,"turns":4},{"damage":13,"enemies":"Gremlin Leader","floor":25,"turns":7},{"damage":14,"enemies":"Slavers","floor":28,"turns":5},{"damage":14,"enemies":"2 Thieves","floor":31,"turns":4},{"damage":17,"enemies":"Champ","floor":33,"turns":11},{"damage":8,"enemies":"3 Shapes","floor":35,"turns":2},{"damage":93,"enemies":"2 Orb Walkers","floor":37,"turns":6},{"damage":0,"enemies":"Mind Bloom Boss Battle","floor":38,"turns":4},{"damage":0,"enemies":"Orb Walker","floor":41,"turns":2},{"damage":1,"enemies":"Writhing Mass","floor":44,"turns":6},{"damage":33,"enemies":"Reptomancer","floor":47,"turns":5},{"damage":95,"enemies":"Donu and Deca","floor":50,"turns":9}],"seed_played":"4126355287122115997","potions_obtained":[{"floor":1,"key":"SmokeBomb"},{"floor":4,"key":"Weak Potion"},{"floor":7,"key":"FairyPotion"},{"floor":14,"key":"SpeedPotion"},{"floor":16,"key":"Dexterity Potion"},{"floor":25,"key":"LiquidBronze"},{"floor":34,"key":"EssenceOfSteel"},{"floor":37,"key":"FocusPotion"}],"is_trial":false,"path_per_floor":["M","?","?","M","?","E","M","?","T","R","M","M","E","M","R","B",null,"M","?","$","?","?","E","R","E","T","R","E","?","R","M","R","B",null,"M","$","?","?","$","R","M","R","T","M","R","?","E","?","R","B",null],"character_chosen":"DEFECT","items_purchased":["Anchor","Prayer Wheel","Auto Shields","Incense Burner"],"campfire_rested":7,"item_purchase_floors":[20,36,36,39],"current_hp_per_floor":[75,75,60,60,60,60,55,54,54,54,47,26,33,29,54,35,85,54,54,54,54,54,55,84,71,71,71,57,41,70,56,56,39,104,96,96,3,3,3,34,34,65,65,64,95,95,62,62,91,9],"gold":118,"neow_bonus":"THREE_ENEMY_KILL","is_prod":false,"is_daily":false,"chose_seed":false,"campfire_upgraded":2,"win_rate":0,"timestamp":1548159381,"path_taken":["M","?","?","M","?","E","M","?","T","R","M","M","E","M","R","BOSS","M","?","$","?","?","E","R","E","T","R","E","?","R","M","R","BOSS","M","$","?","?","$","R","M","R","T","M","R","?","E","?","R","BOSS"],"build_version":"2019-01-17v2","purchased_purges":0,"victory":true,"max_hp_per_floor":[75,75,75,75,75,75,75,75,75,75,75,75,85,85,85,85,85,85,85,85,85,85,99,99,99,99,99,99,99,99,99,99,99,104,104,104,104,104,104,104,104,104,104,104,104,104,104,99,99,99],"card_choices":[{"not_picked":["Steam Power","Leap"],"picked":"Defragment","floor":1},{"not_picked":["Stack","Heatsinks"],"picked":"Gash","floor":4},{"not_picked":["Darkness","Reinforced Body"],"picked":"Conserve Battery","floor":6},{"not_picked":["Rebound","Tempest"],"picked":"Sunder","floor":7},{"not_picked":["Cold Snap","Coolheaded"],"picked":"Static Discharge","floor":11},{"not_picked":["Reprogram","Scrape"],"picked":"Beam Cell","floor":12},{"not_picked":["Hyperbeam","Coolheaded"],"picked":"Doom and Gloom","floor":13},{"not_picked":["Barrage","Turbo"],"picked":"Stack","floor":14},{"not_picked":["Amplify","Creative AI"],"picked":"Echo Form","floor":16},{"not_picked":["Leap","Storm","Static Discharge"],"picked":"SKIP","floor":18},{"not_picked":["Aggregate","Blizzard","Redo"],"picked":"SKIP","floor":23},{"not_picked":["Steam","Leap"],"picked":"Undo+1","floor":25},{"not_picked":["Scrape","Blizzard","Capacitor"],"picked":"SKIP","floor":28},{"not_picked":["Lockon","Turbo"],"picked":"Ball Lightning+1","floor":30},{"not_picked":["Echo Form","Chill","Skim"],"picked":"SKIP","floor":31},{"not_picked":["Biased Cognition","Amplify"],"picked":"All For One","floor":33},{"not_picked":["Capacitor","Chill"],"picked":"Go for the Eyes","floor":34},{"not_picked":["Streamline+1","Barrage"],"picked":"Conserve Battery","floor":35},{"not_picked":["Beam Cell+1","Fission"],"picked":"Gash","floor":37},{"not_picked":["Blizzard","Barrage+1"],"picked":"Chaos+1","floor":38},{"not_picked":["Force Field","Streamline"],"picked":"Gash","floor":41},{"not_picked":["Hologram","Coolheaded+1","Barrage"],"picked":"SKIP","floor":41},{"not_picked":["Streamline","Leap+1"],"picked":"Sweeping Beam+1","floor":44},{"not_picked":["Sweeping Beam+1","Compile Driver+1","Go for the Eyes+1"],"picked":"SKIP","floor":44},{"not_picked":["Beam Cell","Hologram+1"],"picked":"Gash+1","floor":45},{"not_picked":["Chaos+1","Consume+1"],"picked":"Melter","floor":47}],"player_experience":88394,"relics_obtained":[{"floor":6,"key":"Oddly Smooth Stone"},{"floor":9,"key":"Bag of Preparation"},{"floor":13,"key":"Pear"},{"floor":23,"key":"Mango"},{"floor":23,"key":"Whetstone"},{"floor":25,"key":"Shovel"},{"floor":25,"key":"Dream Catcher"},{"floor":26,"key":"Lantern"},{"floor":28,"key":"Ancient Tea Set"},{"floor":28,"key":"Symbiotic Virus"},{"floor":29,"key":"Nilry\u0027s Codex"},{"floor":32,"key":"Vajra"},{"floor":37,"key":"Du-Vu Doll"},{"floor":38,"key":"Torii"},{"floor":43,"key":"Centennial Puzzle"},{"floor":47,"key":"Dodecahedron"},{"floor":47,"key":"Frozen Egg 2"}],"event_choices":[{"damage_healed":0,"gold_gain":0,"player_choice":"Ignored","damage_taken":0,"max_hp_gain":0,"max_hp_loss":0,"event_name":"Golden Wing","floor":2,"gold_loss":0},{"damage_healed":0,"gold_gain":0,"player_choice":"Entered Light","damage_taken":15,"max_hp_gain":0,"max_hp_loss":0,"event_name":"Shining Light","floor":3,"gold_loss":0,"cards_upgraded":["Dualcast","Defragment"]},{"damage_healed":0,"gold_gain":0,"player_choice":"Ignored","damage_taken":0,"max_hp_gain":0,"max_hp_loss":0,"event_name":"Liars Game","floor":5,"gold_loss":0},{"damage_healed":0,"gold_gain":30,"player_choice":"Searched \u00273\u0027 times","damage_taken":0,"relics_obtained":["Juzu Bracelet"],"max_hp_gain":0,"max_hp_loss":0,"event_name":"Dead Adventurer","floor":8,"gold_loss":0},{"damage_healed":0,"gold_gain":0,"player_choice":"Obtained Relic","damage_taken":0,"relics_obtained":["Pocketwatch"],"max_hp_gain":0,"max_hp_loss":0,"event_name":"Addict","floor":19,"gold_loss":85},{"damage_healed":0,"gold_gain":0,"player_choice":"Ignored","damage_taken":0,"max_hp_gain":0,"max_hp_loss":0,"event_name":"Ghosts","floor":21,"gold_loss":0},{"damage_healed":0,"gold_gain":0,"player_choice":"Upgraded","damage_taken":0,"max_hp_gain":0,"max_hp_loss":0,"event_name":"Upgrade Shrine","floor":22,"gold_loss":0,"cards_upgraded":["Conserve Battery"]},{"damage_healed":0,"gold_gain":0,"player_choice":"Obtained Book","damage_taken":16,"max_hp_gain":0,"max_hp_loss":0,"event_name":"Cursed Tome","floor":29,"gold_loss":0},{"damage_healed":0,"gold_gain":0,"player_choice":"Fight","damage_taken":0,"max_hp_gain":0,"max_hp_loss":0,"event_name":"Mysterious Sphere","floor":37,"gold_loss":0},{"damage_healed":0,"gold_gain":0,"player_choice":"Fight","damage_taken":0,"max_hp_gain":0,"max_hp_loss":0,"event_name":"MindBloom","floor":38,"gold_loss":0},{"cards_removed":["Strike_B"],"damage_healed":0,"gold_gain":0,"player_choice":"Removed Attack","damage_taken":0,"max_hp_gain":0,"max_hp_loss":0,"event_name":"Falling","floor":46,"gold_loss":0},{"damage_healed":0,"gold_gain":0,"player_choice":"Max HP","damage_taken":0,"max_hp_gain":0,"max_hp_loss":5,"event_name":"Winding Halls","floor":48,"gold_loss":0}],"is_beta":false,"boss_relics":[{"not_picked":["Snecko Eye","Astrolabe"],"picked":"Black Star"},{"not_picked":["Eternal Feather","Empty Cage"],"picked":"Tiny House"}],"items_purged_floors":[],"is_endless":false,"potions_floor_spawned":[1,4,7,14,16,25,33,37,41],"ascension_level":1}