{"gold_per_floor":[119,119,119,129,129,129,163,163,163,70,105,105,105,140,140,213,213,229,243,48,59,59,90,90,170,170,170,170,170,202,218,218,296,296,313,329,342,342,358,385,385,116,139,139,173,23,38,52,52,52],"floor_reached":51,"playtime":5279,"items_purged":["Strike_G","Strike_G"],"score":1248,"play_id":"a1a8777f-5c43-46b2-a7f8-ee3db247eea7","local_time":"20190306010704","is_ascension_mode":true,"campfire_choices":[{"data":"Neutralize","floor":6.0,"key":"SMITH"},{"data":"Dagger Spray","floor":8.0,"key":"SMITH"},{"floor":12.0,"key":"REST"},{"data":"Dagger Spray","floor":15.0,"key":"SMITH"},{"floor":27.0,"key":"REST"},{"floor":32.0,"key":"REST"},{"floor":41,"key":"REST"},{"floor":44,"key":"REST"},{"floor":49,"key":"REST"}],"neow_cost":"NONE","seed_source_timestamp":1650736761151190,"circlet_count":0,"master_deck":["AscendersBane","Defend_G","Defend_G","Defend_G","Defend_G","Defend_G","Strike_G","Strike_G","Strike_G","Survivor","Neutralize+1","Dagger Spray+1","Dagger Spray+1","Acrobatics","Trip","Tools of the Trade","Backflip","Die Die Die","Blade Dance","Slice","Underhanded Strike","Riddle With Holes","Endless Agony+1","Footwork","RitualDagger","Backflip","Crippling Poison","Glass Knife","Acrobatics","Underhanded Strike+1","PiercingWail+1","Cloak And Dagger","Backflip+1"],"special_seed":0,"relics":["Ring of the Serpent","NeowsBlessing","Dream Catcher","Shuriken","Tough Bandages","Sundial","Happy Flower","Bottled Lightning","Busted Crown","Bronze Scales","Art of War","Bottled Tornado","Matryoshka","Bag of Marbles","Blue Candle","Lantern","WingedGreaves","Frozen Eye","Blood Vial","Omamori","Ancient Tea Set"],"potions_floor_usage":[45,50],"damage_taken":[{"damage":0.0,"enemies":"2 Louse","floor":1.0,"turns":1.0},{"damage":0.0,"enemies":"Small Slimes","floor":4.0,"turns":1.0},{"damage":0.0,"enemies":"Gremlin Nob","floor":7.0,"turns":1.0},{"damage":16.0,"enemies":"Lagavulin","floor":11.0,"turns":6.0},{"damage":17.0,"enemies":"3 Sentries","floor":14.0,"turns":5.0},{"damage":12.0,"enemies":"Slime Boss","floor":16.0,"turns":8.0},{"damage":0.0,"enemies":"3 Byrds","floor":18.0,"turns":2.0},{"damage":5.0,"enemies":"2 Thieves","floor":19.0,"turns":2.0},{"damage":15.0,"enemies":"Snake Plant","floor":21.0,"turns":3.0},{"damage":24.0,"enemies":"Book of Stabbing","floor":23.0,"turns":4.0},{"damage":7.0,"enemies":"Gremlin Leader","floor":30.0,"turns":4.0},{"damage":6.0,"enemies":"Shelled Parasite and Fungi","floor":31.0,"turns":2.0},{"damage":15.0,"enemies":"Collector","floor":33.0,"turns":5.0},{"damage":16.0,"enemies":"Orb Walker","floor":35.0,"turns":2.0},{"damage":3.0,"enemies":"3 Shapes","floor":36.0,"turns":4.0},{"damage":0.0,"enemies":"Jaw Worm Horde","floor":37.0,"turns":3.0},{"damage":3.0,"enemies":"Transient","floor":39.0,"turns":5.0},{"damage":17,"enemies":"Reptomancer","floor":40,"turns":4},{"damage":7,"enemies":"Nemesis","floor":45,"turns":5},{"damage":12,"enemies":"Sphere and 2 Shapes","floor":47,"turns":5},{"damage":0,"enemies":"Jaw Worm Horde","floor":48,"turns":2},{"damage":54,"enemies":"Awakened One","floor":50,"turns":11}],"seed_played":"-4574421929895668247","potions_obtained":[{"floor":7.0,"key":"SneckoOil"},{"floor":11.0,"key":"Block Potion"},{"floor":14.0,"key":"Strength Potion"},{"floor":18.0,"key":"SmokeBomb"},{"floor":33.0,"key":"Dexterity Potion"},{"floor":35.0,"key":"GhostInAJar"},{"floor":37.0,"key":"GhostInAJar"},{"floor":40,"key":"Block Potion"}],"is_trial":false,"path_per_floor":["M","?","?","M","T","R","E","R","T","$","E","R","?","E","R","B",null,"M","M","$","M","?","E","?","T","T","R","?","?","E","M","R","B",null,"M","M","M","?","M","E","R","$","T","R","E","$","M","M","R","B",null],"character_chosen":"THE_SILENT","items_purchased":["Trip","Bronze Scales","Underhanded Strike","Frozen Eye","Block Potion"],"campfire_rested":6,"item_purchase_floors":[10,20,20,42,46],"current_hp_per_floor":[59,64,52,52,52,52,52,52,52,52,36,57,57,40,40,28,60,60,55,55,40,40,16,16,16,16,37,37,31,24,18,39,24,59,43,40,40,40,37,20,41,41,41,62,57,57,47,49,70,17],"gold":52,"neow_bonus":"THREE_ENEMY_KILL","is_prod":false,"is_daily":false,"chose_seed":false,"campfire_upgraded":3,"win_rate":0,"timestamp":1551852424,"path_taken":["M","?","?","M","?","R","E","R","T","$","E","R","?","E","R","BOSS","M","M","$","M","?","E","?","?","T","R","?","?","E","?","R","BOSS","M","M","?","?","?","E","R","$","T","R","E","$","?","M","R","BOSS"],"build_version":"2019-01-23","purchased_purges":2,"victory":true,"max_hp_per_floor":[66,71,71,71,71,71,71,71,71,71,71,71,71,71,71,71,71,71,71,71,71,71,71,71,71,71,71,71,71,71,71,71,71,71,71,71,71,71,71,71,71,71,71,71,71,71,71,71,71,71],"card_choices":[{"not_picked":["Distraction","Endless Agony"],"picked":"Dagger Spray","floor":1.0},{"not_picked":["Well Laid Plans","Quick Slash"],"picked":"Dagger Spray","floor":4.0},{"not_picked":["Flying Knee","Bullet Time"],"picked":"Acrobatics","floor":7.0},{"not_picked":["Bane","Bouncing Flask"],"picked":"Tools of the Trade","floor":11.0},{"not_picked":["Deflect","Terror"],"picked":"Backflip","floor":12.0},{"not_picked":["Slice","Escape Plan","Expertise"],"picked":"SKIP","floor":14.0},{"not_picked":["Wraith Form v2","Unload"],"picked":"Die Die Die","floor":16.0},{"not_picked":[],"picked":"Blade Dance","floor":18.0},{"not_picked":[],"picked":"Slice","floor":19.0},{"not_picked":[],"picked":"Riddle With Holes","floor":21.0},{"not_picked":[],"picked":"Endless Agony+1","floor":23.0},{"not_picked":[],"picked":"Footwork","floor":27.0},{"not_picked":[],"picked":"Backflip","floor":30.0},{"not_picked":["Dodge and Roll"],"picked":"SKIP","floor":31.0},{"not_picked":[],"picked":"Crippling Poison","floor":32.0},{"not_picked":[],"picked":"Glass Knife","floor":33.0},{"not_picked":[],"picked":"Acrobatics","floor":35.0},{"not_picked":[],"picked":"Underhanded Strike+1","floor":36.0},{"not_picked":["Crippling Poison"],"picked":"SKIP","floor":37.0},{"not_picked":["All Out Attack"],"picked":"SKIP","floor":39.0},{"not_picked":[],"picked":"PiercingWail+1","floor":40},{"not_picked":[],"picked":"Cloak And Dagger","floor":41},{"not_picked":[],"picked":"Backflip+1","floor":45},{"not_picked":["Sucker Punch"],"picked":"SKIP","floor":47},{"not_picked":["Bane"],"picked":"SKIP","floor":48}],"player_experience":613357,"relics_obtained":[{"floor":5.0,"key":"Shuriken"},{"floor":7.0,"key":"Tough Bandages"},{"floor":9.0,"key":"Sundial"},{"floor":11.0,"key":"Happy Flower"},{"floor":14.0,"key":"Bottled Lightning"},{"floor":23.0,"key":"Bottled Tornado"},{"floor":25.0,"key":"Matryoshka"},{"floor":26.0,"key":"Bag of Marbles"},{"floor":26.0,"key":"Blue Candle"},{"floor":30.0,"key":"Lantern"},{"floor":40,"key":"WingedGreaves"},{"floor":43,"key":"Blood Vial"},{"floor":43,"key":"Omamori"},{"floor":45,"key":"Ancient Tea Set"}],"event_choices":[{"damage_healed":0.0,"max_hp_gain":5.0,"max_hp_loss":0.0,"gold_gain":0.0,"event_name":"Big Fish","player_choice":"Donut","floor":2.0,"gold_loss":0.0,"damage_taken":0.0},{"damage_healed":0.0,"max_hp_gain":0.0,"max_hp_loss":0.0,"gold_gain":0.0,"event_name":"Scrap Ooze","player_choice":"Success","floor":3.0,"gold_loss":0.0,"damage_taken":12.0,"relics_obtained":["Dream Catcher"]},{"damage_healed":0.0,"max_hp_gain":0.0,"max_hp_loss":0.0,"gold_gain":0.0,"event_name":"Golden Wing","player_choice":"Ignored","floor":13.0,"gold_loss":0.0,"damage_taken":0.0},{"damage_healed":0.0,"max_hp_gain":0.0,"max_hp_loss":0.0,"gold_gain":0.0,"event_name":"Addict","player_choice":"Stole Relic","floor":22.0,"gold_loss":0.0,"damage_taken":0.0,"relics_obtained":["Art of War"],"cards_obtained":["Shame"]},{"damage_healed":0.0,"max_hp_gain":0.0,"max_hp_loss":0.0,"gold_gain":0.0,"event_name":"Vampires","player_choice":"Ignored","floor":24.0,"gold_loss":0.0,"damage_taken":0.0},{"damage_healed":0.0,"max_hp_gain":0.0,"max_hp_loss":0.0,"gold_gain":0.0,"event_name":"Ghosts","player_choice":"Ignored","floor":28.0,"gold_loss":0.0,"damage_taken":0.0},{"damage_healed":0.0,"max_hp_gain":0.0,"max_hp_loss":0.0,"gold_gain":0.0,"event_name":"Nest","player_choice":"Joined the Cult","floor":29.0,"gold_loss":0.0,"damage_taken":6.0,"cards_obtained":["RitualDagger"]},{"cards_removed":["Shame"],"damage_healed":0.0,"max_hp_gain":0.0,"max_hp_loss":0.0,"gold_gain":0.0,"event_name":"Purifier","player_choice":"Purged","floor":38.0,"gold_loss":0.0,"damage_taken":0.0}],"is_beta":false,"boss_relics":[{"not_picked":["Fusion Hammer","Sozu"],"picked":"Busted Crown"},{"not_picked":["HoveringKite","Empty Cage"],"picked":"Ring of the Serpent"}],"items_purged_floors":[42,46],"is_endless":false,"potions_floor_spawned":[7,11,14,18,21,33,35,37,40],"ascension_level":14}