{"gold_per_floor":[113,113,113,127,127,127,142,142,166,180,192,209,209,229,229,229],"floor_reached":16,"playtime":721,"items_purged":[],"score":122,"play_id":"acf34082-9e14-4b48-bee1-73b717469a6f","local_time":"20190309124829","is_ascension_mode":true,"campfire_choices":[{"data":"Neutralize","floor":6,"key":"SMITH"},{"data":"Accuracy","floor":13,"key":"SMITH"},{"data":"Blur","floor":15,"key":"SMITH"}],"neow_cost":"NONE","seed_source_timestamp":249376431074781,"circlet_count":0,"master_deck":["Defend_G","Defend_G","Defend_G","Defend_G","Defend_G","Strike_G","Strike_G","Strike_G+1","Survivor+1","Neutralize+1","Accuracy+1","All Out Attack+1","Underhanded Strike","Dodge and Roll","Blade Dance","Backflip","Blur+1"],"relics":["Ring of the Snake","Potion Belt","Bronze Scales"],"potions_floor_usage":[11,14],"damage_taken":[{"damage":3,"enemies":"2 Louse","floor":1,"turns":6},{"damage":7,"enemies":"Small Slimes","floor":4,"turns":6},{"damage":0,"enemies":"Cultist","floor":7,"turns":4},{"damage":0,"enemies":"2 Fungi Beasts","floor":10,"turns":2},{"damage":0,"enemies":"Exordium Thugs","floor":11,"turns":3},{"damage":0,"enemies":"3 Louse","floor":12,"turns":1},{"damage":0,"enemies":"Lots of Slimes","floor":14,"turns":1},{"damage":35,"enemies":"Hexaghost","floor":16,"turns":14}],"seed_played":"3171246097716785039","potions_obtained":[{"floor":7,"key":"AttackPotion"},{"floor":11,"key":"Swift Potion"},{"floor":14,"key":"Energy Potion"}],"is_trial":false,"path_per_floor":["M","?","?","M","?","R","M","?","T","M","M","M","R","M","R","B"],"character_chosen":"THE_SILENT","items_purchased":[],"campfire_rested":0,"item_purchase_floors":[],"current_hp_per_floor":[60,53,39,32,32,32,32,32,32,32,32,32,32,32,32,0],"gold":229,"neow_bonus":"RANDOM_COMMON_RELIC","is_prod":false,"is_daily":false,"chose_seed":false,"campfire_upgraded":3,"win_rate":0,"timestamp":1552132109,"path_taken":["M","?","?","M","?","R","?","?","T","M","M","M","R","M","R","BOSS"],"build_version":"2019-01-23","purchased_purges":0,"victory":false,"max_hp_per_floor":[70,70,70,70,70,70,70,70,70,70,70,70,70,70,70,70],"card_choices":[{"not_picked":["Deflect","Flying Knee"],"picked":"Accuracy","floor":1},{"not_picked":["Bane","Dagger Spray"],"picked":"All Out Attack","floor":4},{"not_picked":["Dagger Spray","Eviscerate"],"picked":"Underhanded Strike","floor":7},{"not_picked":["Flying Knee","Deflect"],"picked":"Dodge and Roll","floor":10},{"not_picked":["Eviscerate","Backflip"],"picked":"Blade Dance","floor":11},{"not_picked":["Accuracy","Slice"],"picked":"Backflip","floor":12},{"not_picked":["Underhanded Strike","Backstab"],"picked":"Blur","floor":14}],"player_experience":465986,"relics_obtained":[{"floor":9,"key":"Bronze Scales"}],"event_choices":[{"cards_removed":["Strike_G"],"damage_healed":0,"gold_gain":0,"player_choice":"Card Removal","damage_taken":7,"max_hp_gain":0,"max_hp_loss":0,"event_name":"Golden Wing","floor":2,"gold_loss":0},{"damage_healed":0,"gold_gain":0,"player_choice":"Entered Light","damage_taken":14,"max_hp_gain":0,"max_hp_loss":0,"event_name":"Shining Light","floor":3,"gold_loss":0,"cards_upgraded":["Strike_G","Survivor"]},{"cards_removed":["Strike_G"],"damage_healed":0,"gold_gain":0,"player_choice":"Card Removal","damage_taken":0,"max_hp_gain":0,"max_hp_loss":0,"event_name":"Wheel of Change","floor":5,"gold_loss":0},{"damage_healed":0,"gold_gain":0,"player_choice":"Upgraded","damage_taken":0,"max_hp_gain":0,"max_hp_loss":0,"event_name":"Upgrade Shrine","floor":8,"gold_loss":0,"cards_upgraded":["All Out Attack"]}],"is_beta":false,"boss_relics":[],"items_purged_floors":[],"is_endless":false,"potions_floor_spawned":[7,11,14],"killed_by":"Hexaghost","ascension_level":6}