{"gold_per_floor":[113,113,129,140,140,140,140,140,140,171,1,1],"floor_reached":12,"playtime":358,"items_purged":[],"score":141,"play_id":"65ab19a0-c16c-428c-ab1d-2449f1bcfc59","local_time":"20180923224640","is_ascension_mode":true,"campfire_choices":[{"data":"Dagger Throw","floor":6,"key":"SMITH"},{"floor":8,"key":"REST"}],"neow_cost":"NONE","seed_source_timestamp":180343315912507,"circlet_count":0,"master_deck":["Defend_G","Defend_G+1","Defend_G","Defend_G","Defend_G","Strike_G","Strike_G","Strike_G","Strike_G","Survivor","Neutralize+1","AscendersBane","Dagger Throw+1","Deflect","Flying Knee","PiercingWail","Bouncing Flask"],"relics":["Sozu","Golden Idol","Bottled Flame","Ancient Tea Set","Omamori"],"potions_floor_usage":[],"damage_taken":[{"damage":16,"enemies":"Jaw Worm","floor":1,"turns":9},{"damage":1,"enemies":"Cultist","floor":3,"turns":6},{"damage":0,"enemies":"2 Louse","floor":4,"turns":2},{"damage":10,"enemies":"Lagavulin","floor":10,"turns":8},{"damage":33,"enemies":"Gremlin Nob","floor":12,"turns":4}],"seed_played":"2626589226702217801","potions_obtained":[],"is_trial":false,"path_per_floor":["M","?","M","M","?","R","?","R","T","E","$"],"character_chosen":"THE_SILENT","items_purchased":["Omamori"],"campfire_rested":1,"item_purchase_floors":[11],"current_hp_per_floor":[43,43,42,42,42,42,24,42,42,32,32,0],"gold":1,"neow_bonus":"BOSS_RELIC","is_prod":false,"is_daily":false,"chose_seed":false,"campfire_upgraded":1,"win_rate":0,"timestamp":1537735600,"path_taken":["M","?","M","M","?","R","?","R","T","E","$","E"],"build_version":"2018-09-20","purchased_purges":0,"victory":false,"max_hp_per_floor":[66,66,66,66,60,60,60,60,60,60,60,60],"card_choices":[{"not_picked":["Slice","Caltrops"],"picked":"Dagger Throw","floor":1},{"not_picked":["Dodge and Roll","Blade Dance"],"picked":"Flying Knee","floor":3},{"not_picked":["Accuracy","Prepared"],"picked":"PiercingWail","floor":4},{"not_picked":["Dodge and Roll","Bane"],"picked":"Bouncing Flask","floor":10}],"player_experience":758402,"relics_obtained":[{"floor":9,"key":"Bottled Flame"},{"floor":10,"key":"Ancient Tea Set"}],"event_choices":[{"event_name":"Transmorgrifier","player_choice":"Transform","floor":2,"damage_taken":0},{"event_name":"Golden Idol","player_choice":"Lose Max HP","floor":5,"damage_taken":0},{"event_name":"Shining Light","player_choice":"Entered Light","floor":7,"damage_taken":0}],"is_beta":false,"boss_relics":[],"items_purged_floors":[],"is_endless":false,"potions_floor_spawned":[3,10],"killed_by":"Gremlin Nob","ascension_level":17}