{"gold_per_floor":[114,114,132,145,70,97,111,111,190,190,218,218,218,70,70,169,169,181,181,106,106,116,116,145,145,145,162,162,162],"floor_reached":29,"playtime":871,"items_purged":["Clumsy","Strike_B"],"score":261,"play_id":"a41cd15b-d336-4d79-879d-99d7d0946aa4","local_time":"20190216192847","is_ascension_mode":true,"campfire_choices":[{"data":"Streamline","floor":8.0,"key":"SMITH"},{"data":"Zap","floor":10.0,"key":"SMITH"},{"data":"Ball Lightning","floor":15.0,"key":"SMITH"},{"data":"Creative AI","floor":23.0,"key":"SMITH"},{"data":"Fission","floor":25,"key":"SMITH"},{"floor":28,"key":"REST"}],"neow_cost":"CURSE","seed_source_timestamp":83121920238769,"circlet_count":0,"master_deck":["Defend_B+1","Defend_B+1","Zap+1","Dualcast","Self Repair","Streamline+1","Go for the Eyes","Cold Snap","Conserve Battery","Thunder Strike","Ball Lightning+1","Creative AI+1","Defragment","Auto Shields","Machine Learning","Fission+1","Leap+1"],"special_seed":0,"relics":["Cracked Core"],"potions_floor_usage":[24],"damage_taken":[{"damage":0.0,"enemies":"Jaw Worm","floor":1.0,"turns":3.0},{"damage":5.0,"enemies":"Cultist","floor":3.0,"turns":4.0},{"damage":0.0,"enemies":"Small Slimes","floor":4.0,"turns":2.0},{"damage":14.0,"enemies":"Gremlin Nob","floor":6.0,"turns":4.0},{"damage":1.0,"enemies":"2 Fungi Beasts","floor":7.0,"turns":4.0},{"damage":14.0,"enemies":"3 Sentries","floor":11.0,"turns":9.0},{"damage":23.0,"enemies":"Hexaghost","floor":16.0,"turns":8.0},{"damage":23.0,"enemies":"2 Thieves","floor":18.0,"turns":4.0},{"damage":17.0,"enemies":"Spheric Guardian","floor":22.0,"turns":4.0},{"damage":34,"enemies":"Book of Stabbing","floor":24,"turns":6},{"damage":12,"enemies":"Chosen and Byrds","floor":27,"turns":5},{"damage":35,"enemies":"Masked Bandits","floor":29,"turns":3}],"seed_played":"-2796452363075059991","potions_obtained":[{"floor":3.0,"key":"Explosive Potion"},{"floor":4.0,"key":"Ancient Potion"},{"floor":16.0,"key":"GamblersBrew"},{"floor":18.0,"key":"SteroidPotion"},{"floor":24,"key":"FocusPotion"}],"is_trial":false,"path_per_floor":["M","?","M","M","$","E","M","R","T","R","E","T","?","$","R","B",null,"M","?","?","?","M","R","E","R","T","M","R","?"],"character_chosen":"DEFECT","items_purchased":["AttackPotion"],"campfire_rested":1,"item_purchase_floors":[14],"current_hp_per_floor":[75,75,75,75,75,68,74,74,74,74,67,67,52,52,52,36,75,59,59,59,59,49,49,22,22,22,10,32,0],"gold":162,"neow_bonus":"TRANSFORM_TWO_CARDS","is_prod":false,"is_daily":false,"chose_seed":false,"campfire_upgraded":5,"win_rate":0,"timestamp":1550341727,"path_taken":["M","?","?","M","$","E","M","R","T","R","E","?","?","$","R","BOSS","M","?","?","?","M","R","E","R","T","M","R","?"],"build_version":"2019-01-23","purchased_purges":2,"victory":false,"max_hp_per_floor":[75,75,75,75,75,75,75,75,75,75,75,75,75,75,75,75,75,75,75,75,75,75,75,75,75,75,75,75,75],"card_choices":[{"not_picked":["Barrage","Streamline"],"picked":"Go for the Eyes","floor":1.0},{"not_picked":["Redo","Steam Power","Go for the Eyes"],"picked":"SKIP","floor":3.0},{"not_picked":["Redo","Compile Driver"],"picked":"Cold Snap","floor":4.0},{"not_picked":["Turbo","Barrage"],"picked":"Conserve Battery","floor":6.0},{"not_picked":["Genetic Algorithm","White Noise"],"picked":"Thunder Strike","floor":7.0},{"not_picked":["Steam","Conserve Battery"],"picked":"Ball Lightning","floor":11.0},{"not_picked":["Multi-Cast","Machine Learning"],"picked":"Creative AI","floor":16.0},{"not_picked":["Storm","Blizzard+1"],"picked":"Defragment","floor":18.0},{"not_picked":["Rebound+1","Go for the Eyes","Doom and Gloom"],"picked":"SKIP","floor":22.0},{"not_picked":["Recycle","Rebound"],"picked":"Fission","floor":24},{"not_picked":["Turbo","Scrape"],"picked":"Leap+1","floor":27}],"player_experience":1092721,"relics_obtained":[],"event_choices":[{"damage_healed":0.0,"max_hp_gain":0.0,"max_hp_loss":0.0,"gold_gain":0.0,"event_name":"WeMeetAgain","player_choice":"Ignored","floor":2.0,"gold_loss":0.0,"damage_taken":0.0},{"damage_healed":0.0,"max_hp_gain":0.0,"max_hp_loss":0.0,"gold_gain":0.0,"event_name":"Shining Light","player_choice":"Entered Light","floor":13.0,"gold_loss":0.0,"damage_taken":15.0,"cards_upgraded":["Defend_B","Defend_B"]},{"damage_healed":0.0,"max_hp_gain":0.0,"max_hp_loss":0.0,"gold_gain":0.0,"event_name":"Cursed Tome","player_choice":"Ignored","floor":19.0,"gold_loss":0.0,"damage_taken":0.0},{"cards_removed":["Strike_B"],"damage_healed":0.0,"max_hp_gain":0.0,"max_hp_loss":0.0,"gold_gain":0.0,"event_name":"Beggar","player_choice":"Gave Gold","floor":20.0,"gold_loss":75.0,"damage_taken":0.0},{"damage_healed":0.0,"max_hp_gain":0.0,"max_hp_loss":0.0,"gold_gain":0.0,"cards_transformed":["Defend_B","Defend_B"],"event_name":"Drug Dealer","player_choice":"Became Test Subject","floor":21.0,"gold_loss":0.0,"damage_taken":0.0,"cards_obtained":["Auto Shields","Machine Learning"]},{"damage_healed":0,"gold_gain":0,"player_choice":"Fought Bandits","damage_taken":0,"max_hp_gain":0,"max_hp_loss":0,"event_name":"Masked Bandits","floor":29,"gold_loss":0}],"is_beta":false,"boss_relics":[{"not_picked":["Runic Dome","Eternal Feather","Runic Pyramid"]}],"items_purged_floors":[5,14],"is_endless":false,"potions_floor_spawned":[3,4,16,18,24],"killed_by":"Masked Bandits","ascension_level":1}