{"gold_per_floor":[117,42,42,53,64,64,80,80,103,103,129,129,50,67,67,170,170,190,190,204,204,218,218,233,74,154,164,164,183,183,200,200,296,296,310,320,144,144,161,161,190,290,290,309,309,6,6,18,18,18],"floor_reached":51,"playtime":5311,"items_purged":["Strike_R","Defend_R","Defend_R"],"score":654,"play_id":"9dc5c7ed-8ef6-49cd-b90a-54a7bb7c5959","local_time":"20190301232031","is_ascension_mode":false,"campfire_choices":[{"data":"Bash","floor":6.0,"key":"SMITH"},{"data":"Iron Wave","floor":8.0,"key":"SMITH"},{"data":"Rampage","floor":12.0,"key":"SMITH"},{"data":"Disarm","floor":15.0,"key":"SMITH"},{"data":"Shockwave","floor":23.0,"key":"SMITH"},{"data":"Enlightenment","floor":28.0,"key":"SMITH"},{"data":"Demon Form","floor":32.0,"key":"SMITH"},{"floor":40.0,"key":"REST"},{"floor":45.0,"key":"REST"},{"data":"Flame Barrier","floor":47.0,"key":"SMITH"},{"floor":49,"key":"REST"}],"neow_cost":"PERCENT_DAMAGE","seed_source_timestamp":1298111684870352,"circlet_count":0,"master_deck":["Strike_R+1","Defend_R","Bash+1","Bludgeon+1","Flex","Disarm+1","Iron Wave+1","Headbutt","Shrug It Off","Rampage+1","Warcry","Sever Soul","Shrug It Off","Feed","Reaper","Shockwave+1","Cleave+1","Demon Form+1","Enlightenment+1","Dropkick+1","Limit Break","Sword Boomerang","Flame Barrier+1","True Grit+1","Dual Wield"],"special_seed":0,"relics":["Burning Blood"],"potions_floor_usage":[48,50,50,50],"damage_taken":[{"damage":4.0,"enemies":"2 Louse","floor":1.0,"turns":3.0},{"damage":0.0,"enemies":"Cultist","floor":4.0,"turns":2.0},{"damage":6.0,"enemies":"Jaw Worm","floor":5.0,"turns":3.0},{"damage":9.0,"enemies":"Lots of Slimes","floor":7.0,"turns":5.0},{"damage":9.0,"enemies":"3 Sentries","floor":11.0,"turns":6.0},{"damage":0.0,"enemies":"Exordium Thugs","floor":14.0,"turns":3.0},{"damage":23.0,"enemies":"Hexaghost","floor":16.0,"turns":9.0},{"damage":3.0,"enemies":"Shell Parasite","floor":18.0,"turns":10.0},{"damage":21.0,"enemies":"Spheric Guardian","floor":20.0,"turns":5.0},{"damage":2.0,"enemies":"Snecko","floor":22.0,"turns":7.0},{"damage":20.0,"enemies":"Centurion and Healer","floor":24.0,"turns":7.0},{"damage":18.0,"enemies":"Snake Plant","floor":27.0,"turns":6.0},{"damage":13.0,"enemies":"Shelled Parasite and Fungi","floor":29.0,"turns":6.0},{"damage":33.0,"enemies":"Cultist and Chosen","floor":31.0,"turns":8.0},{"damage":60.0,"enemies":"Champ","floor":33.0,"turns":9.0},{"damage":21.0,"enemies":"Orb Walker","floor":35.0,"turns":5.0},{"damage":53.0,"enemies":"3 Darklings","floor":36.0,"turns":7.0},{"damage":35.0,"enemies":"Sphere and 2 Shapes","floor":39.0,"turns":7.0},{"damage":61.0,"enemies":"Nemesis","floor":41.0,"turns":7.0},{"damage":12.0,"enemies":"Maw","floor":44.0,"turns":6.0},{"damage":29,"enemies":"3 Darklings","floor":48,"turns":6},{"damage":113,"enemies":"Time Eater","floor":50,"turns":11}],"seed_played":"7833472710476726346","potions_obtained":[{"floor":5.0,"key":"SkillPotion"},{"floor":7.0,"key":"AttackPotion"},{"floor":11.0,"key":"BloodPotion"},{"floor":24.0,"key":"BloodPotion"},{"floor":31.0,"key":"Poison Potion"},{"floor":41.0,"key":"Weak Potion"},{"floor":48,"key":"EssenceOfSteel"}],"is_trial":false,"path_per_floor":["M","$","?","M","M","R","M","R","T","?","E","R","$","M","R","B",null,"M","?","M","?","M","R","M","$","T","M","R","M","T","M","R","B",null,"M","M","$","?","M","R","E","?","T","M","R","$","R","M","R","B",null],"character_chosen":"IRONCLAD","items_purchased":["Disarm","Sever Soul","Enlightenment","Flame Barrier","Regen Potion","Strength Potion","SkillPotion"],"campfire_rested":3,"item_purchase_floors":[2,13,25,37,46,46,46],"current_hp_per_floor":[58,58,42,48,48,48,45,45,45,45,42,42,42,48,48,31,80,83,83,68,68,81,81,82,82,82,77,77,79,79,67,67,32,95,83,48,48,48,27,57,34,34,34,49,79,79,79,68,98,28],"gold":18,"neow_bonus":"THREE_RARE_CARDS","is_prod":false,"is_daily":false,"chose_seed":false,"campfire_upgraded":8,"win_rate":0,"timestamp":1551500431,"path_taken":["M","$","?","M","M","R","M","R","T","?","E","R","?","M","R","BOSS","M","?","M","?","M","R","?","?","T","M","R","M","?","M","R","BOSS","M","M","$","?","M","R","E","?","T","?","R","$","R","M","R","BOSS"],"build_version":"2019-01-23","purchased_purges":3,"victory":true,"max_hp_per_floor":[80,80,80,80,80,80,80,80,80,80,80,80,80,80,80,80,80,83,83,83,83,86,86,89,89,89,92,92,95,95,95,95,95,95,98,98,98,98,101,101,101,101,101,101,101,101,101,101,101,104],"card_choices":[{"not_picked":["Brutality","Fiend Fire"],"picked":"Bludgeon","floor":0.0},{"not_picked":["Body Slam","Rupture"],"picked":"Flex","floor":1.0},{"not_picked":["Wild Strike","Havoc"],"picked":"Iron Wave","floor":4.0},{"not_picked":["Wild Strike","Perfected Strike"],"picked":"Headbutt","floor":5.0},{"not_picked":["Sword Boomerang","Heavy Blade"],"picked":"Shrug It Off","floor":7.0},{"not_picked":["Fiend Fire","Whirlwind"],"picked":"Warcry","floor":11.0},{"not_picked":["Dropkick","Anger"],"picked":"Shrug It Off","floor":14.0},{"not_picked":["Juggernaut","Brutality"],"picked":"Feed","floor":16.0},{"not_picked":["Havoc+1","Thunderclap","Hemokinesis"],"picked":"SKIP","floor":18.0},{"not_picked":["Shrug It Off","True Grit","Iron Wave"],"picked":"SKIP","floor":20.0},{"not_picked":["Twin Strike","Burning Pact"],"picked":"Cleave+1","floor":22.0},{"not_picked":["Rampage+1","Heavy Blade"],"picked":"Demon Form","floor":24.0},{"not_picked":["Clothesline","Twin Strike"],"picked":"Dropkick+1","floor":27.0},{"not_picked":["Shrug It Off","Clash+1","Perfected Strike"],"picked":"SKIP","floor":29.0},{"not_picked":["Sword Boomerang","Iron Wave+1","Body Slam"],"picked":"SKIP","floor":31.0},{"not_picked":["Reaper","Exhume"],"picked":"Limit Break","floor":33.0},{"not_picked":["Shrug It Off","Cleave"],"picked":"Sword Boomerang","floor":35.0},{"not_picked":["Perfected Strike+1","Flex+1","Wild Strike"],"picked":"SKIP","floor":36.0},{"not_picked":["True Grit+1","Warcry+1","Clash+1"],"picked":"SKIP","floor":39.0},{"not_picked":["Clash","Immolate","Wild Strike+1"],"picked":"SKIP","floor":41.0},{"not_picked":["Headbutt+1","Clash"],"picked":"True Grit+1","floor":44.0},{"not_picked":["Body Slam","Clothesline"],"picked":"Dual Wield","floor":48}],"player_experience":569378,"relics_obtained":[],"event_choices":[{"damage_healed":0.0,"max_hp_gain":0.0,"max_hp_loss":0.0,"gold_gain":0.0,"event_name":"Shining Light","player_choice":"Entered Light","floor":3.0,"gold_loss":0.0,"damage_taken":16.0,"cards_upgraded":["Bludgeon","Strike_R"]},{"damage_healed":0.0,"max_hp_gain":0.0,"max_hp_loss":0.0,"gold_gain":0.0,"cards_transformed":["Strike_R"],"event_name":"Transmorgrifier","player_choice":"Transformed","floor":10.0,"gold_loss":0.0,"damage_taken":0.0,"cards_obtained":["Rampage"]},{"cards_removed":["Strike_R"],"damage_healed":0.0,"max_hp_gain":0.0,"max_hp_loss":0.0,"gold_gain":0.0,"event_name":"Back to Basics","player_choice":"Elegance","floor":19.0,"gold_loss":0.0,"damage_taken":0.0},{"damage_healed":0.0,"max_hp_gain":0.0,"max_hp_loss":0.0,"gold_gain":0.0,"cards_transformed":["Strike_R","Defend_R"],"event_name":"Drug Dealer","player_choice":"Became Test Subject","floor":21.0,"gold_loss":0.0,"damage_taken":0.0,"cards_obtained":["Reaper","Shockwave"]},{"damage_healed":0.0,"max_hp_gain":0.0,"max_hp_loss":0.0,"gold_gain":0.0,"event_name":"Tomb of Lord Red Mask","player_choice":"Ignored","floor":38.0,"gold_loss":0.0,"damage_taken":0.0},{"damage_healed":0.0,"max_hp_gain":0.0,"max_hp_loss":0.0,"gold_gain":100.0,"event_name":"Golden Shrine","player_choice":"Pray","floor":42.0,"gold_loss":0.0,"damage_taken":0.0}],"is_beta":false,"boss_relics":[{"not_picked":["Philosopher\u0027s Stone","Calling Bell","Ectoplasm"]},{"not_picked":["Sozu","Black Star","Astrolabe"]}],"items_purged_floors":[25,37,46],"is_endless":false,"potions_floor_spawned":[5,7,11,24,27,31,41,48],"ascension_level":0}