{"gold_per_floor":[114,130,146,158,158,158,172,193,193,193,193,193,212,137,137,226,226,240,240,267,282,282,282,182,182,254,275,291,315,330,380,380,476,476,491,16,16,32,55,55,71,71,71,91,114,130,130,155,155,155,155],"floor_reached":52,"playtime":4766,"items_purged":["Strike_R","Clash","Bash+1"],"score":1854,"play_id":"4d076d1b-28c0-4ef5-bc3e-77e80def8351","local_time":"20190318211343","is_ascension_mode":true,"campfire_choices":[{"data":"Bash","floor":6.0,"key":"SMITH"},{"data":"Dark Embrace","floor":10.0,"key":"SMITH"},{"data":"Warcry","floor":12.0,"key":"SMITH"},{"data":"True Grit","floor":15.0,"key":"SMITH"},{"data":"Second Wind","floor":23.0,"key":"SMITH"},{"data":"Shrug It Off","floor":25.0,"key":"SMITH"},{"data":"Uppercut","floor":32.0,"key":"SMITH"},{"data":"Dropkick","floor":40.0,"key":"SMITH"},{"data":"Dropkick","floor":42.0,"key":"SMITH"},{"data":"Warcry","floor":47.0,"key":"SMITH"},{"data":"Defend_R","floor":49,"key":"SMITH"}],"neow_cost":"PERCENT_DAMAGE","seed_source_timestamp":58680318028590,"circlet_count":0,"master_deck":["AscendersBane","Defend_R","Defend_R","Defend_R+1","Defend_R","Dropkick+1","Warcry+1","True Grit+1","Second Wind+1","Dark Embrace+1","Dropkick+1","Shrug It Off+1","Uppercut+1","Thunderclap+1","Burning Pact+1","Fiend Fire+1","Warcry+1"],"special_seed":0,"relics":["Burning Blood","Golden Idol","Mercury Hourglass","Sundial","Runic Cube","Anchor","Molten Egg 2","Coffee Dripper","Bottled Lightning","Shuriken"],"potions_floor_usage":[],"damage_taken":[{"damage":6.0,"enemies":"Cultist","floor":1.0,"turns":4.0},{"damage":4.0,"enemies":"Small Slimes","floor":2.0,"turns":3.0},{"damage":4.0,"enemies":"Jaw Worm","floor":3.0,"turns":5.0},{"damage":9.0,"enemies":"Blue Slaver","floor":4.0,"turns":13.0},{"damage":0.0,"enemies":"Exordium Thugs","floor":7.0,"turns":3.0},{"damage":9.0,"enemies":"3 Louse","floor":8.0,"turns":6.0},{"damage":1.0,"enemies":"2 Fungi Beasts","floor":13.0,"turns":4.0},{"damage":8.0,"enemies":"Hexaghost","floor":16.0,"turns":4.0},{"damage":3.0,"enemies":"Chosen","floor":18.0,"turns":4.0},{"damage":7.0,"enemies":"Colosseum Slavers","floor":19.0,"turns":4.0},{"damage":22.0,"enemies":"Spheric Guardian","floor":21.0,"turns":5.0},{"damage":4.0,"enemies":"Snake Plant","floor":27.0,"turns":4.0},{"damage":0.0,"enemies":"Centurion and Healer","floor":28.0,"turns":4.0},{"damage":17.0,"enemies":"Shelled Parasite and Fungi","floor":29.0,"turns":3.0},{"damage":5.0,"enemies":"Snake Plant","floor":30.0,"turns":3.0},{"damage":0.0,"enemies":"Automaton","floor":33.0,"turns":4.0},{"damage":0.0,"enemies":"3 Darklings","floor":35.0,"turns":2.0},{"damage":0.0,"enemies":"Orb Walker","floor":38.0,"turns":2.0},{"damage":0.0,"enemies":"Transient","floor":39.0,"turns":2.0},{"damage":26.0,"enemies":"Sphere and 2 Shapes","floor":41.0,"turns":20.0},{"damage":0.0,"enemies":"4 Shapes","floor":44.0,"turns":11.0},{"damage":0.0,"enemies":"Maw","floor":45.0,"turns":3.0},{"damage":0.0,"enemies":"Transient","floor":46.0,"turns":3.0},{"damage":0,"enemies":"3 Darklings","floor":48,"turns":2},{"damage":0,"enemies":"Awakened One","floor":50,"turns":3},{"damage":13,"enemies":"Time Eater","floor":51,"turns":4}],"seed_played":"2614064779126495681","potions_obtained":[{"floor":1.0,"key":"Weak Potion"},{"floor":4.0,"key":"EntropicBrew"},{"floor":8.0,"key":"EssenceOfSteel"},{"floor":13.0,"key":"Poison Potion"},{"floor":16.0,"key":"Swift Potion"},{"floor":27.0,"key":"Dexterity Potion"},{"floor":29.0,"key":"GamblersBrew"},{"floor":33.0,"key":"Swift Potion"}],"is_trial":false,"path_per_floor":["M","M","M","M","?","R","M","M","T","R","T","R","M","$","R","B",null,"M","?","T","M","?","R","$","R","T","M","M","M","M","?","R","B",null,"M","$","?","M","M","R","M","R","T","M","M","M","R","M","R","B","B",null],"character_chosen":"IRONCLAD","items_purchased":["Bottled Lightning","GamblersBrew"],"campfire_rested":0,"item_purchase_floors":[36,36],"current_hp_per_floor":[50,52,54,51,25,25,31,28,28,28,28,28,33,33,33,31,64,67,66,66,50,50,50,50,50,50,52,58,47,48,41,41,47,68,74,74,74,75,75,75,55,55,55,61,67,73,73,75,75,75,68],"gold":155,"neow_bonus":"REMOVE_TWO","is_prod":false,"is_daily":false,"chose_seed":false,"campfire_upgraded":11,"win_rate":0,"timestamp":1552958023,"path_taken":["M","M","M","?","?","R","M","M","T","R","?","R","M","$","R","BOSS","M","?","?","M","?","R","$","R","T","M","M","M","M","?","R","BOSS","M","?","?","M","M","R","?","R","T","M","M","M","R","M","R","BOSS","BOSS"],"build_version":"2019-01-23","purchased_purges":3,"victory":true,"max_hp_per_floor":[75,75,75,75,75,75,75,75,75,75,75,75,75,75,75,75,75,75,75,75,75,75,75,75,75,75,75,75,75,75,75,75,75,75,75,75,75,75,75,75,75,75,75,75,75,75,75,75,75,75,75],"card_choices":[{"not_picked":["Armaments","Heavy Blade"],"picked":"Dropkick","floor":1.0},{"not_picked":["Thunderclap","Intimidate"],"picked":"Warcry","floor":2.0},{"not_picked":["Wild Strike","Pommel Strike"],"picked":"True Grit","floor":3.0},{"not_picked":["Armaments","Clothesline","Clash"],"picked":"SKIP","floor":4.0},{"not_picked":["Headbutt","Clothesline"],"picked":"Second Wind","floor":7.0},{"not_picked":["Wild Strike","Headbutt"],"picked":"Dark Embrace","floor":8.0},{"not_picked":["Evolve","Shrug It Off"],"picked":"Dropkick","floor":13.0},{"not_picked":["Flex","Perfected Strike"],"picked":"Shrug It Off","floor":18.0},{"not_picked":["Ghostly Armor","Intimidate","Wild Strike"],"picked":"SKIP","floor":21.0},{"not_picked":["Sword Boomerang+1","Cleave+1"],"picked":"Thunderclap+1","floor":27.0},{"not_picked":["Wild Strike+1","Armaments"],"picked":"Burning Pact+1","floor":28.0},{"not_picked":["Thunderclap+1","Headbutt+1"],"picked":"Fiend Fire+1","floor":29.0},{"not_picked":["Body Slam+1","Reckless Charge+1","Feel No Pain"],"picked":"SKIP","floor":30.0},{"not_picked":["True Grit","Combust","Rampage+1"],"picked":"SKIP","floor":35.0},{"not_picked":["Sword Boomerang+1","Ghostly Armor+1","Thunderclap+1"],"picked":"SKIP","floor":38.0},{"not_picked":["Pummel+1","Headbutt+1","Thunderclap+1"],"picked":"SKIP","floor":39.0},{"not_picked":["Sword Boomerang+1","Havoc","Armaments"],"picked":"SKIP","floor":41.0},{"not_picked":["Fire Breathing+1","Reckless Charge+1","Sword Boomerang+1"],"picked":"SKIP","floor":44.0},{"not_picked":["Battle Trance","Pommel Strike+1","Second Wind+1"],"picked":"SKIP","floor":45.0},{"not_picked":["True Grit+1","Disarm"],"picked":"Warcry","floor":46.0},{"not_picked":["Pommel Strike+1","Body Slam+1","Havoc"],"picked":"SKIP","floor":48}],"player_experience":395139,"relics_obtained":[{"floor":9.0,"key":"Mercury Hourglass"},{"floor":11.0,"key":"Sundial"},{"floor":20.0,"key":"Anchor"},{"floor":26.0,"key":"Molten Egg 2"},{"floor":43.0,"key":"Shuriken"}],"event_choices":[{"damage_healed":0.0,"max_hp_gain":0.0,"max_hp_loss":0.0,"gold_gain":0.0,"event_name":"Golden Idol","player_choice":"Take Damage","floor":5.0,"gold_loss":0.0,"damage_taken":26.0,"relics_obtained":["Golden Idol"]},{"damage_healed":0.0,"max_hp_gain":0.0,"max_hp_loss":0.0,"gold_gain":0.0,"event_name":"Colosseum","player_choice":"Fight","floor":19.0,"gold_loss":0.0,"damage_taken":0.0},{"damage_healed":0.0,"max_hp_gain":0.0,"max_hp_loss":0.0,"gold_gain":0.0,"event_name":"Colosseum","player_choice":"Fled From Nobs","floor":19.0,"gold_loss":0.0,"damage_taken":0.0},{"damage_healed":0.0,"max_hp_gain":0.0,"max_hp_loss":0.0,"gold_gain":0.0,"cards_transformed":["Strike_R","Strike_R"],"event_name":"Drug Dealer","player_choice":"Became Test Subject","floor":22.0,"gold_loss":0.0,"damage_taken":0.0,"cards_obtained":["Uppercut","Clash"]},{"damage_healed":0.0,"max_hp_gain":0.0,"max_hp_loss":0.0,"gold_gain":50.0,"event_name":"FaceTrader","player_choice":"Touch","floor":31.0,"gold_loss":0.0,"damage_taken":7.0},{"damage_healed":0.0,"max_hp_gain":0.0,"max_hp_loss":0.0,"gold_gain":0.0,"event_name":"Lab","player_choice":"Got Potions","floor":37.0,"gold_loss":0.0,"damage_taken":0.0}],"is_beta":false,"boss_relics":[{"not_picked":["Mark of Pain","Snecko Eye"],"picked":"Runic Cube"},{"not_picked":["White Beast Statue","Fusion Hammer"],"picked":"Coffee Dripper"}],"items_purged_floors":[14,24,36],"is_endless":false,"potions_floor_spawned":[1,4,8,13,16,19,27,29,33,38,44,45,46,48],"ascension_level":20}