{"gold_per_floor":[109,119,119,139,151,151,22,52,52,52,52],"floor_reached":11,"playtime":317,"items_purged":["Strike_R"],"score":126,"play_id":"79ba38a5-157b-4dc7-a296-b17674c57f57","local_time":"20190127205318","is_ascension_mode":true,"campfire_choices":[{"data":"Barricade","floor":6.0,"key":"SMITH"}],"neow_cost":"NONE","seed_source_timestamp":1561673454816260,"circlet_count":0,"master_deck":["AscendersBane","Strike_R","Strike_R","Strike_R","Strike_R","Defend_R","Defend_R","Defend_R","Defend_R","Bash","Barricade+1","Shrug It Off","Second Wind","Ghostly Armor","True Grit"],"special_seed":0,"relics":["Burning Blood","Darkstone Periapt","Bag of Preparation","Bottled Flame"],"potions_floor_usage":[11],"damage_taken":[{"damage":13.0,"enemies":"Cultist","floor":1.0,"turns":5.0},{"damage":11.0,"enemies":"Jaw Worm","floor":2.0,"turns":6.0},{"damage":4.0,"enemies":"Small Slimes","floor":4.0,"turns":4.0},{"damage":28.0,"enemies":"Exordium Thugs","floor":5.0,"turns":6.0},{"damage":76,"enemies":"Gremlin Nob","floor":11,"turns":6}],"seed_played":"-8292193738146451632","potions_obtained":[{"floor":4.0,"key":"Ancient Potion"}],"is_trial":false,"path_per_floor":["M","M","?","M","M","R","$","?","T","?","E"],"character_chosen":"IRONCLAD","items_purchased":["True Grit"],"campfire_rested":0,"item_purchase_floors":[7],"current_hp_per_floor":[61,56,56,58,36,36,36,36,36,61,0],"gold":52,"neow_bonus":"ONE_RANDOM_RARE_CARD","is_prod":false,"is_daily":false,"chose_seed":false,"campfire_upgraded":1,"win_rate":0,"timestamp":1548618798,"path_taken":["M","M","?","M","M","R","?","?","T","?","E"],"build_version":"2019-01-23","purchased_purges":1,"victory":false,"max_hp_per_floor":[75,75,75,75,75,75,75,75,75,75,75],"card_choices":[{"not_picked":["Armaments","Pommel Strike"],"picked":"Shrug It Off","floor":1.0},{"not_picked":["Cleave","Warcry"],"picked":"Second Wind","floor":2.0},{"not_picked":["Wild Strike","Sword Boomerang","Spot Weakness"],"picked":"SKIP","floor":4.0},{"not_picked":["Dark Embrace","Spot Weakness"],"picked":"Ghostly Armor","floor":5.0}],"player_experience":953250,"relics_obtained":[{"floor":3.0,"key":"Darkstone Periapt"},{"floor":9.0,"key":"Bottled Flame"}],"event_choices":[{"damage_healed":0.0,"max_hp_gain":0.0,"max_hp_loss":0.0,"gold_gain":0.0,"event_name":"Wheel of Change","player_choice":"Relic","floor":3.0,"gold_loss":0.0,"damage_taken":0.0},{"damage_healed":0.0,"max_hp_gain":0.0,"max_hp_loss":0.0,"gold_gain":30.0,"event_name":"Dead Adventurer","player_choice":"Searched \u00272\u0027 times","floor":8.0,"gold_loss":0.0,"damage_taken":0.0,"relics_obtained":["Bag of Preparation"]},{"damage_healed":25.0,"max_hp_gain":0.0,"max_hp_loss":0.0,"gold_gain":0.0,"event_name":"Big Fish","player_choice":"Banana","floor":10.0,"gold_loss":0.0,"damage_taken":0.0}],"is_beta":false,"boss_relics":[],"items_purged_floors":[7],"is_endless":false,"potions_floor_spawned":[4],"killed_by":"Gremlin Nob","ascension_level":20}