{"gold_per_floor":[112,112,37,56,56,56,66,66,66,66,91,91,146,163,163,261,261,271,283,206,222,232,232,242,271,353,353,428,428,438,454,454,556,556,567,567,613,613,633,663,663,683,683,683,718,718,159,172,172,172],"floor_reached":51,"playtime":3667,"items_purged":["Strike_R","Strike_R"],"score":776,"play_id":"5b2d9301-845c-40b3-a5db-ae6990dca254","local_time":"20180803180444","is_ascension_mode":true,"campfire_choices":[{"data":"Bash","floor":6,"key":"SMITH"},{"data":"Disarm","floor":8,"key":"SMITH"},{"data":"Strike_R","floor":10,"key":"SMITH"},{"floor":12,"key":"REST"},{"data":"Pommel Strike","floor":15,"key":"SMITH"},{"data":"Fiend Fire","floor":23,"key":"SMITH"},{"floor":32,"key":"REST"},{"floor":41,"key":"REST"},{"data":"Madness","floor":44,"key":"SMITH"},{"floor":49,"key":"REST"}],"neow_cost":"NONE","seed_source_timestamp":205361022270757,"circlet_count":0,"master_deck":["Strike_R","Strike_R+1","Defend_R","Defend_R","Defend_R","Bash+1","Disarm+1","Pommel Strike+1","Fiend Fire+1","Shrug It Off+1","J.A.X.","Infernal Blade+1","Madness","Madness+1"],"relics":["Burning Blood","Orichalcum","The Courier","Anchor","Lantern","Busted Crown","Turnip","Meat on the Bone","Empty Cage","Du-Vu Doll","Bag of Marbles","Ginger","Incense Burner","Calipers","StoneCalendar","Ancient Tea Set"],"potions_floor_usage":[12,16,16,31,33,33,45,50,50,50],"damage_taken":[{"damage":0,"enemies":"2 Louse","floor":1,"turns":3},{"damage":0,"enemies":"Cultist","floor":4,"turns":4},{"damage":4,"enemies":"Small Slimes","floor":7,"turns":3},{"damage":26,"enemies":"Gremlin Nob","floor":11,"turns":5},{"damage":20,"enemies":"Gremlin Nob","floor":13,"turns":5},{"damage":4,"enemies":"Exordium Thugs","floor":14,"turns":5},{"damage":61,"enemies":"Slime Boss","floor":16,"turns":12},{"damage":21,"enemies":"Spheric Guardian","floor":18,"turns":4},{"damage":3,"enemies":"Shell Parasite","floor":19,"turns":5},{"damage":8,"enemies":"Centurion and Healer","floor":21,"turns":7},{"damage":3,"enemies":"Snecko","floor":22,"turns":4},{"damage":3,"enemies":"Snake Plant","floor":24,"turns":4},{"damage":25,"enemies":"Slavers","floor":25,"turns":7},{"damage":18,"enemies":"Centurion and Healer","floor":30,"turns":5},{"damage":19,"enemies":"Sentry and Sphere","floor":31,"turns":4},{"damage":41,"enemies":"Collector","floor":33,"turns":13},{"damage":6,"enemies":"3 Shapes","floor":35,"turns":4},{"damage":3,"floor":36,"turns":6},{"damage":7,"enemies":"Flame Bruiser 1 Orb","floor":39,"turns":6},{"damage":65,"enemies":"2 Orb Walkers","floor":40,"turns":5},{"damage":24,"enemies":"Sphere and 2 Shapes","floor":42,"turns":6},{"damage":35,"enemies":"Nemesis","floor":45,"turns":7},{"damage":45,"enemies":"Maw","floor":48,"turns":8},{"damage":59,"enemies":"Time Eater","floor":50,"turns":11}],"seed_played":"-3643255757469143710","potions_obtained":[{"floor":2,"key":"SpeedPotion"},{"floor":2,"key":"Fruit Juice"},{"floor":2,"key":"SpeedPotion"},{"floor":11,"key":"Energy Potion"},{"floor":13,"key":"PowerPotion"},{"floor":22,"key":"Energy Potion"},{"floor":24,"key":"GamblersBrew"},{"floor":33,"key":"BloodPotion"},{"floor":35,"key":"EssenceOfSteel"},{"floor":40,"key":"Ancient Potion"},{"floor":42,"key":"PowerPotion"}],"is_trial":false,"path_per_floor":["M","?","$","M","?","R","M","R","T","R","E","R","?","M","R","B",null,"M","M","?","M","M","R","M","E","T","?","?","?","M","M","R","B",null,"M","?","T","?","M","E","R","M","T","R","E","?","$","M","R","B"],"character_chosen":"IRONCLAD","items_purchased":["StoneCalendar","Ancient Tea Set","PowerPotion","Poison Potion"],"campfire_rested":4,"item_purchase_floors":[47,47,47,47],"current_hp_per_floor":[80,80,80,80,80,80,80,80,80,80,60,85,71,73,73,18,85,70,73,73,71,74,74,77,58,58,58,50,50,50,49,74,51,85,85,85,85,74,73,26,51,45,45,45,28,85,85,58,83,50],"gold":172,"neow_bonus":"RANDOM_COMMON_RELIC","is_prod":false,"is_daily":false,"chose_seed":false,"campfire_upgraded":6,"win_rate":0,"timestamp":1533333884,"path_taken":["M","?","$","M","?","R","M","R","T","R","E","R","?","?","R","BOSS","M","?","?","M","M","R","M","E","T","?","?","?","?","M","R","BOSS","M","?","?","?","M","E","R","M","T","R","E","?","$","M","R","BOSS"],"build_version":"2018-08-02","purchased_purges":2,"victory":true,"max_hp_per_floor":[80,80,80,80,80,80,80,80,80,80,80,85,85,85,85,85,85,85,85,85,85,85,85,85,85,85,85,85,85,85,85,85,85,85,85,85,85,85,85,85,85,85,85,85,85,85,85,85,85,85],"card_choices":[{"not_picked":["Twin Strike","Sever Soul","Shrug It Off"],"picked":"SKIP","floor":1},{"not_picked":["Twin Strike","Wild Strike","Iron Wave"],"picked":"SKIP","floor":4},{"not_picked":["Thunderclap","Evolve"],"picked":"Disarm","floor":7},{"not_picked":["Heavy Blade","Fire Breathing","Uppercut"],"picked":"SKIP","floor":11},{"not_picked":["Clothesline","Inflame"],"picked":"Pommel Strike","floor":13},{"not_picked":["Anger","Headbutt","Double Tap"],"picked":"SKIP","floor":14},{"not_picked":["Immolate","Juggernaut"],"picked":"Fiend Fire","floor":16},{"not_picked":["Clothesline"],"picked":"SKIP","floor":18},{"not_picked":[],"picked":"Shrug It Off+1","floor":19},{"not_picked":["Flex"],"picked":"SKIP","floor":21},{"not_picked":["Spot Weakness"],"picked":"SKIP","floor":22},{"not_picked":["Iron Wave"],"picked":"SKIP","floor":24},{"not_picked":["Iron Wave"],"picked":"SKIP","floor":24},{"not_picked":["Juggernaut"],"picked":"SKIP","floor":25},{"not_picked":["Searing Blow+1"],"picked":"SKIP","floor":30},{"not_picked":["Searing Blow+1"],"picked":"SKIP","floor":30},{"not_picked":["Thunderclap"],"picked":"SKIP","floor":31},{"not_picked":[],"picked":"Infernal Blade+1","floor":35},{"not_picked":["Anger+1"],"picked":"SKIP","floor":39},{"not_picked":["Intimidate"],"picked":"SKIP","floor":40},{"not_picked":["Armaments"],"picked":"SKIP","floor":42},{"not_picked":["Headbutt"],"picked":"SKIP","floor":45},{"not_picked":["Thunderclap"],"picked":"SKIP","floor":48}],"player_experience":148146,"relics_obtained":[{"floor":9,"key":"The Courier"},{"floor":11,"key":"Anchor"},{"floor":13,"key":"Lantern"},{"floor":25,"key":"Turnip"},{"floor":26,"key":"Meat on the Bone"},{"floor":36,"key":"Du-Vu Doll"},{"floor":37,"key":"Bag of Marbles"},{"floor":40,"key":"Ginger"},{"floor":43,"key":"Incense Burner"},{"floor":45,"key":"Calipers"}],"event_choices":[{"event_name":"The Lab","player_choice":"Got Potions","floor":2,"damage_taken":0},{"event_name":"Match and Keep!","player_choice":"0 cards matched","floor":5,"damage_taken":0},{"event_name":"Dead Adventurer","player_choice":"Searched \u00271\u0027 times","floor":13,"damage_taken":0},{"event_name":"Drug Dealer","player_choice":"Got JAXXED","floor":20,"damage_taken":0},{"event_name":"The Woman in Blue","player_choice":"Bought 0 Potions","floor":27,"damage_taken":0},{"event_name":"FaceTrader","player_choice":"Touch","floor":28,"damage_taken":0},{"event_name":"Vampires","player_choice":"Ignored","floor":29,"damage_taken":0},{"event_name":"MindBloom","player_choice":"Fight","floor":36,"damage_taken":0},{"event_name":"Winding Halls","player_choice":"Embrace Madness","floor":38,"damage_taken":0},{"event_name":"Wheel of Change","player_choice":"Full Heal","floor":46,"damage_taken":0}],"is_beta":false,"boss_relics":[{"not_picked":["Pandora\u0027s Box","Tiny House"],"picked":"Busted Crown"},{"not_picked":["Lizard Tail","Cursed Key"],"picked":"Empty Cage"}],"items_purged_floors":[3,47],"is_endless":false,"potions_floor_spawned":[4,11,13,22,24,33,35,40,42],"ascension_level":3}