{"gold_per_floor":[109,109,34,53,203,231,245,278,278,278,278],"floor_reached":11,"playtime":244,"items_purged":["Strike_B"],"score":212,"play_id":"47bb30d7-4f0b-4f36-acef-d76e497a0f8d","local_time":"20190226160908","is_ascension_mode":true,"campfire_choices":[{"data":"Chaos","floor":10.0,"key":"SMITH"}],"neow_cost":"NONE","seed_source_timestamp":4247332728752,"circlet_count":0,"master_deck":["AscendersBane","Strike_B","Strike_B","Strike_B","Defend_B","Defend_B","Defend_B","Defend_B","Zap","Dualcast","Ball Lightning","Doubt","Rip and Tear","Chaos+1"],"special_seed":0,"relics":["Cracked Core","NeowsBlessing","PreservedInsect","Bird Faced Urn","Dodecahedron","Mummified Hand"],"potions_floor_usage":[11],"damage_taken":[{"damage":0.0,"enemies":"2 Louse","floor":1.0,"turns":1.0},{"damage":0.0,"enemies":"Small Slimes","floor":4.0,"turns":1.0},{"damage":0.0,"enemies":"Gremlin Nob","floor":6.0,"turns":1.0},{"damage":2.0,"enemies":"Jaw Worm","floor":7.0,"turns":3.0},{"damage":35.0,"enemies":"3 Sentries","floor":8.0,"turns":6.0},{"damage":27,"enemies":"Exordium Thugs","floor":11,"turns":3}],"seed_played":"-9219826439442320668","potions_obtained":[{"floor":4.0,"key":"Poison Potion"},{"floor":8.0,"key":"Dexterity Potion"}],"is_trial":false,"path_per_floor":["M","?","$","M","?","E","M","E","T","R","M"],"character_chosen":"DEFECT","items_purchased":[],"campfire_rested":0,"item_purchase_floors":[],"current_hp_per_floor":[64,59,59,59,59,59,57,22,22,22,0],"gold":278,"neow_bonus":"THREE_ENEMY_KILL","is_prod":false,"is_daily":false,"chose_seed":false,"campfire_upgraded":1,"win_rate":0,"timestamp":1551193748,"path_taken":["M","?","$","M","?","E","M","E","T","R","M"],"build_version":"2019-01-23","purchased_purges":1,"victory":false,"max_hp_per_floor":[71,71,71,71,71,71,71,71,71,71,71],"card_choices":[{"not_picked":["Turbo","Sweeping Beam"],"picked":"Ball Lightning","floor":1.0},{"not_picked":["Turbo","Stack","Barrage"],"picked":"SKIP","floor":4.0},{"not_picked":["Go for the Eyes","Streamline"],"picked":"Rip and Tear","floor":6.0},{"not_picked":["Undo","Sweeping Beam","Steam"],"picked":"SKIP","floor":7.0},{"not_picked":["Skim","Loop"],"picked":"Chaos","floor":8.0}],"player_experience":1146240,"relics_obtained":[{"floor":6.0,"key":"Bird Faced Urn"},{"floor":8.0,"key":"Dodecahedron"},{"floor":9.0,"key":"Mummified Hand"}],"event_choices":[{"damage_healed":0.0,"max_hp_gain":0.0,"max_hp_loss":0.0,"gold_gain":0.0,"event_name":"Scrap Ooze","player_choice":"Success","floor":2.0,"gold_loss":0.0,"damage_taken":5.0,"relics_obtained":["PreservedInsect"]},{"damage_healed":0.0,"max_hp_gain":0.0,"max_hp_loss":0.0,"gold_gain":150.0,"event_name":"Liars Game","player_choice":"AGREE","floor":5.0,"gold_loss":0.0,"damage_taken":0.0,"cards_obtained":["Doubt"]}],"is_beta":false,"boss_relics":[],"items_purged_floors":[3],"is_endless":false,"potions_floor_spawned":[4,8],"killed_by":"Exordium Thugs","ascension_level":20}