{"gold_per_floor":[118,118,137,58,110,141,216,391,447,447,472,472,472,46,46,151,151,163,163,177,177,196,226,226,252,276,276,293,312,312,345,345,446,446,464,20,35,48,0,0,30,45,68,68,94,94,143,29,29,29],"floor_reached":51,"playtime":4239,"items_purged":["Doubt","Strike_R"],"score":1303,"play_id":"cf42518f-8ef6-439a-9ae9-ac1ad660c885","local_time":"20190217011605","is_ascension_mode":true,"campfire_choices":[{"floor":10.0,"key":"REST"},{"floor":13.0,"key":"REST"},{"floor":15.0,"key":"REST"},{"floor":24.0,"key":"REST"},{"data":"Bludgeon","floor":27.0,"key":"SMITH"},{"floor":32.0,"key":"REST"},{"floor":40.0,"key":"REST"},{"data":"Demon Form","floor":44,"key":"SMITH"},{"floor":46,"key":"REST"},{"floor":49,"key":"REST"}],"neow_cost":"NONE","seed_source_timestamp":183746600536474,"circlet_count":0,"master_deck":["AscendersBane","Strike_R+1","Defend_R","Defend_R","Defend_R","Bash","True Grit","Power Through","Twin Strike","Blood for Blood","Heavy Blade","Bludgeon+1","Bludgeon","Fiend Fire","Clothesline+1","Evolve","Wild Strike","Demon Form+1","Cleave+1","Reaper+1","Pommel Strike+1","Thunderclap+1","Berserk+1","Flame Barrier","Fiend Fire","Flame Barrier+1","Bludgeon","Dual Wield"],"special_seed":0,"relics":["Snecko Eye","Happy Flower","Shuriken","Tiny Chest","PreservedInsect","Paper Frog","DollysMirror","Pen Nib","Black Star","Strawberry","Ancient Tea Set","Bag of Marbles","The Courier","Blue Candle","Vajra","Du-Vu Doll","Smiling Mask","Astrolabe","Self Forming Clay","Lantern","Red Mask","Bronze Scales","Whetstone","Orichalcum","Dodecahedron","Dream Catcher","Shovel"],"potions_floor_usage":[50],"damage_taken":[{"damage":7.0,"enemies":"Small Slimes","floor":1.0,"turns":4.0},{"damage":0.0,"enemies":"Cultist","floor":3.0,"turns":3.0},{"damage":40.0,"enemies":"Lagavulin","floor":6.0,"turns":8.0},{"damage":10.0,"enemies":"3 Sentries","floor":11.0,"turns":6.0},{"damage":31.0,"enemies":"Hexaghost","floor":16.0,"turns":4.0},{"damage":0.0,"enemies":"Spheric Guardian","floor":18.0,"turns":1.0},{"damage":33.0,"enemies":"2 Thieves","floor":20.0,"turns":3.0},{"damage":0.0,"enemies":"Snecko","floor":22.0,"turns":3.0},{"damage":15.0,"enemies":"Slavers","floor":23.0,"turns":2.0},{"damage":0.0,"enemies":"Book of Stabbing","floor":25.0,"turns":1.0},{"damage":12.0,"enemies":"Cultist and Chosen","floor":28.0,"turns":2.0},{"damage":0.0,"enemies":"Snake Plant","floor":29.0,"turns":1.0},{"damage":0.0,"enemies":"Gremlin Leader","floor":31.0,"turns":3.0},{"damage":67.0,"enemies":"Champ","floor":33.0,"turns":7.0},{"damage":20.0,"enemies":"3 Shapes","floor":35.0,"turns":5.0},{"damage":0.0,"enemies":"Orb Walker","floor":37.0,"turns":1.0},{"damage":29.0,"enemies":"Jaw Worm Horde","floor":38.0,"turns":3.0},{"damage":8.0,"enemies":"Giant Head","floor":41.0,"turns":5.0},{"damage":1,"enemies":"Transient","floor":42,"turns":5},{"damage":16,"enemies":"Nemesis","floor":45,"turns":3},{"damage":0,"enemies":"2 Orb Walkers","floor":47,"turns":2},{"damage":13,"enemies":"Time Eater","floor":50,"turns":4}],"seed_played":"9075122571458884287","potions_obtained":[{"floor":16.0,"key":"BloodPotion"},{"floor":22.0,"key":"Swift Potion"},{"floor":28.0,"key":"Fire Potion"},{"floor":41.0,"key":"Dexterity Potion"},{"floor":45,"key":"Block Potion"}],"is_trial":false,"path_per_floor":["M","?","M","$","T","E","?","?","T","R","E","T","R","$","R","B",null,"M","?","M","?","M","E","R","E","T","R","M","M","?","E","R","B",null,"M","$","M","M","?","R","E","M","T","R","E","R","?","$","R","B",null],"character_chosen":"IRONCLAD","items_purchased":["Blood for Blood","DollysMirror","Pen Nib","Flame Barrier","Self Forming Clay","Lantern","GamblersBrew","Dual Wield"],"campfire_rested":8,"item_purchase_floors":[4,14,14,36,36,36,36,48],"current_hp_per_floor":[65,65,65,65,65,25,14,14,14,38,28,28,52,52,76,45,71,71,71,38,45,45,30,56,56,56,56,44,44,44,44,70,3,66,46,46,46,26,26,52,55,66,66,66,50,76,76,76,87,87],"gold":29,"neow_bonus":"BOSS_RELIC","is_prod":false,"is_daily":false,"chose_seed":false,"campfire_upgraded":2,"win_rate":0,"timestamp":1550384165,"path_taken":["M","?","M","$","?","E","?","?","T","R","E","?","R","?","R","BOSS","M","?","M","?","M","E","R","E","T","R","M","M","?","E","R","BOSS","M","$","?","M","?","R","E","M","T","R","E","R","?","?","R","BOSS"],"build_version":"2019-01-23","purchased_purges":2,"victory":true,"max_hp_per_floor":[80,80,80,80,80,80,80,80,80,80,80,80,80,80,80,80,80,80,80,80,87,87,87,87,87,87,87,87,87,87,87,87,87,87,87,87,87,87,87,87,87,87,87,87,87,87,87,87,87,87],"card_choices":[{"not_picked":["Anger","Headbutt"],"picked":"True Grit","floor":1.0},{"not_picked":["Sword Boomerang","Seeing Red"],"picked":"Twin Strike","floor":3.0},{"not_picked":["Burning Pact","Entrench"],"picked":"Heavy Blade","floor":6.0},{"not_picked":["Warcry","Heavy Blade"],"picked":"Bludgeon","floor":11.0},{"not_picked":["Immolate","Juggernaut"],"picked":"Fiend Fire","floor":16.0},{"not_picked":["Sword Boomerang+1","Spot Weakness"],"picked":"Clothesline+1","floor":18.0},{"not_picked":["Heavy Blade","Headbutt"],"picked":"Evolve","floor":20.0},{"not_picked":["Flex","Feel No Pain"],"picked":"Wild Strike","floor":22.0},{"not_picked":["Iron Wave","Heavy Blade","Sentinel"],"picked":"SKIP","floor":23.0},{"not_picked":["Searing Blow","Metallicize"],"picked":"Demon Form","floor":25.0},{"not_picked":["Inflame","Warcry+1"],"picked":"Cleave+1","floor":28.0},{"not_picked":["Heavy Blade","Power Through+1","Armaments"],"picked":"SKIP","floor":29.0},{"not_picked":["Anger","Iron Wave","Ghostly Armor"],"picked":"SKIP","floor":31.0},{"not_picked":["Berserk","Exhume"],"picked":"Reaper","floor":33.0},{"not_picked":["Fire Breathing+1","Body Slam+1","Wild Strike+1"],"picked":"SKIP","floor":35.0},{"not_picked":["Armaments","Heavy Blade"],"picked":"Fiend Fire","floor":37.0},{"not_picked":["Clash","Heavy Blade+1","Carnage"],"picked":"SKIP","floor":38.0},{"not_picked":["Perfected Strike+1","Armaments+1","Second Wind+1"],"picked":"SKIP","floor":41.0},{"not_picked":["Headbutt+1","Body Slam","Pummel"],"picked":"SKIP","floor":42},{"not_picked":["Seeing Red","Evolve"],"picked":"Flame Barrier+1","floor":45},{"not_picked":["Clothesline+1","Cleave+1"],"picked":"Bludgeon","floor":46}],"player_experience":491572,"relics_obtained":[{"floor":5.0,"key":"Happy Flower"},{"floor":6.0,"key":"Shuriken"},{"floor":9.0,"key":"Tiny Chest"},{"floor":11.0,"key":"PreservedInsect"},{"floor":12.0,"key":"Paper Frog"},{"floor":23.0,"key":"Ancient Tea Set"},{"floor":23.0,"key":"Bag of Marbles"},{"floor":25.0,"key":"The Courier"},{"floor":25.0,"key":"Blue Candle"},{"floor":26.0,"key":"Vajra"},{"floor":31.0,"key":"Du-Vu Doll"},{"floor":31.0,"key":"Smiling Mask"},{"floor":41.0,"key":"Bronze Scales"},{"floor":41.0,"key":"Whetstone"},{"floor":43,"key":"Orichalcum"},{"floor":45,"key":"Dodecahedron"},{"floor":45,"key":"Dream Catcher"},{"floor":47,"key":"Shovel"}],"event_choices":[{"damage_healed":0.0,"max_hp_gain":0.0,"max_hp_loss":0.0,"gold_gain":0.0,"cards_transformed":["Strike_R"],"event_name":"Transmorgrifier","player_choice":"Transformed","floor":2.0,"gold_loss":0.0,"damage_taken":0.0,"cards_obtained":["Power Through"]},{"damage_healed":0.0,"max_hp_gain":0.0,"max_hp_loss":0.0,"gold_gain":75.0,"event_name":"World of Goop","player_choice":"Gather Gold","floor":7.0,"gold_loss":0.0,"damage_taken":11.0},{"damage_healed":0.0,"max_hp_gain":0.0,"max_hp_loss":0.0,"gold_gain":175.0,"event_name":"Liars Game","player_choice":"AGREE","floor":8.0,"gold_loss":0.0,"damage_taken":0.0,"cards_obtained":["Doubt"]},{"damage_healed":0.0,"max_hp_gain":0.0,"max_hp_loss":0.0,"gold_gain":0.0,"event_name":"Ghosts","player_choice":"Ignored","floor":19.0,"gold_loss":0.0,"damage_taken":0.0},{"damage_healed":0.0,"max_hp_gain":0.0,"max_hp_loss":0.0,"gold_gain":0.0,"event_name":"The Mausoleum","player_choice":"Opened","floor":21.0,"gold_loss":0.0,"damage_taken":0.0,"relics_obtained":["Strawberry"]},{"damage_healed":0.0,"max_hp_gain":0.0,"max_hp_loss":0.0,"gold_gain":0.0,"event_name":"Lab","player_choice":"Got Potions","floor":30.0,"gold_loss":0.0,"damage_taken":0.0},{"damage_healed":0.0,"max_hp_gain":0.0,"max_hp_loss":0.0,"gold_gain":0.0,"event_name":"Tomb of Lord Red Mask","player_choice":"Paid","floor":39.0,"gold_loss":48.0,"damage_taken":0.0,"relics_obtained":["Red Mask"]},{"damage_healed":0,"gold_gain":0,"player_choice":"Fight","damage_taken":0,"max_hp_gain":0,"max_hp_loss":0,"event_name":"Mysterious Sphere","floor":47,"gold_loss":0}],"is_beta":false,"boss_relics":[{"not_picked":["Velvet Choker","Busted Crown"],"picked":"Black Star"},{"not_picked":["Lizard Tail","Cursed Key"],"picked":"Astrolabe"}],"items_purged_floors":[14,48],"is_endless":false,"potions_floor_spawned":[16,22,28,29,37,41,45,47],"ascension_level":11}