{"gold_per_floor":[109,127,143,143,158,158,174,207,280,312,312,322,322,351,351,351],"floor_reached":16,"playtime":612,"items_purged":[],"score":226,"play_id":"c97c18af-eeb8-4ef8-a1b3-77d6752ce7fb","local_time":"20181218184223","is_ascension_mode":true,"campfire_choices":[{"data":"Twin Strike","floor":6.0,"key":"SMITH"},{"floor":11.0,"key":"DIG"},{"floor":13.0,"key":"RECALL"},{"data":"Uppercut","floor":15.0,"key":"SMITH"}],"neow_cost":"NONE","seed_source_timestamp":520929842500858,"circlet_count":0,"master_deck":["AscendersBane","Strike_R","Strike_R","Strike_R","Strike_R","Strike_R","Defend_R","Defend_R","Defend_R","Defend_R","Bash","Berserk","Shrug It Off","Sever Soul","Pommel Strike","Twin Strike+1","Ghostly Armor","Metallicize","Infernal Blade","Uppercut+1"],"special_seed":0,"relics":["Burning Blood","Juzu Bracelet","Shovel","Bag of Marbles","The Courier"],"potions_floor_usage":[],"damage_taken":[{"damage":4.0,"enemies":"Cultist","floor":1.0,"turns":3.0},{"damage":5.0,"enemies":"Small Slimes","floor":2.0,"turns":4.0},{"damage":14.0,"enemies":"Jaw Worm","floor":3.0,"turns":4.0},{"damage":16.0,"enemies":"Large Slime","floor":5.0,"turns":5.0},{"damage":12.0,"enemies":"Looter","floor":7.0,"turns":3.0},{"damage":22.0,"enemies":"Gremlin Nob","floor":8.0,"turns":4.0},{"damage":16.0,"enemies":"3 Sentries","floor":10.0,"turns":8.0},{"damage":17.0,"enemies":"Gremlin Gang","floor":12.0,"turns":6.0},{"damage":12.0,"enemies":"Lagavulin","floor":14.0,"turns":6.0},{"damage":53,"enemies":"The Guardian","floor":16,"turns":8}],"seed_played":"1600825752397141645","potions_obtained":[{"floor":2.0,"key":"Swift Potion"},{"floor":3.0,"key":"Fire Potion"},{"floor":5.0,"key":"BloodPotion"},{"floor":8.0,"key":"Poison Potion"},{"floor":12.0,"key":"Poison Potion"}],"is_trial":false,"path_per_floor":["M","M","M","?","M","R","M","E","T","E","R","M","R","E","R","B"],"character_chosen":"IRONCLAD","items_purchased":[],"campfire_rested":0,"item_purchase_floors":[],"current_hp_per_floor":[70,71,63,75,65,65,66,50,50,40,40,29,29,23,23,0],"gold":351,"neow_bonus":"ONE_RANDOM_RARE_CARD","is_prod":false,"is_daily":false,"chose_seed":false,"campfire_upgraded":2,"win_rate":0,"timestamp":1545154943,"path_taken":["M","M","?","?","?","R","M","E","T","E","R","M","R","E","R","BOSS"],"build_version":"2018-12-13","purchased_purges":0,"victory":false,"max_hp_per_floor":[75,75,75,75,75,75,75,75,75,75,75,75,75,75,75,75],"card_choices":[{"not_picked":["Combust","Evolve"],"picked":"Shrug It Off","floor":1.0},{"not_picked":["Pummel","Spot Weakness"],"picked":"Sever Soul","floor":2.0},{"not_picked":["Rupture","Armaments"],"picked":"Pommel Strike","floor":3.0},{"not_picked":["Shrug It Off","Heavy Blade"],"picked":"Twin Strike","floor":5.0},{"not_picked":["Flame Barrier","Warcry"],"picked":"Ghostly Armor","floor":7.0},{"not_picked":["Clothesline","Rage"],"picked":"Metallicize","floor":8.0},{"not_picked":["Anger","Rupture"],"picked":"Infernal Blade","floor":10.0},{"not_picked":["Perfected Strike","Warcry","Spot Weakness"],"picked":"SKIP","floor":12.0},{"not_picked":["Reaper","True Grit"],"picked":"Uppercut","floor":14.0}],"player_experience":903634,"relics_obtained":[{"floor":8.0,"key":"Juzu Bracelet"},{"floor":10.0,"key":"Shovel"},{"floor":11.0,"key":"Bag of Marbles"},{"floor":14.0,"key":"The Courier"}],"event_choices":[{"damage_healed":12.0,"max_hp_gain":0.0,"max_hp_loss":0.0,"gold_gain":0.0,"event_name":"Wheel of Change","player_choice":"Full Heal","floor":4.0,"gold_loss":0.0,"damage_taken":0.0}],"is_beta":false,"boss_relics":[],"items_purged_floors":[],"is_endless":false,"potions_floor_spawned":[2,3,5,8,12],"killed_by":"The Guardian","ascension_level":17}