{"gold_per_floor":[110,38,52,67,67,98,98,126,126,126,46,59,59,70,70,166,166,178,3,35,52,52,52,71,91,91,91,101,101,121,135,135,135],"floor_reached":33,"playtime":2427,"items_purged":[],"score":249,"play_id":"21407b3b-61a3-4f38-a3ac-786155650a9b","local_time":"20181214072945","is_ascension_mode":false,"campfire_choices":[{"data":"Dagger Spray","floor":7,"key":"SMITH"},{"data":"Survivor","floor":10,"key":"SMITH"},{"floor":13,"key":"RECALL"},{"floor":15,"key":"REST"},{"floor":23,"key":"REST"},{"floor":27,"key":"REST"},{"floor":29,"key":"REST"},{"floor":32,"key":"REST"}],"neow_cost":"NONE","seed_source_timestamp":606437125420153,"circlet_count":0,"master_deck":["Defend_G","Defend_G","Defend_G","Defend_G","Defend_G","Strike_G","Strike_G","Strike_G","Strike_G","Strike_G","Survivor+1","Neutralize","Infinite Blades","Accuracy","Dagger Spray+1","Caltrops","Dodge and Roll","Infinite Blades","A Thousand Cuts","Cloak And Dagger","Backflip","Prepared+1","Noxious Fumes"],"relics":["Ring of the Snake","Gambling Chip","Odd Mushroom","Gremlin Horn","Sozu","Strawberry","Red Mask"],"potions_floor_usage":[6,8,16],"damage_taken":[{"damage":1,"enemies":"Cultist","floor":1,"turns":5},{"damage":3,"enemies":"Small Slimes","floor":3,"turns":4},{"damage":0,"enemies":"Jaw Worm","floor":4,"turns":5},{"damage":45,"enemies":"Gremlin Nob","floor":6,"turns":5},{"damage":3,"enemies":"The Mushroom Lair","floor":8,"turns":4},{"damage":0,"enemies":"Blue Slaver","floor":12,"turns":4},{"damage":12,"enemies":"Lots of Slimes","floor":14,"turns":2},{"damage":59,"enemies":"The Guardian","floor":16,"turns":13},{"damage":17,"enemies":"Shell Parasite","floor":18,"turns":6},{"damage":38,"enemies":"Masked Bandits","floor":20,"turns":6},{"damage":8,"enemies":"2 Thieves","floor":21,"turns":4},{"damage":19,"enemies":"Cultist and Chosen","floor":24,"turns":8},{"damage":12,"enemies":"Shelled Parasite and Fungi","floor":25,"turns":6},{"damage":21,"enemies":"Centurion and Healer","floor":28,"turns":6},{"damage":16,"enemies":"Snake Plant","floor":30,"turns":7},{"damage":4,"enemies":"Shelled Parasite and Fungi","floor":31,"turns":7},{"damage":50,"enemies":"Collector","floor":33,"turns":9}],"seed_played":"-7109644901733595783","potions_obtained":[{"floor":1,"key":"Regen Potion"},{"floor":4,"key":"SpeedPotion"},{"floor":8,"key":"Poison Potion"},{"floor":12,"key":"Regen Potion"}],"is_trial":false,"path_per_floor":["M","$","M","M","$","E","R","?","T","R","$","M","R","M","R","B",null,"M","$","?","M","?","R","M","M","T","R","M","R","M","M","R","B"],"character_chosen":"THE_SILENT","items_purchased":["Accuracy","Infinite Blades","Backflip","Strawberry"],"campfire_rested":5,"item_purchase_floors":[2,11,19,19],"current_hp_per_floor":[76,76,73,73,73,37,37,34,34,34,34,34,34,22,45,1,77,60,67,29,21,21,46,27,15,15,40,19,44,28,24,49,0],"gold":135,"neow_bonus":"TEN_PERCENT_HP_BONUS","is_prod":false,"is_daily":false,"chose_seed":false,"campfire_upgraded":2,"win_rate":0,"timestamp":1544790585,"path_taken":["M","?","?","M","?","E","R","?","T","R","?","M","R","?","R","BOSS","M","?","?","M","?","R","?","?","T","R","M","R","M","M","R","BOSS"],"build_version":"2018-12-13","purchased_purges":0,"victory":false,"max_hp_per_floor":[77,77,77,77,77,77,77,77,77,77,77,77,77,77,77,77,77,77,84,84,84,84,84,84,84,84,84,84,84,84,84,84,84],"card_choices":[{"not_picked":["Well Laid Plans","Underhanded Strike"],"picked":"Infinite Blades","floor":1},{"not_picked":["Flying Knee","Poisoned Stab"],"picked":"Dagger Spray","floor":3},{"not_picked":["PiercingWail","Finisher"],"picked":"Caltrops","floor":4},{"not_picked":["Prepared","Bane"],"picked":"Dodge and Roll","floor":6},{"not_picked":["Quick Slash","Reflex","Backstab"],"picked":"SKIP","floor":12},{"not_picked":["Choke","Corpse Explosion","Slice"],"picked":"SKIP","floor":14},{"not_picked":["Grand Finale","Night Terror"],"picked":"A Thousand Cuts","floor":16},{"not_picked":["Dagger Throw","Prepared"],"picked":"Cloak And Dagger","floor":18},{"not_picked":["Poisoned Stab","Flying Knee+1"],"picked":"Prepared+1","floor":20},{"not_picked":["Outmaneuver","Prepared","Glass Knife"],"picked":"SKIP","floor":21},{"not_picked":["Deadly Poison","Dagger Spray+1"],"picked":"Noxious Fumes","floor":24},{"not_picked":["Tactician","Dagger Throw","Blade Dance"],"picked":"SKIP","floor":25},{"not_picked":["Deadly Poison+1","Flying Knee","Slice+1"],"picked":"SKIP","floor":28},{"not_picked":["Bane","Leg Sweep","Acrobatics"],"picked":"SKIP","floor":30},{"not_picked":["Poisoned Stab+1","Deadly Poison","Dash"],"picked":"SKIP","floor":31}],"player_experience":282226,"relics_obtained":[{"floor":6,"key":"Gambling Chip"},{"floor":8,"key":"Odd Mushroom"},{"floor":9,"key":"Gremlin Horn"},{"floor":20,"key":"Red Mask"}],"event_choices":[{"damage_healed":0,"gold_gain":0,"player_choice":"Fought Mushrooms","damage_taken":0,"max_hp_gain":0,"max_hp_loss":0,"event_name":"Mushrooms","floor":8,"gold_loss":0},{"damage_healed":0,"gold_gain":0,"player_choice":"Fought Bandits","damage_taken":0,"max_hp_gain":0,"max_hp_loss":0,"event_name":"Masked Bandits","floor":20,"gold_loss":0},{"damage_healed":0,"gold_gain":0,"player_choice":"Ignored","damage_taken":0,"max_hp_gain":0,"max_hp_loss":0,"event_name":"Ghosts","floor":22,"gold_loss":0}],"is_beta":false,"boss_relics":[{"not_picked":["Black Star","HoveringKite"],"picked":"Sozu"}],"items_purged_floors":[],"is_endless":false,"potions_floor_spawned":[1,4,8,12,21,25,28],"killed_by":"Collector","ascension_level":0}