{"gold_per_floor":[112,127,127,141,160,185,31,57,57,57,75,101,66,82,82,156,156,170,170,16,29,39,39,50,70,70,70,70,90,90,50,50,127,127,140,215,230,277,177,197,197,210,265,26,56,56,67,67,67,67],"floor_reached":51,"playtime":4867,"items_purged":["Strike_G","Strike_G"],"score":1071,"play_id":"2e317557-a47e-4073-a1db-667ef69658a2","local_time":"20190304000139","is_ascension_mode":true,"campfire_choices":[{"floor":10.0,"key":"REST"},{"floor":15.0,"key":"REST"},{"floor":23.0,"key":"REST"},{"data":"Neutralize","floor":28.0,"key":"SMITH"},{"floor":32.0,"key":"REST"},{"data":"1","floor":46.0,"key":"LIFT"},{"data":"2","floor":49,"key":"LIFT"}],"neow_cost":"NONE","seed_source_timestamp":0,"circlet_count":0,"master_deck":["AscendersBane","Defend_G+1","Defend_G","Defend_G","Defend_G","Survivor","Neutralize+1","Poisoned Stab","Blade Dance+1","Riddle With Holes+1","Flying Knee","Die Die Die","Infinite Blades","PiercingWail","Sucker Punch+1","Phantasmal Killer","Adrenaline+1","Skewer+1","Outmaneuver+1","Crippling Poison","Backstab","Backflip","Dash","Dodge and Roll+1","Endless Agony+1","Glass Knife","Noxious Fumes+1","Blade Dance+1","Cloak And Dagger+1","Heel Hook"],"special_seed":0,"relics":["Ring of the Snake","NeowsBlessing","War Paint","Vajra","Darkstone Periapt","Shuriken","Centennial Puzzle","Astrolabe","Paper Crane","WristBlade","Girya","Boot","Kunai","Lantern"],"potions_floor_usage":[50],"damage_taken":[{"damage":0.0,"enemies":"Small Slimes","floor":1.0,"turns":1.0},{"damage":0.0,"enemies":"Cultist","floor":2.0,"turns":1.0},{"damage":0.0,"enemies":"2 Louse","floor":4.0,"turns":1.0},{"damage":12.0,"enemies":"Looter","floor":5.0,"turns":3.0},{"damage":39.0,"enemies":"Lagavulin","floor":6.0,"turns":6.0},{"damage":4.0,"enemies":"3 Sentries","floor":8.0,"turns":6.0},{"damage":1.0,"enemies":"Red Slaver","floor":11.0,"turns":4.0},{"damage":11.0,"enemies":"Lagavulin","floor":12.0,"turns":5.0},{"damage":0.0,"enemies":"Blue Slaver","floor":14.0,"turns":2.0},{"damage":20.0,"enemies":"The Guardian","floor":16.0,"turns":9.0},{"damage":11.0,"enemies":"Spheric Guardian","floor":18.0,"turns":3.0},{"damage":22.0,"enemies":"2 Thieves","floor":21.0,"turns":2.0},{"damage":0.0,"enemies":"Sentry and Sphere","floor":22.0,"turns":4.0},{"damage":12.0,"enemies":"Snake Plant","floor":24.0,"turns":4.0},{"damage":5.0,"enemies":"Snecko","floor":25.0,"turns":3.0},{"damage":4.0,"enemies":"Cultist and Chosen","floor":29.0,"turns":3.0},{"damage":49.0,"enemies":"Automaton","floor":33.0,"turns":9.0},{"damage":7.0,"enemies":"3 Darklings","floor":35.0,"turns":3.0},{"damage":3.0,"enemies":"Orb Walker","floor":37.0,"turns":2.0},{"damage":27.0,"enemies":"2 Orb Walkers","floor":38.0,"turns":5.0},{"damage":5.0,"enemies":"Maw","floor":40.0,"turns":6.0},{"damage":6.0,"enemies":"3 Darklings","floor":42.0,"turns":6.0},{"damage":20.0,"enemies":"Nemesis","floor":45.0,"turns":5.0},{"damage":0.0,"enemies":"Sphere and 2 Shapes","floor":47.0,"turns":4.0},{"damage":60,"enemies":"Time Eater","floor":50,"turns":10}],"seed_played":"-3258327909234350676","potions_obtained":[{"floor":5.0,"key":"SteroidPotion"},{"floor":6.0,"key":"Dexterity Potion"},{"floor":11.0,"key":"Weak Potion"},{"floor":29.0,"key":"LiquidBronze"},{"floor":42.0,"key":"Swift Potion"}],"is_trial":false,"path_per_floor":["M","M","?","M","M","E","$","E","T","R","M","E","?","M","R","B",null,"M","?","$","M","M","R","M","M","T","?","R","M","?","?","R","B",null,"M","?","M","?","$","M","?","M","T","$","E","R","M","?","R","B",null],"character_chosen":"THE_SILENT","items_purchased":["Vajra","Crippling Poison","Kunai"],"campfire_rested":4,"item_purchase_floors":[7,20,44],"current_hp_per_floor":[63,63,63,63,51,12,12,8,8,29,28,17,34,34,55,35,61,50,50,50,28,28,49,37,32,32,55,55,51,38,38,60,11,59,52,45,42,15,15,10,66,60,60,60,40,40,40,66,66,6],"gold":67,"neow_bonus":"THREE_ENEMY_KILL","is_prod":false,"is_daily":false,"chose_seed":false,"campfire_upgraded":1,"win_rate":0,"timestamp":1551675699,"path_taken":["M","M","?","M","?","E","$","E","T","R","?","E","?","M","R","BOSS","M","?","$","M","M","R","?","M","T","?","R","M","?","?","R","BOSS","M","?","?","?","$","M","?","M","T","$","E","R","M","?","R","BOSS"],"build_version":"2019-01-23","purchased_purges":2,"victory":true,"max_hp_per_floor":[70,70,70,70,70,70,70,70,70,70,70,70,70,70,70,70,70,70,70,70,70,70,70,70,70,70,70,70,70,75,75,75,75,75,75,75,75,75,75,75,66,66,66,66,66,66,66,66,66,66],"card_choices":[{"not_picked":["Blade Dance","Slice"],"picked":"Poisoned Stab","floor":1.0},{"not_picked":["PiercingWail","Concentrate"],"picked":"Blade Dance","floor":2.0},{"not_picked":["Eviscerate","Slice"],"picked":"Riddle With Holes","floor":4.0},{"not_picked":["Choke","PiercingWail"],"picked":"Flying Knee","floor":5.0},{"not_picked":["Choke","Underhanded Strike"],"picked":"Die Die Die","floor":6.0},{"not_picked":["Quick Slash","Predator"],"picked":"Infinite Blades","floor":8.0},{"not_picked":["Deadly Poison","Concentrate"],"picked":"PiercingWail","floor":11.0},{"not_picked":["Skewer","Acrobatics","Dagger Throw"],"picked":"SKIP","floor":12.0},{"not_picked":["Dagger Throw","Flying Knee"],"picked":"Sucker Punch","floor":14.0},{"not_picked":["Bullet Time","Unload"],"picked":"Phantasmal Killer","floor":16.0},{"not_picked":["Bane","Catalyst"],"picked":"Outmaneuver+1","floor":18.0},{"not_picked":["Deadly Poison+1","PiercingWail"],"picked":"Backstab","floor":21.0},{"not_picked":["Dodge and Roll","Dagger Spray"],"picked":"Backflip","floor":22.0},{"not_picked":["Prepared","Underhanded Strike+1"],"picked":"Dash","floor":24.0},{"not_picked":["Calculated Gamble+1","Deadly Poison"],"picked":"Dodge and Roll+1","floor":25.0},{"not_picked":["Masterful Stab","Doppelganger"],"picked":"Endless Agony+1","floor":29.0},{"not_picked":["Burst","Venomology"],"picked":"Glass Knife","floor":33.0},{"not_picked":["Expertise","Deadly Poison"],"picked":"Noxious Fumes+1","floor":35.0},{"not_picked":["Backflip","Slice"],"picked":"Blade Dance+1","floor":37.0},{"not_picked":["Deadly Poison","Dagger Throw"],"picked":"Cloak And Dagger+1","floor":38.0},{"not_picked":["Outmaneuver","PiercingWail","Slice"],"picked":"SKIP","floor":40.0},{"not_picked":["Grand Finale","Bane","Skewer"],"picked":"SKIP","floor":42.0},{"not_picked":["Poisoned Stab","Dodge and Roll","Setup+1"],"picked":"SKIP","floor":45.0},{"not_picked":["Dash","Terror"],"picked":"Heel Hook","floor":47.0}],"player_experience":585805,"relics_obtained":[{"floor":6.0,"key":"War Paint"},{"floor":8.0,"key":"Darkstone Periapt"},{"floor":9.0,"key":"Shuriken"},{"floor":12.0,"key":"Centennial Puzzle"},{"floor":26.0,"key":"Paper Crane"},{"floor":38.0,"key":"Girya"},{"floor":43.0,"key":"Boot"},{"floor":45.0,"key":"Lantern"}],"event_choices":[{"cards_removed":["Strike_G"],"damage_healed":0.0,"max_hp_gain":0.0,"max_hp_loss":0.0,"gold_gain":0.0,"event_name":"Purifier","player_choice":"Purged","floor":3.0,"gold_loss":0.0,"damage_taken":0.0},{"damage_healed":17.0,"max_hp_gain":0.0,"max_hp_loss":0.0,"gold_gain":0.0,"event_name":"The Cleric","player_choice":"Healed","floor":13.0,"gold_loss":35.0,"damage_taken":0.0},{"damage_healed":0.0,"max_hp_gain":0.0,"max_hp_loss":0.0,"gold_gain":0.0,"event_name":"Accursed Blacksmith","player_choice":"Forge","floor":19.0,"gold_loss":0.0,"damage_taken":0.0,"cards_upgraded":["Riddle With Holes"]},{"damage_healed":23.0,"max_hp_gain":0.0,"max_hp_loss":0.0,"gold_gain":0.0,"event_name":"The Library","player_choice":"Heal","floor":27.0,"gold_loss":0.0,"damage_taken":0.0},{"damage_healed":0.0,"max_hp_gain":5.0,"max_hp_loss":0.0,"gold_gain":0.0,"event_name":"Forgotten Altar","player_choice":"Shed Blood","floor":30.0,"gold_loss":0.0,"damage_taken":18.0},{"damage_healed":0.0,"max_hp_gain":0.0,"max_hp_loss":0.0,"gold_gain":0.0,"event_name":"Designer","player_choice":"Upgrade","floor":31.0,"gold_loss":40.0,"damage_taken":0.0,"cards_upgraded":["Sucker Punch"]},{"damage_healed":0.0,"max_hp_gain":0.0,"max_hp_loss":0.0,"gold_gain":75.0,"event_name":"FaceTrader","player_choice":"Touch","floor":36.0,"gold_loss":0.0,"damage_taken":7.0},{"damage_healed":0.0,"max_hp_gain":0.0,"max_hp_loss":0.0,"gold_gain":0.0,"event_name":"Mysterious Sphere","player_choice":"Fight","floor":38.0,"gold_loss":0.0,"damage_taken":0.0},{"damage_healed":66.0,"max_hp_gain":0.0,"max_hp_loss":9.0,"gold_gain":0.0,"event_name":"The Moai Head","player_choice":"Heal","floor":41.0,"gold_loss":0.0,"damage_taken":0.0},{"cards_removed":["Catalyst"],"damage_healed":26,"gold_gain":0,"player_choice":"Offered Uncommon","damage_taken":0,"max_hp_gain":0,"max_hp_loss":0,"event_name":"Bonfire Elementals","floor":48,"gold_loss":0}],"is_beta":false,"boss_relics":[{"not_picked":["Cursed Key","Coffee Dripper"],"picked":"Astrolabe"},{"not_picked":["Black Star","Orrery"],"picked":"WristBlade"}],"items_purged_floors":[20,39],"is_endless":false,"potions_floor_spawned":[5,6,11,12,14,18,29,40,42,47],"ascension_level":13}