{"gold_per_floor":[113,113,113,125,136,136,166,241,320,270,284,300,81,65,65,167,167,184,84,103,115,125,125,50,65,88,88,104,131,145,75,75,176,176,186,186,186,196,243,243,162,162,208,208],"floor_reached":44,"playtime":2759,"items_purged":["Defend_R","Defend_R"],"score":480,"play_id":"d8670f37-8694-4cdf-9a74-5dfb717c0374","local_time":"20190114214515","is_ascension_mode":false,"campfire_choices":[{"data":"Armaments","floor":6,"key":"SMITH"},{"floor":15,"key":"REST"},{"data":"Barricade","floor":23,"key":"SMITH"},{"data":"Whirlwind","floor":32,"key":"SMITH"},{"data":"True Grit","floor":40,"key":"SMITH"},{"data":"Disarm","floor":42,"key":"SMITH"}],"neow_cost":"NONE","seed_source_timestamp":9487177882497,"circlet_count":0,"master_deck":["Bash","True Grit+1","Battle Trance","Seeing Red","Armaments+1","Infernal Blade","Shrug It Off","Disarm+1","Barricade+1","Whirlwind+1","Shrug It Off","Bite","Bite","Bite","Bite","Metallicize","Impervious","Entrench+1","Dropkick+1","Sadistic Nature+1","Madness","Madness","Metallicize"],"relics":["Burning Blood","NeowsBlessing","Dream Catcher","Pear","Ancient Tea Set","Coffee Dripper","Juzu Bracelet","Anchor","Astrolabe","Happy Flower","PreservedInsect"],"potions_floor_usage":[11],"damage_taken":[{"damage":0,"enemies":"2 Louse","floor":1,"turns":1},{"damage":0,"enemies":"Small Slimes","floor":4,"turns":1},{"damage":0,"enemies":"Jaw Worm","floor":5,"turns":1},{"damage":33,"enemies":"Gremlin Nob","floor":7,"turns":5},{"damage":8,"enemies":"Exordium Wildlife","floor":11,"turns":5},{"damage":0,"enemies":"3 Louse","floor":12,"turns":4},{"damage":3,"enemies":"Exordium Thugs","floor":14,"turns":4},{"damage":1,"enemies":"Slime Boss","floor":16,"turns":7},{"damage":13,"enemies":"2 Thieves","floor":18,"turns":4},{"damage":0,"enemies":"Shell Parasite","floor":20,"turns":7},{"damage":11,"enemies":"Shelled Parasite and Fungi","floor":21,"turns":9},{"damage":6,"enemies":"Chosen and Byrds","floor":22,"turns":7},{"damage":0,"enemies":"Cultist and Chosen","floor":25,"turns":8},{"damage":13,"enemies":"Snake Plant","floor":28,"turns":7},{"damage":0,"enemies":"Gremlin Leader","floor":29,"turns":7},{"damage":22,"enemies":"Sentry and Sphere","floor":30,"turns":9},{"damage":55,"enemies":"Automaton","floor":33,"turns":18},{"damage":9,"enemies":"3 Darklings","floor":35,"turns":6},{"damage":34,"enemies":"3 Shapes","floor":38,"turns":16},{"damage":89,"enemies":"Transient","floor":44,"turns":5}],"seed_played":"-4109978486204799812","potions_obtained":[{"floor":7,"key":"Regen Potion"},{"floor":11,"key":"Block Potion"},{"floor":12,"key":"Block Potion"},{"floor":16,"key":"Swift Potion"},{"floor":28,"key":"Fire Potion"},{"floor":29,"key":"Energy Potion"},{"floor":30,"key":"Energy Potion"}],"is_trial":false,"path_per_floor":["M","?","?","M","M","R","E","?","T","?","M","M","$","M","R","B",null,"M","$","M","M","M","R","?","M","T","?","M","E","M","$","R","B",null,"M","?","$","M","T","R","$","R","T","M"],"character_chosen":"IRONCLAD","items_purchased":["Ancient Tea Set","Metallicize","Metallicize"],"campfire_rested":1,"item_purchase_floors":[13,31,41],"current_hp_per_floor":[80,80,80,80,80,80,53,42,52,52,62,68,68,71,90,90,90,83,83,89,84,84,84,84,90,90,63,63,63,63,63,63,63,63,63,55,55,54,54,54,54,54,54,0],"gold":208,"neow_bonus":"THREE_ENEMY_KILL","is_prod":false,"is_daily":false,"chose_seed":false,"campfire_upgraded":5,"win_rate":0,"timestamp":1547520315,"path_taken":["M","?","?","M","M","R","E","?","T","?","?","M","$","M","R","BOSS","M","$","M","M","M","R","?","M","T","?","M","E","M","$","R","BOSS","M","?","$","M","?","R","$","R","T","M"],"build_version":"2019-01-10","purchased_purges":2,"victory":false,"max_hp_per_floor":[80,80,80,80,80,80,80,80,90,90,90,90,90,90,90,90,90,90,90,90,90,90,90,90,90,90,63,63,63,63,63,63,63,63,63,63,63,63,63,63,63,63,63,63],"card_choices":[{"not_picked":["Thunderclap","Spot Weakness"],"picked":"True Grit","floor":1},{"not_picked":["Rupture","Thunderclap"],"picked":"Seeing Red","floor":4},{"not_picked":["Heavy Blade","Havoc"],"picked":"Armaments","floor":5},{"not_picked":["Dual Wield","Armaments","Flex"],"picked":"SKIP","floor":7},{"not_picked":["Armaments","Heavy Blade"],"picked":"Infernal Blade","floor":11},{"not_picked":["Warcry","Bludgeon"],"picked":"Shrug It Off","floor":12},{"not_picked":["Combust","Clothesline","Warcry"],"picked":"SKIP","floor":14},{"not_picked":["Headbutt","Searing Blow"],"picked":"Disarm","floor":15},{"not_picked":["Bludgeon","Dark Embrace"],"picked":"Barricade","floor":16},{"not_picked":["Infernal Blade","Dual Wield","Bloodletting+1"],"picked":"SKIP","floor":18},{"not_picked":["Combust","Power Through"],"picked":"Whirlwind","floor":20},{"not_picked":["Sentinel","Perfected Strike"],"picked":"Shrug It Off","floor":21},{"not_picked":["Clothesline","Flex","Offering"],"picked":"SKIP","floor":22},{"not_picked":["Perfected Strike","Sword Boomerang","Searing Blow"],"picked":"SKIP","floor":25},{"not_picked":["True Grit","Feel No Pain","Spot Weakness"],"picked":"SKIP","floor":28},{"not_picked":["Flex","Thunderclap+1","Cleave+1"],"picked":"SKIP","floor":29},{"not_picked":["Sever Soul","Infernal Blade","Cleave"],"picked":"SKIP","floor":30},{"not_picked":["Brutality","Juggernaut"],"picked":"Impervious","floor":33},{"not_picked":["Clothesline","Warcry+1","Pummel+1"],"picked":"SKIP","floor":35},{"not_picked":["Power Through","Warcry+1","Fire Breathing"],"picked":"SKIP","floor":38}],"player_experience":327156,"relics_obtained":[{"floor":7,"key":"Dream Catcher"},{"floor":9,"key":"Pear"},{"floor":26,"key":"Juzu Bracelet"},{"floor":29,"key":"Anchor"},{"floor":39,"key":"Happy Flower"},{"floor":43,"key":"PreservedInsect"}],"event_choices":[{"damage_healed":0,"gold_gain":0,"player_choice":"Ignored","damage_taken":0,"max_hp_gain":0,"max_hp_loss":0,"event_name":"Liars Game","floor":2,"gold_loss":0},{"damage_healed":0,"gold_gain":0,"cards_transformed":["Strike_R"],"player_choice":"Change","damage_taken":0,"max_hp_gain":0,"max_hp_loss":0,"event_name":"Living Wall","floor":3,"gold_loss":0,"cards_obtained":["Battle Trance"]},{"damage_healed":0,"gold_gain":75,"player_choice":"Gather Gold","damage_taken":11,"max_hp_gain":0,"max_hp_loss":0,"event_name":"World of Goop","floor":8,"gold_loss":0},{"cards_removed":["Strike_R"],"damage_healed":0,"gold_gain":0,"player_choice":"Card Removal","damage_taken":0,"max_hp_gain":0,"max_hp_loss":0,"event_name":"The Cleric","floor":10,"gold_loss":50},{"cards_removed":["Strike_R"],"damage_healed":0,"gold_gain":0,"player_choice":"Gave Gold","damage_taken":0,"max_hp_gain":0,"max_hp_loss":0,"event_name":"Beggar","floor":24,"gold_loss":75},{"damage_healed":0,"gold_gain":0,"player_choice":"Became a vampire","damage_taken":0,"max_hp_gain":0,"max_hp_loss":27,"event_name":"Vampires","floor":27,"gold_loss":0,"cards_obtained":["Bite","Bite","Bite","Bite","Bite"]},{"damage_healed":0,"gold_gain":0,"player_choice":"Embrace Madness","damage_taken":8,"max_hp_gain":0,"max_hp_loss":0,"event_name":"Winding Halls","floor":36,"gold_loss":0,"cards_obtained":["Madness","Madness"]}],"is_beta":false,"boss_relics":[{"not_picked":["Snecko Eye","Fusion Hammer"],"picked":"Coffee Dripper"},{"not_picked":["Orrery","Runic Dome"],"picked":"Astrolabe"}],"items_purged_floors":[13,19],"is_endless":false,"potions_floor_spawned":[7,11,12,16,20,28,29,30,35],"killed_by":"Transient","ascension_level":0}