{"gold_per_floor":[110,129,129,129,153,153,167,167,167,215,240,217,229],"floor_reached":13,"playtime":918,"items_purged":[],"score":132,"play_id":"d9e7a8a0-f603-44d8-9d00-36bc4850c423","local_time":"20190219205757","is_ascension_mode":true,"campfire_choices":[{"data":"Sucker Punch","floor":6.0,"key":"SMITH"},{"floor":8.0,"key":"REST"}],"neow_cost":"NONE","seed_source_timestamp":430882155588671,"circlet_count":0,"master_deck":["AscendersBane","Defend_G","Defend_G","Defend_G","Defend_G","Defend_G","Strike_G","Strike_G","Strike_G","Strike_G","Strike_G","Survivor","Neutralize+1","Outmaneuver","Sucker Punch+1","Slice","Well Laid Plans","Dagger Spray"],"special_seed":0,"relics":["Ring of the Snake","NeowsBlessing","Golden Idol","MawBank","Blue Candle"],"potions_floor_usage":[11],"damage_taken":[{"damage":0.0,"enemies":"Cultist","floor":1.0,"turns":1.0},{"damage":0.0,"enemies":"2 Louse","floor":2.0,"turns":1.0},{"damage":0.0,"enemies":"Small Slimes","floor":5.0,"turns":1.0},{"damage":11.0,"enemies":"Blue Slaver","floor":7.0,"turns":4.0},{"damage":35.0,"enemies":"3 Sentries","floor":10.0,"turns":12.0},{"damage":0,"enemies":"Gremlin Gang","floor":11,"turns":4},{"damage":50,"enemies":"Lagavulin","floor":13,"turns":8}],"seed_played":"5474674401202059074","potions_obtained":[{"floor":7.0,"key":"Fire Potion"}],"is_trial":false,"path_per_floor":["M","M","?","?","M","R","M","R","T","E","M","?","E"],"character_chosen":"THE_SILENT","items_purchased":[],"campfire_rested":1,"item_purchase_floors":[],"current_hp_per_floor":[63,63,46,46,46,46,35,56,56,21,21,38,0],"gold":229,"neow_bonus":"THREE_ENEMY_KILL","is_prod":false,"is_daily":false,"chose_seed":false,"campfire_upgraded":1,"win_rate":0,"timestamp":1550627877,"path_taken":["M","?","?","?","M","R","M","R","T","E","?","?","E"],"build_version":"2019-01-23","purchased_purges":0,"victory":false,"max_hp_per_floor":[70,70,70,70,70,70,70,70,70,70,70,70,70],"card_choices":[{"not_picked":["Prepared","Tactician"],"picked":"Outmaneuver","floor":1.0},{"not_picked":["PiercingWail","Outmaneuver"],"picked":"Sucker Punch","floor":2.0},{"not_picked":["Prepared","Tactician"],"picked":"Slice","floor":5.0},{"not_picked":["Quick Slash","Dodge and Roll"],"picked":"Well Laid Plans","floor":7.0},{"not_picked":["Bane","Burst","Quick Slash"],"picked":"SKIP","floor":10.0},{"not_picked":["Flying Knee","All Out Attack"],"picked":"Dagger Spray","floor":11}],"player_experience":515482,"relics_obtained":[{"floor":9.0,"key":"MawBank"},{"floor":10.0,"key":"Blue Candle"}],"event_choices":[{"damage_healed":0.0,"max_hp_gain":0.0,"max_hp_loss":0.0,"gold_gain":0.0,"event_name":"Golden Idol","player_choice":"Take Damage","floor":3.0,"gold_loss":0.0,"damage_taken":17.0,"relics_obtained":["Golden Idol"]},{"damage_healed":0.0,"max_hp_gain":0.0,"max_hp_loss":0.0,"gold_gain":0.0,"event_name":"Accursed Blacksmith","player_choice":"Forge","floor":4.0,"gold_loss":0.0,"damage_taken":0.0,"cards_upgraded":["Neutralize"]},{"damage_healed":17,"gold_gain":0,"player_choice":"Healed","damage_taken":0,"max_hp_gain":0,"max_hp_loss":0,"event_name":"The Cleric","floor":12,"gold_loss":35}],"is_beta":false,"boss_relics":[],"items_purged_floors":[],"is_endless":false,"potions_floor_spawned":[7],"killed_by":"Lagavulin","ascension_level":11}