{"gold_per_floor":[109,122,197,197,212,242,242,257,257,283,283,310,310,323,323,323],"floor_reached":16,"playtime":899,"items_purged":[],"score":120,"play_id":"bc45503b-447f-4853-a0dd-6d4ad6af1cd3","local_time":"20190216220833","is_ascension_mode":false,"campfire_choices":[{"data":"Clothesline","floor":7,"key":"SMITH"},{"floor":11,"key":"REST"},{"floor":15,"key":"REST"}],"neow_cost":"NONE","seed_source_timestamp":105846520770940,"circlet_count":0,"master_deck":["Strike_R","Strike_R","Strike_R","Strike_R","Strike_R","Defend_R","Defend_R","Defend_R","Defend_R","Bash","Sword Boomerang+1","Shrug It Off","Clothesline+1","Twin Strike","Carnage","Spot Weakness","Pummel","Limit Break"],"relics":["Runic Dome","Potion Belt","Bottled Lightning","Champion Belt","Anchor"],"potions_floor_usage":[6,10,16],"damage_taken":[{"damage":0,"enemies":"2 Louse","floor":1,"turns":2},{"damage":3,"enemies":"Jaw Worm","floor":2,"turns":3},{"damage":10,"enemies":"Small Slimes","floor":5,"turns":2},{"damage":10,"enemies":"Gremlin Nob","floor":6,"turns":3},{"damage":9,"enemies":"2 Fungi Beasts","floor":8,"turns":2},{"damage":16,"enemies":"3 Sentries","floor":10,"turns":6},{"damage":26,"enemies":"Lagavulin","floor":12,"turns":6},{"damage":0,"enemies":"3 Louse","floor":14,"turns":2},{"damage":62,"enemies":"Slime Boss","floor":16,"turns":11}],"seed_played":"1137096473412785311","potions_obtained":[{"floor":1,"key":"Fire Potion"},{"floor":2,"key":"SpeedPotion"},{"floor":8,"key":"Regen Potion"},{"floor":14,"key":"SneckoOil"}],"is_trial":false,"path_per_floor":["?","?","?"],"character_chosen":"IRONCLAD","items_purchased":[],"campfire_rested":2,"item_purchase_floors":[],"current_hp_per_floor":[80,77,66,66,56,46,46,37,37,35,59,33,33,33,57,0],"gold":323,"neow_bonus":"BOSS_RELIC","is_prod":false,"is_daily":false,"chose_seed":false,"campfire_upgraded":1,"win_rate":0.0,"timestamp":1550380113,"path_taken":["M","M","?","?","M","E","R","M","T","E","R","E","?","M","R","BOSS"],"build_version":"2019-01-23","purchased_purges":0,"victory":false,"max_hp_per_floor":[80,80,80,80,80,80,80,80,80,80,80,80,80,80,80,80],"card_choices":[{"not_picked":["Corruption","Second Wind"],"picked":"Sword Boomerang","floor":1},{"not_picked":["Heavy Blade","Cleave"],"picked":"Shrug It Off","floor":2},{"not_picked":["Shrug It Off","True Grit"],"picked":"Clothesline","floor":5},{"not_picked":["Corruption","Anger"],"picked":"Twin Strike","floor":6},{"not_picked":["Sword Boomerang","Flex"],"picked":"Carnage","floor":8},{"not_picked":["Shockwave","Ghostly Armor"],"picked":"Spot Weakness","floor":10},{"not_picked":["Heavy Blade","Anger"],"picked":"Pummel","floor":12},{"not_picked":["True Grit","Sword Boomerang"],"picked":"Limit Break","floor":14}],"player_experience":10233,"relics_obtained":[{"floor":6,"key":"Potion Belt"},{"floor":9,"key":"Bottled Lightning"},{"floor":10,"key":"Champion Belt"},{"floor":12,"key":"Anchor"}],"event_choices":[{"damage_healed":0,"gold_gain":75,"player_choice":"Gather Gold","damage_taken":11,"max_hp_gain":0,"max_hp_loss":0,"event_name":"World of Goop","floor":3,"gold_loss":0},{"damage_healed":0,"gold_gain":0,"player_choice":"Grow","damage_taken":0,"max_hp_gain":0,"max_hp_loss":0,"event_name":"Living Wall","floor":4,"gold_loss":0,"cards_upgraded":["Sword Boomerang"]},{"damage_healed":0,"gold_gain":0,"player_choice":"Ignored","damage_taken":0,"max_hp_gain":0,"max_hp_loss":0,"event_name":"Liars Game","floor":13,"gold_loss":0}],"is_beta":false,"boss_relics":[],"items_purged_floors":[],"is_endless":false,"potions_floor_spawned":[1,2,8,14],"killed_by":"Slime Boss","ascension_level":0}