{"gold_per_floor":[116,41,53,68,68,68,102,102,128,141,171,183,183],"floor_reached":13,"playtime":338,"items_purged":["Strike_G"],"score":100,"play_id":"83685885-279d-4307-a311-b935c241c7a7","local_time":"20190219222703","is_ascension_mode":true,"campfire_choices":[{"data":"Noxious Fumes","floor":6.0,"key":"SMITH"},{"data":"Deadly Poison","floor":8,"key":"SMITH"}],"neow_cost":"PERCENT_DAMAGE","seed_source_timestamp":353628062994461,"circlet_count":0,"master_deck":["Defend_G","Defend_G","Defend_G","Defend_G","Defend_G","Strike_G+1","Strike_G","Strike_G","Strike_G","Survivor","Neutralize","Deadly Poison+1","Deadly Poison+1","Noxious Fumes+1","Prepared"],"special_seed":0,"relics":["Ring of the Snake","Turnip","Regal Pillow","Bronze Scales","Ninja Scroll"],"potions_floor_usage":[7,12,13],"damage_taken":[{"damage":0.0,"enemies":"Jaw Worm","floor":1.0,"turns":5.0},{"damage":0.0,"enemies":"Small Slimes","floor":3.0,"turns":3.0},{"damage":0.0,"enemies":"2 Louse","floor":4.0,"turns":3.0},{"damage":25,"enemies":"Lagavulin","floor":7,"turns":6},{"damage":5,"enemies":"Looter","floor":10,"turns":3},{"damage":19,"enemies":"3 Sentries","floor":11,"turns":7},{"damage":0,"enemies":"2 Fungi Beasts","floor":12,"turns":2},{"damage":18,"enemies":"Lagavulin","floor":13,"turns":3}],"seed_played":"-9019113066074129966","potions_obtained":[{"floor":3.0,"key":"FearPotion"},{"floor":4.0,"key":"Regen Potion"},{"floor":7,"key":"Poison Potion"}],"is_trial":false,"path_per_floor":["M","$","M","M","?","R","E","R","T","M","E","M","E"],"character_chosen":"THE_SILENT","items_purchased":[],"campfire_rested":0,"item_purchase_floors":[],"current_hp_per_floor":[49,49,49,49,35,35,25,25,25,20,1,1,0],"gold":183,"neow_bonus":"ONE_RARE_RELIC","is_prod":false,"is_daily":false,"chose_seed":false,"campfire_upgraded":2,"win_rate":0,"timestamp":1550611623,"path_taken":["M","$","M","M","?","R","E","R","T","M","E","M","E"],"build_version":"2019-01-23","purchased_purges":1,"victory":false,"max_hp_per_floor":[70,70,70,70,70,70,70,70,70,70,70,70,70],"card_choices":[{"not_picked":["Backflip","Expertise"],"picked":"Deadly Poison","floor":1.0},{"not_picked":["Crippling Poison","Quick Slash"],"picked":"Deadly Poison","floor":3.0},{"not_picked":["Slice","Blade Dance"],"picked":"Noxious Fumes","floor":4.0},{"not_picked":["Dagger Throw","Deflect","Unload"],"picked":"SKIP","floor":7},{"not_picked":["Quick Slash","Predator"],"picked":"Prepared","floor":10},{"not_picked":["Bane","Crippling Poison","Reflex"],"picked":"SKIP","floor":11},{"not_picked":["Flying Knee","Endless Agony","Predator"],"picked":"SKIP","floor":12}],"player_experience":1118623,"relics_obtained":[{"floor":7,"key":"Regal Pillow"},{"floor":9,"key":"Bronze Scales"},{"floor":11,"key":"Ninja Scroll"}],"event_choices":[{"damage_healed":0.0,"max_hp_gain":0.0,"max_hp_loss":0.0,"gold_gain":0.0,"event_name":"Shining Light","player_choice":"Entered Light","floor":5.0,"gold_loss":0.0,"damage_taken":14.0,"cards_upgraded":["Deadly Poison","Strike_G"]}],"is_beta":false,"boss_relics":[],"items_purged_floors":[2],"is_endless":false,"potions_floor_spawned":[3,4,7],"killed_by":"Lagavulin","ascension_level":1}