{"gold_per_floor":[111,111,111,111,124,124,152,152,203,221,221,234,67,123,123,226,226,240,253,253,253,263,296,296,119,146,146,158,185,204,223,223,320,320,332,342,355,181,199,228,228,328,353,353,366,366,366,384,384,384],"floor_reached":51,"playtime":1865,"items_purged":["Strike_G","Defend_G","Defend_G"],"score":917,"play_id":"fa92e13a-acb9-4192-a474-c119c75169e9","local_time":"20190219215257","is_ascension_mode":true,"campfire_choices":[{"data":"Skewer","floor":6.0,"key":"SMITH"},{"data":"Infinite Blades","floor":8.0,"key":"SMITH"},{"data":"Storm of Steel","floor":11.0,"key":"SMITH"},{"data":"Masterful Stab","floor":15.0,"key":"SMITH"},{"data":"Adrenaline","floor":24.0,"key":"SMITH"},{"data":"Finisher","floor":27.0,"key":"SMITH"},{"data":"Storm of Steel","floor":32.0,"key":"SMITH"},{"data":"Terror","floor":41,"key":"SMITH"},{"data":"Finisher","floor":46,"key":"SMITH"},{"data":"Endless Agony","floor":49,"key":"SMITH"}],"neow_cost":"CURSE","seed_source_timestamp":349827147069128,"circlet_count":0,"master_deck":["Defend_G+1","Strike_G","Strike_G","Strike_G","Strike_G","Survivor","Neutralize","Infinite Blades+1","Skewer+1","Storm of Steel+1","Terror+1","Flash of Steel","Masterful Stab+1","Adrenaline+1","Masterful Stab+1","Cloak And Dagger+1","Finisher+1","Storm of Steel+1","Tactician+1","Escape Plan+1","Endless Agony+1","Madness","Madness","Finisher+1"],"special_seed":0,"relics":["Ring of the Snake","Dead Branch","Lantern","Singing Bowl","Orichalcum","Tiny Chest","Philosopher\u0027s Stone","MutagenicStrength","Omamori","Tough Bandages","Ancient Tea Set","Bronze Scales","Empty Cage","Gambling Chip","Tingsha","War Paint","PreservedInsect"],"potions_floor_usage":[37,37,50,50],"damage_taken":[{"damage":2.0,"enemies":"Jaw Worm","floor":1.0,"turns":4.0},{"damage":0.0,"enemies":"Small Slimes","floor":5.0,"turns":3.0},{"damage":26.0,"enemies":"Lagavulin","floor":7.0,"turns":6.0},{"damage":0.0,"enemies":"Cultist","floor":10.0,"turns":2.0},{"damage":0.0,"enemies":"3 Louse","floor":12.0,"turns":4.0},{"damage":0.0,"enemies":"Gremlin Nob","floor":14.0,"turns":2.0},{"damage":9.0,"enemies":"The Guardian","floor":16.0,"turns":8.0},{"damage":0.0,"enemies":"Shell Parasite","floor":18.0,"turns":3.0},{"damage":5.0,"enemies":"Spheric Guardian","floor":19.0,"turns":3.0},{"damage":0.0,"enemies":"Snake Plant","floor":22.0,"turns":2.0},{"damage":0.0,"enemies":"Gremlin Leader","floor":23.0,"turns":3.0},{"damage":0.0,"enemies":"Chosen and Byrds","floor":28.0,"turns":2.0},{"damage":3.0,"enemies":"Book of Stabbing","floor":29.0,"turns":3.0},{"damage":0.0,"enemies":"Cultist and Chosen","floor":30.0,"turns":2.0},{"damage":0.0,"enemies":"Centurion and Healer","floor":31.0,"turns":3.0},{"damage":25.0,"enemies":"Collector","floor":33.0,"turns":8.0},{"damage":0.0,"enemies":"3 Shapes","floor":35.0,"turns":2.0},{"damage":0.0,"enemies":"3 Darklings","floor":36.0,"turns":4.0},{"damage":0,"enemies":"Transient","floor":37,"turns":5},{"damage":0,"enemies":"Writhing Mass","floor":39,"turns":2},{"damage":22,"enemies":"Nemesis","floor":40,"turns":3},{"damage":0,"enemies":"Mind Bloom Boss Battle","floor":42,"turns":2},{"damage":0,"enemies":"Jaw Worm Horde","floor":45,"turns":1},{"damage":0,"enemies":"3 Darklings","floor":48,"turns":1},{"damage":0,"enemies":"Donu and Deca","floor":50,"turns":4}],"seed_played":"4584283879173104046","potions_obtained":[{"floor":5.0,"key":"LiquidBronze"},{"floor":7.0,"key":"SkillPotion"},{"floor":10.0,"key":"LiquidBronze"},{"floor":14.0,"key":"Block Potion"},{"floor":19.0,"key":"PowerPotion"},{"floor":22.0,"key":"PowerPotion"},{"floor":28.0,"key":"Block Potion"},{"floor":36.0,"key":"PowerPotion"},{"floor":42,"key":"GhostInAJar"}],"is_trial":false,"path_per_floor":["M","?","?","?","M","R","E","R","T","M","R","M","$","E","R","B",null,"M","M","?","?","M","E","R","$","T","R","M","E","M","M","R","B",null,"M","M","M","$","M","E","R","?","T","?","M","R","T","M","R","B",null],"character_chosen":"THE_SILENT","items_purchased":["Flash of Steel","Finisher","AttackPotion"],"campfire_rested":0,"item_purchase_floors":[13,25,38],"current_hp_per_floor":[68,65,70,70,70,70,44,44,44,44,44,46,46,46,46,37,77,79,74,74,74,76,76,76,76,76,76,78,77,77,79,79,56,89,89,91,93,93,93,71,71,73,73,61,61,61,61,63,63,63],"gold":384,"neow_bonus":"ONE_RARE_RELIC","is_prod":false,"is_daily":false,"chose_seed":false,"campfire_upgraded":10,"win_rate":0,"timestamp":1550609577,"path_taken":["M","?","?","?","M","R","E","R","T","?","R","M","$","E","R","BOSS","M","M","?","?","?","E","R","$","T","R","M","E","M","M","R","BOSS","M","M","M","$","M","E","R","?","T","?","M","R","?","M","R","BOSS"],"build_version":"2019-01-23","purchased_purges":3,"victory":true,"max_hp_per_floor":[70,70,75,75,75,75,75,75,75,75,75,77,77,77,77,77,77,79,79,79,79,81,81,81,81,81,81,83,85,85,87,87,89,89,89,91,93,93,93,93,93,95,95,95,95,95,95,97,97,97],"card_choices":[{"not_picked":["Poisoned Stab","Deadly Poison"],"picked":"Infinite Blades","floor":1.0},{"not_picked":["Sucker Punch","Predator"],"picked":"Skewer","floor":5.0},{"not_picked":["Dagger Spray","Glass Knife"],"picked":"Storm of Steel","floor":7.0},{"not_picked":["Tactician","Backflip"],"picked":"Terror","floor":10.0},{"not_picked":["Dodge and Roll","Prepared","Expertise"],"picked":"Singing Bowl","floor":12.0},{"not_picked":["Outmaneuver","Crippling Poison"],"picked":"Masterful Stab","floor":14.0},{"not_picked":["Burst","Phantasmal Killer"],"picked":"Adrenaline","floor":16.0},{"not_picked":["Outmaneuver","Underhanded Strike+1","Blur+1"],"picked":"Singing Bowl","floor":18.0},{"not_picked":["Bane","Caltrops"],"picked":"Masterful Stab+1","floor":19.0},{"not_picked":["Riddle With Holes","Deadly Poison","All Out Attack+1"],"picked":"Singing Bowl","floor":22.0},{"not_picked":["Accuracy+1","Flying Knee"],"picked":"Cloak And Dagger+1","floor":23.0},{"not_picked":["Dash","Deadly Poison+1","Reflex"],"picked":"Singing Bowl","floor":28.0},{"not_picked":["Deadly Poison+1","PiercingWail","Backflip"],"picked":"Singing Bowl","floor":29.0},{"not_picked":["Reflex","Outmaneuver"],"picked":"Storm of Steel","floor":30.0},{"not_picked":["Setup+1","Blur","Quick Slash"],"picked":"Singing Bowl","floor":31.0},{"not_picked":["Venomology","Bullet Time","Night Terror"],"picked":"Singing Bowl","floor":33.0},{"not_picked":["PiercingWail","Underhanded Strike+1"],"picked":"Tactician+1","floor":35.0},{"not_picked":["Dagger Spray","Outmaneuver","Leg Sweep+1"],"picked":"Singing Bowl","floor":36.0},{"not_picked":["Leg Sweep+1","Acrobatics+1","Quick Slash+1"],"picked":"Singing Bowl","floor":37},{"not_picked":["Deflect+1","Backflip+1"],"picked":"Escape Plan","floor":39},{"not_picked":["Masterful Stab","Bane+1"],"picked":"Endless Agony","floor":40},{"not_picked":["Infinite Blades","All Out Attack","Sucker Punch"],"picked":"Singing Bowl","floor":42},{"not_picked":["Caltrops+1","Dagger Spray+1"],"picked":"Finisher","floor":45},{"not_picked":["Poisoned Stab+1","Venomology","Calculated Gamble+1"],"picked":"Singing Bowl","floor":48}],"player_experience":1115173,"relics_obtained":[{"floor":7.0,"key":"Singing Bowl"},{"floor":9.0,"key":"Orichalcum"},{"floor":14.0,"key":"Tiny Chest"},{"floor":23.0,"key":"Tough Bandages"},{"floor":26.0,"key":"Ancient Tea Set"},{"floor":29.0,"key":"Bronze Scales"},{"floor":40,"key":"Gambling Chip"},{"floor":42,"key":"Tingsha"},{"floor":43,"key":"War Paint"},{"floor":47,"key":"PreservedInsect"}],"event_choices":[{"damage_healed":0.0,"max_hp_gain":0.0,"max_hp_loss":0.0,"gold_gain":0.0,"event_name":"Scrap Ooze","player_choice":"Success","floor":2.0,"gold_loss":0.0,"damage_taken":3.0,"relics_obtained":["Lantern"]},{"damage_healed":0.0,"max_hp_gain":5.0,"max_hp_loss":0.0,"gold_gain":0.0,"event_name":"Big Fish","player_choice":"Donut","floor":3.0,"gold_loss":0.0,"damage_taken":0.0},{"cards_removed":["Injury"],"damage_healed":0.0,"max_hp_gain":0.0,"max_hp_loss":0.0,"gold_gain":0.0,"event_name":"Purifier","player_choice":"Purged","floor":4.0,"gold_loss":0.0,"damage_taken":0.0},{"damage_healed":0.0,"max_hp_gain":0.0,"max_hp_loss":0.0,"gold_gain":0.0,"event_name":"Drug Dealer","player_choice":"Inject Mutagens","floor":20.0,"gold_loss":0.0,"damage_taken":0.0,"relics_obtained":["MutagenicStrength"]},{"damage_healed":0.0,"max_hp_gain":0.0,"max_hp_loss":0.0,"gold_gain":0.0,"event_name":"The Mausoleum","player_choice":"Opened","floor":21.0,"gold_loss":0.0,"damage_taken":0.0,"relics_obtained":["Omamori"]},{"damage_healed":0,"gold_gain":0,"player_choice":"Fight","damage_taken":0,"max_hp_gain":0,"max_hp_loss":0,"event_name":"MindBloom","floor":42,"gold_loss":0},{"damage_healed":0,"gold_gain":0,"player_choice":"Embrace Madness","damage_taken":12,"max_hp_gain":0,"max_hp_loss":0,"event_name":"Winding Halls","floor":44,"gold_loss":0,"cards_obtained":["Madness","Madness"]}],"is_beta":false,"boss_relics":[{"not_picked":["Runic Dome","Ectoplasm"],"picked":"Philosopher\u0027s Stone"},{"not_picked":["Fusion Hammer","Runic Pyramid"],"picked":"Empty Cage"}],"items_purged_floors":[13,25,38],"is_endless":false,"potions_floor_spawned":[5,7,10,14,19,22,28,36,42],"ascension_level":1}