{"gold_per_floor":[110,110,110,130,142,142,155,155,155,190,240,240,268,283,283,357,357,376,376,389,409,425,425,458,458,481,481,493,507,534,562,562,562],"floor_reached":33,"playtime":1274,"items_purged":[],"score":535,"play_id":"47464234-1b25-4092-9173-c73d31826d89","local_time":"20181119110206","is_ascension_mode":true,"campfire_choices":[{"data":"Wild Strike","floor":6.0,"key":"SMITH"},{"data":"Flex","floor":8.0,"key":"SMITH"},{"data":"Headbutt","floor":12.0,"key":"SMITH"},{"data":"Bash","floor":15.0,"key":"SMITH"},{"floor":23.0,"key":"REST"},{"data":"Havoc","floor":25.0,"key":"SMITH"},{"floor":27.0,"key":"REST"},{"data":"Double Tap","floor":32.0,"key":"SMITH"}],"neow_cost":"TEN_PERCENT_HP_LOSS","seed_source_timestamp":0,"circlet_count":0,"master_deck":["AscendersBane","Strike_R","Strike_R","Strike_R+1","Strike_R","Strike_R+1","Defend_R","Defend_R","Defend_R","Defend_R","Bash+1","Deep Breath+1","Trip","Battle Trance","Wild Strike+1","Headbutt+1","Flex+1","Warcry","Double Tap+1","Armaments+1","Havoc+1","Rage+1","Havoc","Spot Weakness+1","Clash"],"special_seed":0,"relics":["Burning Blood","Gremlin Horn","Letter Opener","Regal Pillow","Sozu","Anchor","Bag of Preparation","Red Mask","Mummified Hand"],"potions_floor_usage":[],"damage_taken":[{"damage":9.0,"enemies":"Jaw Worm","floor":1.0,"turns":4.0},{"damage":0.0,"enemies":"Small Slimes","floor":4.0,"turns":3.0},{"damage":0.0,"enemies":"Cultist","floor":5.0,"turns":2.0},{"damage":9.0,"enemies":"Red Slaver","floor":7.0,"turns":3.0},{"damage":20.0,"enemies":"Lagavulin","floor":10.0,"turns":4.0},{"damage":15.0,"enemies":"3 Sentries","floor":13.0,"turns":5.0},{"damage":7.0,"enemies":"2 Fungi Beasts","floor":14.0,"turns":2.0},{"damage":29.0,"enemies":"The Guardian","floor":16.0,"turns":8.0},{"damage":6.0,"enemies":"3 Byrds","floor":18.0,"turns":3.0},{"damage":0.0,"enemies":"Spheric Guardian","floor":20.0,"turns":3.0},{"damage":13.0,"enemies":"Centurion and Healer","floor":21.0,"turns":4.0},{"damage":27.0,"enemies":"Snecko","floor":22.0,"turns":4.0},{"damage":33.0,"enemies":"Slavers","floor":24.0,"turns":4.0},{"damage":0.0,"enemies":"Sentry and Sphere","floor":28.0,"turns":3.0},{"damage":7.0,"enemies":"3 Cultists","floor":29.0,"turns":4.0},{"damage":0.0,"enemies":"Masked Bandits","floor":30.0,"turns":3.0},{"damage":20.0,"enemies":"Book of Stabbing","floor":31.0,"turns":4.0},{"damage":70,"enemies":"Champ","floor":33,"turns":8}],"seed_played":"5112498913051547117","potions_obtained":[{"floor":4.0,"key":"BloodPotion"},{"floor":7.0,"key":"Strength Potion"},{"floor":10.0,"key":"Strength Potion"},{"floor":16.0,"key":"Strength Potion"}],"is_trial":false,"path_per_floor":["M","?","?","M","M","R","M","R","T","E","?","R","E","M","R","B",null,"M","?","M","M","M","R","E","R","T","R","M","M","?","E","R","B"],"character_chosen":"IRONCLAD","items_purchased":[],"campfire_rested":2,"item_purchase_floors":[],"current_hp_per_floor":[65,65,45,51,57,57,60,60,60,46,40,40,31,30,30,7,53,53,43,49,42,21,56,29,29,29,64,68,67,68,54,54,0],"gold":562,"neow_bonus":"RANDOM_COLORLESS_2","is_prod":false,"is_daily":false,"chose_seed":false,"campfire_upgraded":6,"win_rate":0,"timestamp":1542621726,"path_taken":["M","?","?","M","M","R","M","R","T","E","?","R","E","M","R","BOSS","M","?","?","M","M","R","E","R","T","R","M","M","?","E","R","BOSS"],"build_version":"2018-11-15","purchased_purges":0,"victory":false,"max_hp_per_floor":[68,68,68,68,68,68,68,68,68,68,68,68,68,68,68,68,68,68,68,68,68,68,68,68,68,68,68,68,68,68,68,68,68],"card_choices":[{"not_picked":["True Grit","Headbutt"],"picked":"Battle Trance","floor":1.0},{"not_picked":["Blood for Blood","Power Through"],"picked":"Wild Strike","floor":4.0},{"not_picked":["Sword Boomerang","Armaments"],"picked":"Headbutt","floor":5.0},{"not_picked":["Entrench","Shockwave"],"picked":"Flex","floor":7.0},{"not_picked":["Combust","Heavy Blade","Corruption"],"picked":"SKIP","floor":10.0},{"not_picked":["Bloodletting","Sever Soul"],"picked":"Warcry","floor":13.0},{"not_picked":["Thunderclap","Sword Boomerang","Cleave"],"picked":"SKIP","floor":14.0},{"not_picked":["Limit Break","Bludgeon"],"picked":"Double Tap","floor":16.0},{"not_picked":["Sever Soul+1","Perfected Strike"],"picked":"Armaments+1","floor":18.0},{"not_picked":["Body Slam","Clothesline","Fire Breathing"],"picked":"SKIP","floor":20.0},{"not_picked":["Shockwave","Iron Wave"],"picked":"Havoc","floor":21.0},{"not_picked":["Dual Wield","True Grit","Wild Strike"],"picked":"SKIP","floor":22.0},{"not_picked":["Evolve","True Grit"],"picked":"Rage+1","floor":24.0},{"not_picked":["Sentinel","Body Slam"],"picked":"Havoc","floor":28.0},{"not_picked":["Burning Pact","Clothesline"],"picked":"Spot Weakness+1","floor":29.0},{"not_picked":["Limit Break","Seeing Red"],"picked":"Clash","floor":31.0}],"player_experience":871174,"relics_obtained":[{"floor":9.0,"key":"Gremlin Horn"},{"floor":10.0,"key":"Letter Opener"},{"floor":13.0,"key":"Regal Pillow"},{"floor":24.0,"key":"Anchor"},{"floor":26.0,"key":"Bag of Preparation"},{"floor":30.0,"key":"Red Mask"},{"floor":31.0,"key":"Mummified Hand"}],"event_choices":[{"damage_healed":0.0,"max_hp_gain":0.0,"max_hp_loss":0.0,"gold_gain":0.0,"event_name":"Living Wall","player_choice":"Grow","floor":2.0,"gold_loss":0.0,"damage_taken":0.0,"cards_upgraded":["Deep Breath"]},{"damage_healed":0.0,"max_hp_gain":0.0,"max_hp_loss":0.0,"gold_gain":0.0,"event_name":"Shining Light","player_choice":"Entered Light","floor":3.0,"gold_loss":0.0,"damage_taken":20.0,"cards_upgraded":["Strike_R","Strike_R"]},{"damage_healed":0.0,"max_hp_gain":0.0,"max_hp_loss":0.0,"gold_gain":50.0,"event_name":"FaceTrader","player_choice":"Touch","floor":11.0,"gold_loss":0.0,"damage_taken":6.0},{"damage_healed":0.0,"max_hp_gain":0.0,"max_hp_loss":0.0,"gold_gain":0.0,"event_name":"Wheel of Change","player_choice":"Damaged","floor":19.0,"gold_loss":0.0,"damage_taken":10.0},{"damage_healed":0.0,"max_hp_gain":0.0,"max_hp_loss":0.0,"gold_gain":0.0,"event_name":"Masked Bandits","player_choice":"Fought Bandits","floor":30.0,"gold_loss":0.0,"damage_taken":0.0}],"is_beta":false,"boss_relics":[{"not_picked":["Black Star","Black Blood"],"picked":"Sozu"}],"items_purged_floors":[],"is_endless":false,"potions_floor_spawned":[4,7,10,16,18,29,31],"killed_by":"Champ","ascension_level":16}