{"gold_per_floor":[118,118,146,158,188,200,230,242,300,190,190,90,101,135,135,230,280,300,300,500,515,530,530,543,189,243,243,693,707,217,229,229,229],"floor_reached":33,"playtime":1462,"items_purged":["Strike_R","Strike_R","Strike_R","Strike_R"],"score":272,"play_id":"2b4388be-78f4-456d-a3d3-00899a93b490","local_time":"20190108093825","is_ascension_mode":false,"campfire_choices":[{"data":"Seeing Red","floor":6,"key":"SMITH"},{"data":"Pommel Strike","floor":8,"key":"SMITH"},{"data":"True Grit","floor":15,"key":"SMITH"},{"data":"Metallicize","floor":23,"key":"SMITH"},{"data":"Whirlwind","floor":27,"key":"SMITH"},{"data":"Metallicize","floor":32,"key":"SMITH"}],"neow_cost":"NONE","seed_source_timestamp":106685868415804,"circlet_count":0,"master_deck":["Strike_R","Defend_R","Defend_R","Defend_R","Defend_R","Bash+1","Seeing Red+1","Pommel Strike+1","True Grit+1","Body Slam+1","Shockwave+1","Metallicize+1","Battle Trance+1","Metallicize+1","Whirlwind+1","Dropkick"],"relics":["Burning Blood","NeowsBlessing","MawBank","Boot","Blood Vial","Tiny House","Juzu Bracelet","PreservedInsect","Happy Flower","ClockworkSouvenir"],"potions_floor_usage":[14,24,29,33],"damage_taken":[{"damage":0,"enemies":"2 Louse","floor":1,"turns":1},{"damage":0,"enemies":"Cultist","floor":3,"turns":1},{"damage":0,"enemies":"Jaw Worm","floor":5,"turns":1},{"damage":7,"enemies":"Exordium Wildlife","floor":7,"turns":4},{"damage":4,"enemies":"Large Slime","floor":13,"turns":5},{"damage":14,"enemies":"Lagavulin","floor":14,"turns":6},{"damage":61,"enemies":"The Guardian","floor":16,"turns":13},{"damage":28,"enemies":"Spheric Guardian","floor":18,"turns":6},{"damage":6,"enemies":"Chosen","floor":21,"turns":4},{"damage":12,"enemies":"Snake Plant","floor":22,"turns":5},{"damage":8,"enemies":"3 Cultists","floor":24,"turns":7},{"damage":0,"enemies":"Centurion and Healer","floor":29,"turns":4},{"damage":0,"enemies":"Snecko","floor":31,"turns":5},{"damage":45,"enemies":"Champ","floor":33,"turns":10}],"seed_played":"-4861653165931027750","potions_obtained":[{"floor":1,"key":"Poison Potion"},{"floor":3,"key":"PowerPotion"},{"floor":7,"key":"AttackPotion"},{"floor":17,"key":"Strength Potion"},{"floor":22,"key":"LiquidBronze"}],"is_trial":false,"path_per_floor":["M","?","M","?","M","R","M","R","T","$","?","$","M","E","R","B",null,"M","?","?","M","M","R","M","$","T","R","?","M","$","M","R","B"],"character_chosen":"IRONCLAD","items_purchased":["True Grit","Whirlwind","Juzu Bracelet","Happy Flower","ClockworkSouvenir"],"campfire_rested":0,"item_purchase_floors":[10,25,25,30,30],"current_hp_per_floor":[80,73,79,79,80,80,79,79,79,79,84,84,85,77,77,24,90,68,68,68,70,66,66,66,66,66,66,12,20,20,28,28,0],"gold":229,"neow_bonus":"THREE_ENEMY_KILL","is_prod":false,"is_daily":false,"chose_seed":false,"campfire_upgraded":6,"win_rate":0,"timestamp":1546969105,"path_taken":["M","?","M","?","?","R","M","R","T","$","?","$","M","E","R","BOSS","M","?","?","M","?","R","M","$","T","R","?","M","$","M","R","BOSS"],"build_version":"2019-01-03v4","purchased_purges":4,"victory":false,"max_hp_per_floor":[80,80,80,80,80,80,80,80,80,80,85,85,85,85,85,85,90,90,90,90,90,90,90,90,90,90,90,90,90,90,90,90,90],"card_choices":[{"not_picked":["Seeing Red","Headbutt","Anger"],"picked":"SKIP","floor":1},{"not_picked":["Headbutt","Anger"],"picked":"Seeing Red","floor":1},{"not_picked":["Cleave","Warcry"],"picked":"Pommel Strike","floor":3},{"not_picked":["Infernal Blade","Blood for Blood","Second Wind"],"picked":"SKIP","floor":5},{"not_picked":["Heavy Blade","Infernal Blade","Cleave"],"picked":"SKIP","floor":7},{"not_picked":["Heavy Blade","Infernal Blade","Cleave"],"picked":"SKIP","floor":7},{"not_picked":["Spot Weakness","Perfected Strike","Cleave"],"picked":"SKIP","floor":13},{"not_picked":["Perfected Strike","Power Through"],"picked":"Body Slam","floor":14},{"not_picked":["Headbutt","Armaments"],"picked":"Shockwave+1","floor":18},{"not_picked":["Heavy Blade","Pummel+1"],"picked":"Battle Trance+1","floor":21},{"not_picked":["Warcry+1","Pummel","Evolve"],"picked":"SKIP","floor":22},{"not_picked":["Uppercut","Evolve"],"picked":"Metallicize","floor":24},{"not_picked":["Warcry+1","Flex"],"picked":"Dropkick","floor":29},{"not_picked":["Bloodletting","Wild Strike","Spot Weakness+1"],"picked":"SKIP","floor":31}],"player_experience":317916,"relics_obtained":[{"floor":9,"key":"Boot"},{"floor":14,"key":"Blood Vial"},{"floor":26,"key":"PreservedInsect"}],"event_choices":[{"damage_healed":0,"gold_gain":0,"player_choice":"Success","damage_taken":7,"relics_obtained":["MawBank"],"max_hp_gain":0,"max_hp_loss":0,"event_name":"Scrap Ooze","floor":2,"gold_loss":0},{"damage_healed":0,"gold_gain":0,"player_choice":"Upgraded","damage_taken":0,"max_hp_gain":0,"max_hp_loss":0,"event_name":"Upgrade Shrine","floor":4,"gold_loss":0,"cards_upgraded":["Bash"]},{"damage_healed":0,"gold_gain":0,"player_choice":"Donut","damage_taken":0,"max_hp_gain":5,"max_hp_loss":0,"event_name":"Big Fish","floor":11,"gold_loss":0},{"damage_healed":0,"gold_gain":0,"player_choice":"Read","damage_taken":0,"max_hp_gain":0,"max_hp_loss":0,"event_name":"The Library","floor":19,"gold_loss":0,"cards_obtained":["Metallicize"]},{"damage_healed":0,"gold_gain":200,"player_choice":"Gold","damage_taken":0,"max_hp_gain":0,"max_hp_loss":0,"event_name":"Wheel of Change","floor":20,"gold_loss":0},{"damage_healed":0,"gold_gain":450,"player_choice":"GOLD GOLD GOLD GOLD GOLD ","damage_taken":54,"max_hp_gain":0,"max_hp_loss":0,"event_name":"Knowing Skull","floor":28,"potions_obtained":[],"gold_loss":0,"cards_obtained":[]}],"is_beta":false,"boss_relics":[{"not_picked":["Calling Bell","Sozu"],"picked":"Tiny House"}],"items_purged_floors":[10,12,25,30],"is_endless":false,"potions_floor_spawned":[1,3,7,22],"killed_by":"Champ","ascension_level":0}