{"gold_per_floor":[111,123,123,38,55,55,74,87,135,135,135,165,180,192,192,269,269,281,295,295,295,55,55,55,73,73,73],"floor_reached":27,"playtime":938,"items_purged":[],"score":409,"play_id":"17cea957-3b08-45d4-89b9-be290a714a95","local_time":"20181012013724","is_ascension_mode":true,"campfire_choices":[{"data":"Zap","floor":6.0,"key":"SMITH"},{"data":"Sunder","floor":10.0,"key":"SMITH"},{"data":"Chaos","floor":15.0,"key":"SMITH"},{"data":"Dualcast","floor":23.0,"key":"SMITH"}],"neow_cost":"TEN_PERCENT_HP_LOSS","seed_source_timestamp":30701617185544,"circlet_count":0,"master_deck":["Strike_B","Strike_B","Strike_B","Defend_B","Defend_B","Defend_B","Defend_B","Zap+1","Dualcast+1","AscendersBane","Sweeping Beam","Sunder+1","FTL+1","Steam","All For One","Go for the Eyes","Chaos+1","Echo Form","Melter","Reinforced Body+1","Glacier"],"special_seed":0,"relics":["Cracked Core","Gambling Chip","CultistMask","Omamori","Sundial","Inserter","Toolbox","Regal Pillow"],"potions_floor_usage":[],"damage_taken":[{"damage":6.0,"enemies":"Jaw Worm","floor":1.0,"turns":5.0},{"damage":1.0,"enemies":"Cultist","floor":2.0,"turns":3.0},{"damage":2.0,"enemies":"2 Louse","floor":5.0,"turns":2.0},{"damage":14.0,"enemies":"Exordium Thugs","floor":7.0,"turns":4.0},{"damage":1.0,"enemies":"2 Fungi Beasts","floor":8.0,"turns":2.0},{"damage":29.0,"enemies":"Lagavulin","floor":12.0,"turns":4.0},{"damage":1.0,"enemies":"Exordium Wildlife","floor":13.0,"turns":3.0},{"damage":2.0,"enemies":"Gremlin Gang","floor":14.0,"turns":2.0},{"damage":3.0,"enemies":"The Guardian","floor":16.0,"turns":9.0},{"damage":16.0,"enemies":"Shell Parasite","floor":18.0,"turns":4.0},{"damage":31.0,"enemies":"2 Thieves","floor":19.0,"turns":4.0},{"damage":26,"enemies":"Cultist and Chosen","floor":25,"turns":6},{"damage":60,"enemies":"Slavers","floor":27,"turns":3}],"seed_played":"-4128511284523259980","potions_obtained":[{"floor":7.0,"key":"Strength Potion"},{"floor":8.0,"key":"Strength Potion"},{"floor":13.0,"key":"Explosive Potion"}],"is_trial":false,"path_per_floor":["M","M","?","$","M","R","M","M","T","R","?","E","M","M","R","B",null,"M","M","?","?","$","R","$","M","T"],"character_chosen":"DEFECT","items_purchased":["FTL","Toolbox"],"campfire_rested":0,"item_purchase_floors":[4,22],"current_hp_per_floor":[58,57,57,57,55,55,41,40,40,40,40,11,10,8,8,5,49,33,2,2,74,74,74,74,48,48,0],"gold":73,"neow_bonus":"ONE_RARE_RELIC","is_prod":false,"is_daily":false,"chose_seed":false,"campfire_upgraded":4,"win_rate":0,"timestamp":1539301044,"path_taken":["M","M","?","$","M","R","?","M","T","R","?","E","M","?","R","BOSS","M","?","?","?","$","R","?","M","T","E"],"build_version":"2018-10-04v2","purchased_purges":0,"victory":false,"max_hp_per_floor":[64,64,64,64,64,64,64,64,64,64,64,64,64,64,64,64,64,64,64,64,74,74,74,74,74,74,74],"card_choices":[{"not_picked":["Gash","Redo"],"picked":"Sweeping Beam","floor":1.0},{"not_picked":["Cold Snap","Auto Shields"],"picked":"Sunder","floor":2.0},{"not_picked":["Turbo","Darkness"],"picked":"Steam","floor":5.0},{"not_picked":["Static Discharge","Sweeping Beam","Leap"],"picked":"SKIP","floor":7.0},{"not_picked":["Leap","Reinforced Body","Streamline"],"picked":"SKIP","floor":8.0},{"not_picked":["Compile Driver","Sunder"],"picked":"Go for the Eyes","floor":12.0},{"not_picked":["Leap","Capacitor"],"picked":"Chaos","floor":13.0},{"not_picked":["Ball Lightning","Turbo"],"picked":"Echo Form","floor":14.0},{"not_picked":["Multi-Cast","Meteor Strike"],"picked":"Machine Learning","floor":16.0},{"not_picked":["Blizzard","Sweeping Beam"],"picked":"Melter","floor":18.0},{"not_picked":["Turbo","Coolheaded"],"picked":"Reinforced Body+1","floor":19.0},{"not_picked":["Undo","Steam"],"picked":"Glacier","floor":25}],"player_experience":822362,"relics_obtained":[{"floor":9.0,"key":"Omamori"},{"floor":12.0,"key":"Sundial"},{"floor":26,"key":"Regal Pillow"}],"event_choices":[{"event_name":"FaceTrader","player_choice":"Trade","floor":3.0,"damage_taken":0.0},{"event_name":"Transmorgrifier","player_choice":"Transform","floor":11.0,"damage_taken":0.0},{"event_name":"Upgrade Shrine","player_choice":"Upgraded","floor":20.0,"damage_taken":0.0},{"event_name":"Bonfire Elementals","player_choice":"RARE","floor":21.0,"damage_taken":0.0}],"is_beta":false,"boss_relics":[{"not_picked":["Philosopher\u0027s Stone","Tiny House"],"picked":"Inserter"}],"items_purged_floors":[],"is_endless":false,"potions_floor_spawned":[7,8,13],"killed_by":"Slavers","ascension_level":18}