{"gold_per_floor":[116,116,133,147,147,147,203,223,223,223,223],"floor_reached":11,"playtime":408,"items_purged":[],"score":146,"play_id":"757bc927-cbe3-449b-8b28-5c29f2706d61","local_time":"20181220151032","is_ascension_mode":true,"campfire_choices":[{"data":"Endless Agony","floor":6.0,"key":"SMITH"},{"floor":10.0,"key":"REST"}],"neow_cost":"NONE","seed_source_timestamp":0,"circlet_count":0,"master_deck":["AscendersBane","Defend_G","Defend_G","Defend_G","Defend_G","Defend_G","Strike_G","Strike_G","Strike_G","Strike_G","Strike_G","Survivor","Neutralize","Leg Sweep","Pain","Endless Agony+1","Deadly Poison"],"special_seed":0,"relics":["Sozu","WarpedTongs","Tiny Chest","Mummified Hand"],"potions_floor_usage":[],"damage_taken":[{"damage":0.0,"enemies":"Jaw Worm","floor":1.0,"turns":5.0},{"damage":4.0,"enemies":"Cultist","floor":3.0,"turns":5.0},{"damage":5.0,"enemies":"Small Slimes","floor":4.0,"turns":6.0},{"damage":34.0,"enemies":"Lagavulin","floor":7.0,"turns":12.0},{"damage":4.0,"enemies":"Exordium Wildlife","floor":8.0,"turns":6.0},{"damage":39,"enemies":"Gremlin Nob","floor":11,"turns":3}],"seed_played":"7375318514002093576","potions_obtained":[],"is_trial":false,"path_per_floor":["M","?","M","M","?","R","E","M","T","R","E"],"character_chosen":"THE_SILENT","items_purchased":[],"campfire_rested":1,"item_purchase_floors":[],"current_hp_per_floor":[59,59,55,50,55,55,21,17,17,38,0],"gold":223,"neow_bonus":"BOSS_RELIC","is_prod":false,"is_daily":false,"chose_seed":false,"campfire_upgraded":1,"win_rate":0,"timestamp":1545315032,"path_taken":["M","?","M","?","?","R","E","M","T","R","E"],"build_version":"2018-12-13","purchased_purges":0,"victory":false,"max_hp_per_floor":[66,66,66,66,71,71,71,71,71,71,71],"card_choices":[{"not_picked":["Blur","Tactician"],"picked":"Leg Sweep","floor":1.0},{"not_picked":["Acrobatics","Expertise","Underhanded Strike"],"picked":"SKIP","floor":3.0},{"not_picked":["Escape Plan","Flying Knee"],"picked":"Endless Agony","floor":4.0},{"not_picked":["Cloak And Dagger","Storm of Steel"],"picked":"Deadly Poison","floor":7.0},{"not_picked":["Sucker Punch","Bane","Setup"],"picked":"SKIP","floor":8.0}],"player_experience":905095,"relics_obtained":[{"floor":7.0,"key":"Tiny Chest"},{"floor":9.0,"key":"Mummified Hand"}],"event_choices":[{"damage_healed":0.0,"max_hp_gain":0.0,"max_hp_loss":0.0,"gold_gain":0.0,"event_name":"Accursed Blacksmith","player_choice":"Rummage","floor":2.0,"gold_loss":0.0,"damage_taken":0.0,"relics_obtained":["WarpedTongs"],"cards_obtained":["Pain"]},{"damage_healed":0.0,"max_hp_gain":5.0,"max_hp_loss":0.0,"gold_gain":0.0,"event_name":"Big Fish","player_choice":"Donut","floor":5.0,"gold_loss":0.0,"damage_taken":0.0}],"is_beta":false,"boss_relics":[],"items_purged_floors":[],"is_endless":false,"potions_floor_spawned":[1,3],"killed_by":"Gremlin Nob","ascension_level":20}