{"gold_per_floor":[112,136,136,136,146,146,165,175,175,350,350,350,367,442,442,542,542,557,570,584,600,600],"floor_reached":22,"playtime":1719,"items_purged":[],"score":178,"play_id":"e557dede-2dbf-4c09-b9c4-c77f27043c3f","local_time":"20181210224833","is_ascension_mode":false,"campfire_choices":[{"data":"Bash","floor":6,"key":"SMITH"},{"data":"True Grit","floor":12,"key":"SMITH"},{"floor":15,"key":"REST"}],"neow_cost":"NONE","seed_source_timestamp":383301965891595,"circlet_count":0,"master_deck":["Strike_R","Strike_R","Strike_R+1","Strike_R","Defend_R","Defend_R","Defend_R+1","Bash+1","Shrug It Off","Flame Barrier","Combust","True Grit+1","Doubt","Juggernaut","Body Slam+1"],"relics":["Runic Pyramid","Red Skull","Du-Vu Doll","Cursed Key"],"potions_floor_usage":[22,22,22],"damage_taken":[{"damage":1,"enemies":"Cultist","floor":1,"turns":3},{"damage":3,"enemies":"Small Slimes","floor":5,"turns":3},{"damage":0,"enemies":"Jaw Worm","floor":7,"turns":5},{"damage":9,"enemies":"Exordium Thugs","floor":8,"turns":5},{"damage":1,"enemies":"Large Slime","floor":13,"turns":8},{"damage":23,"enemies":"The Guardian","floor":16,"turns":14},{"damage":14,"enemies":"2 Thieves","floor":18,"turns":4},{"damage":0,"enemies":"Spheric Guardian","floor":19,"turns":5},{"damage":5,"enemies":"Snecko","floor":20,"turns":4},{"damage":12,"enemies":"Cultist and Chosen","floor":21,"turns":7},{"damage":15,"enemies":"Colosseum Slavers","floor":22,"turns":4},{"damage":42,"enemies":"Colosseum Nobs","floor":22,"turns":3}],"seed_played":"3511861205559378907","potions_obtained":[{"floor":5,"key":"SpeedPotion"},{"floor":7,"key":"Poison Potion"},{"floor":16,"key":"SteroidPotion"},{"floor":18,"key":"Swift Potion"}],"is_trial":false,"path_per_floor":["M","T","?","?","M","R","M","M","T","?","?","R","M","?","R","B",null,"M","M","M","M","?"],"character_chosen":"IRONCLAD","items_purchased":[],"campfire_rested":1,"item_purchase_floors":[],"current_hp_per_floor":[79,79,63,63,60,60,60,51,51,51,44,44,43,32,56,33,80,66,66,61,49,0],"gold":600,"neow_bonus":"BOSS_RELIC","is_prod":false,"is_daily":false,"chose_seed":false,"campfire_upgraded":2,"win_rate":0,"timestamp":1544500113,"path_taken":["M","?","?","?","M","R","M","?","T","?","?","R","M","?","R","BOSS","M","M","M","M","?"],"build_version":"2018-12-06","purchased_purges":0,"victory":false,"max_hp_per_floor":[80,80,80,80,80,80,80,80,80,80,80,80,80,80,80,80,80,80,80,80,80,80],"card_choices":[{"not_picked":["Combust","True Grit"],"picked":"Shrug It Off","floor":1},{"not_picked":["Rampage","Rupture","Flex"],"picked":"SKIP","floor":5},{"not_picked":["Cleave","Blood for Blood"],"picked":"Combust","floor":7},{"not_picked":["Twin Strike","Clothesline"],"picked":"True Grit","floor":8},{"not_picked":["Cleave","Perfected Strike","Wild Strike"],"picked":"SKIP","floor":13},{"not_picked":["Double Tap","Limit Break"],"picked":"Juggernaut","floor":16},{"not_picked":["Entrench","Battle Trance","Pommel Strike"],"picked":"SKIP","floor":18},{"not_picked":["Clash","Cleave+1","Anger"],"picked":"SKIP","floor":19},{"not_picked":["True Grit","Burning Pact"],"picked":"Body Slam+1","floor":20},{"not_picked":["Headbutt","Anger","Heavy Blade"],"picked":"SKIP","floor":21}],"player_experience":255905,"relics_obtained":[{"floor":2,"key":"Red Skull"},{"floor":9,"key":"Du-Vu Doll"}],"event_choices":[{"damage_healed":0,"gold_gain":0,"player_choice":"Entered Light","damage_taken":16,"max_hp_gain":0,"max_hp_loss":0,"event_name":"Shining Light","floor":3,"gold_loss":0,"cards_upgraded":["Defend_R","Strike_R"]},{"damage_healed":0,"gold_gain":0,"cards_transformed":["Strike_R"],"player_choice":"Transformed","damage_taken":0,"max_hp_gain":0,"max_hp_loss":0,"event_name":"Transmorgrifier","floor":4,"gold_loss":0,"cards_obtained":["Flame Barrier"]},{"damage_healed":0,"gold_gain":175,"player_choice":"AGREE","damage_taken":0,"max_hp_gain":0,"max_hp_loss":0,"event_name":"Liars Game","floor":10,"gold_loss":0,"cards_obtained":["Doubt"]},{"cards_removed":["Defend_R"],"damage_healed":0,"gold_gain":0,"player_choice":"Card Removal","damage_taken":7,"max_hp_gain":0,"max_hp_loss":0,"event_name":"Golden Wing","floor":11,"gold_loss":0},{"damage_healed":0,"gold_gain":75,"player_choice":"Gather Gold","damage_taken":11,"max_hp_gain":0,"max_hp_loss":0,"event_name":"World of Goop","floor":14,"gold_loss":0},{"damage_healed":0,"gold_gain":0,"player_choice":"Fight","damage_taken":0,"max_hp_gain":0,"max_hp_loss":0,"event_name":"Colosseum","floor":22,"gold_loss":0},{"damage_healed":0,"gold_gain":0,"player_choice":"Fought Nobs","damage_taken":0,"max_hp_gain":0,"max_hp_loss":0,"event_name":"Colosseum","floor":22,"gold_loss":0}],"is_beta":false,"boss_relics":[{"not_picked":["Empty Cage","Lizard Tail"],"picked":"Cursed Key"}],"items_purged_floors":[],"is_endless":false,"potions_floor_spawned":[5,7,16,18,20,22],"killed_by":"Colosseum Nobs","ascension_level":0}