{"gold_per_floor":[112,62,74,74,89,119,119,151,151,151,182,182,182,200,200,324,324,324,264,264,189,99,99,99,99,99,99,99,99,99,99,99,99,99,99,99,99,99,99,99,99,99,99,99,99,99,99,99],"floor_reached":48,"playtime":1903,"items_purged":["Strike_B"],"score":675,"play_id":"215885b0-2f2a-422c-981e-0fcdeb269915","local_time":"20190212160024","is_ascension_mode":true,"campfire_choices":[{"data":"Darkness","floor":7.0,"key":"SMITH"},{"data":"Zap","floor":10.0,"key":"SMITH"},{"data":"Dualcast","floor":15.0,"key":"SMITH"},{"data":"Glacier","floor":23.0,"key":"SMITH"},{"floor":30,"key":"RECALL"},{"data":"Defend_B","floor":32,"key":"SMITH"},{"floor":42,"key":"REST"},{"floor":44,"key":"REST"}],"neow_cost":"NONE","seed_source_timestamp":69026030611654,"circlet_count":0,"master_deck":["Defend_B","Defend_B","Defend_B","Defend_B+1","Zap+1","Dualcast+1","Darkness+1","Glacier+1","Multi-Cast+1","Buffer+1","Double Energy+1"],"special_seed":0,"relics":["Cracked Core","Singing Bowl","Frozen Egg 2","Toxic Egg 2","Bronze Scales","Golden Idol","Question Card","Ectoplasm","Ornamental Fan","Kunai","Ancient Tea Set","Molten Egg 2","Nuclear Battery","Letter Opener","Shuriken","The Courier"],"potions_floor_usage":[27,33,40,46],"damage_taken":[{"damage":0.0,"enemies":"2 Louse","floor":1.0,"turns":3.0},{"damage":5.0,"enemies":"Jaw Worm","floor":3.0,"turns":4.0},{"damage":1.0,"enemies":"Cultist","floor":5.0,"turns":3.0},{"damage":21.0,"enemies":"Lagavulin","floor":6.0,"turns":6.0},{"damage":16.0,"enemies":"Gremlin Nob","floor":8.0,"turns":4.0},{"damage":17.0,"enemies":"3 Sentries","floor":11.0,"turns":13.0},{"damage":0.0,"enemies":"Red Slaver","floor":14.0,"turns":3.0},{"damage":1.0,"enemies":"Hexaghost","floor":16.0,"turns":9.0},{"damage":0.0,"enemies":"Spheric Guardian","floor":18.0,"turns":3.0},{"damage":0.0,"enemies":"2 Thieves","floor":19.0,"turns":4.0},{"damage":4.0,"enemies":"Chosen and Byrds","floor":20.0,"turns":7.0},{"damage":0.0,"enemies":"Shelled Parasite and Fungi","floor":25.0,"turns":5.0},{"damage":0,"enemies":"Gremlin Leader","floor":27,"turns":7},{"damage":0,"enemies":"Snake Plant","floor":28,"turns":4},{"damage":7,"enemies":"Book of Stabbing","floor":29,"turns":4},{"damage":21,"enemies":"Slavers","floor":31,"turns":5},{"damage":8,"enemies":"Champ","floor":33,"turns":7},{"damage":3,"enemies":"3 Shapes","floor":35,"turns":3},{"damage":27,"enemies":"3 Darklings","floor":37,"turns":4},{"damage":0,"enemies":"4 Shapes","floor":38,"turns":7},{"damage":16,"enemies":"Giant Head","floor":40,"turns":8},{"damage":20,"enemies":"Jaw Worm Horde","floor":41,"turns":5},{"damage":0,"enemies":"Spire Growth","floor":45,"turns":3},{"damage":50,"enemies":"Reptomancer","floor":46,"turns":7},{"damage":38,"enemies":"Maw","floor":47,"turns":10},{"damage":29,"enemies":"2 Orb Walkers","floor":48,"turns":3}],"seed_played":"-5635426703800258391","potions_obtained":[{"floor":1.0,"key":"Dexterity Potion"},{"floor":5.0,"key":"Poison Potion"},{"floor":6.0,"key":"Explosive Potion"},{"floor":11.0,"key":"SneckoOil"},{"floor":16.0,"key":"Strength Potion"},{"floor":19.0,"key":"Swift Potion"},{"floor":20.0,"key":"Dexterity Potion"},{"floor":29,"key":"SpeedPotion"},{"floor":33,"key":"Explosive Potion"},{"floor":37,"key":"FocusPotion"},{"floor":38,"key":"Energy Potion"},{"floor":40,"key":"Explosive Potion"}],"is_trial":false,"path_per_floor":["M","?","M","$","M","E","R","E","T","R","E","?","T","M","R","B",null,"M","M","M","$","?","R","$","M","T","E","M","E","R","E","R","B",null,"M","T","M","M","?","E","M","R","T","R","M","E","M","?"],"character_chosen":"DEFECT","items_purchased":[],"campfire_rested":2,"item_purchase_floors":[],"current_hp_per_floor":[82,82,77,77,76,55,55,41,41,41,24,24,24,26,26,25,80,80,82,80,80,80,80,80,82,82,84,86,81,81,62,62,56,96,95,95,70,72,72,58,40,71,71,102,104,56,20,0],"gold":99,"neow_bonus":"TEN_PERCENT_HP_BONUS","is_prod":false,"is_daily":false,"chose_seed":false,"campfire_upgraded":5,"win_rate":0,"timestamp":1549983624,"path_taken":["M","?","M","$","M","E","R","E","T","R","E","?","?","M","R","BOSS","M","M","M","$","?","R","?","?","T","E","M","E","R","E","R","BOSS","M","?","M","M","?","E","?","R","T","R","M","E","M","?"],"build_version":"2019-01-23","purchased_purges":1,"victory":false,"max_hp_per_floor":[82,82,82,82,82,82,82,84,84,84,84,78,78,80,80,80,80,80,82,84,84,84,84,84,86,86,88,90,92,92,94,94,96,96,98,98,100,102,102,104,106,106,106,106,108,110,112,112],"card_choices":[{"not_picked":["Gash","Barrage"],"picked":"Darkness","floor":1.0},{"not_picked":["Beam Cell","Cold Snap","Tempest"],"picked":"SKIP","floor":3.0},{"not_picked":["Steam Power","Sweeping Beam","Rebound"],"picked":"SKIP","floor":5.0},{"not_picked":["Stack","Rebound"],"picked":"Glacier","floor":6.0},{"not_picked":["Doom and Gloom","Coolheaded","Ball Lightning"],"picked":"Singing Bowl","floor":8.0},{"not_picked":["Heatsinks+1","Go for the Eyes"],"picked":"Multi-Cast+1","floor":11.0},{"not_picked":["Ball Lightning","Hologram+1","Gash","Beam Cell"],"picked":"Singing Bowl","floor":14.0},{"not_picked":["Meteor Strike","Core Surge","Fission+1"],"picked":"Buffer+1","floor":16.0},{"not_picked":["Static Discharge+1","Sweeping Beam","Rebound"],"picked":"Double Energy+1","floor":18.0},{"not_picked":["Lockon","Go for the Eyes","Streamline","Static Discharge+1"],"picked":"Singing Bowl","floor":19.0},{"not_picked":["Ball Lightning","Gash","Conserve Battery+1","Redo+1"],"picked":"Singing Bowl","floor":20.0},{"not_picked":["Rebound","Barrage+1","Chill+1","BootSequence+1"],"picked":"Singing Bowl","floor":25.0},{"not_picked":["Gash","Reinforced Body+1","Consume+1","Conserve Battery+1"],"picked":"Singing Bowl","floor":27},{"not_picked":["Recycle+1","Streamline","Gash","Compile Driver+1"],"picked":"Singing Bowl","floor":28},{"not_picked":["Rainbow+1","Chaos+1","Turbo+1","Sweeping Beam+1"],"picked":"Singing Bowl","floor":29},{"not_picked":["Rainbow+1","Stack+1","White Noise+1","Static Discharge+1"],"picked":"Singing Bowl","floor":31},{"not_picked":["Thunder Strike+1","Seek+1","Hyperbeam+1","Electrodynamics+1"],"picked":"Singing Bowl","floor":33},{"not_picked":["Hello World+1","BootSequence+1","Steam+1","Stack+1"],"picked":"Singing Bowl","floor":35},{"not_picked":["Redo+1","Cold Snap+1","Turbo+1","Storm+1"],"picked":"Singing Bowl","floor":37},{"not_picked":["Stack+1","White Noise+1","Leap+1","Lockon+1"],"picked":"Singing Bowl","floor":38},{"not_picked":["Fusion+1","Electrodynamics+1","Rebound+1","Stack+1"],"picked":"Singing Bowl","floor":40},{"not_picked":["Compile Driver+1","Redo+1","Go for the Eyes+1","Leap+1"],"picked":"Singing Bowl","floor":41},{"not_picked":["Double Energy+1","Chaos+1","Turbo+1","Consume+1"],"picked":"Singing Bowl","floor":45},{"not_picked":["Barrage+1","Electrodynamics+1","Skim+1","Defragment+1"],"picked":"Singing Bowl","floor":46},{"not_picked":["Storm+1","Leap+1","Coolheaded+1","Ball Lightning+1"],"picked":"Singing Bowl","floor":47}],"player_experience":1058704,"relics_obtained":[{"floor":6.0,"key":"Singing Bowl"},{"floor":8.0,"key":"Frozen Egg 2"},{"floor":9.0,"key":"Toxic Egg 2"},{"floor":11.0,"key":"Bronze Scales"},{"floor":13.0,"key":"Question Card"},{"floor":26.0,"key":"Ornamental Fan"},{"floor":27,"key":"Kunai"},{"floor":29,"key":"Ancient Tea Set"},{"floor":31,"key":"Molten Egg 2"},{"floor":40,"key":"Letter Opener"},{"floor":43,"key":"Shuriken"},{"floor":46,"key":"The Courier"}],"event_choices":[{"cards_removed":["Strike_B"],"damage_healed":0.0,"max_hp_gain":0.0,"max_hp_loss":0.0,"gold_gain":0.0,"event_name":"The Cleric","player_choice":"Card Removal","floor":2.0,"gold_loss":50.0,"damage_taken":0.0},{"damage_healed":0.0,"max_hp_gain":0.0,"max_hp_loss":6.0,"gold_gain":0.0,"event_name":"Golden Idol","player_choice":"Lose Max HP","floor":12.0,"gold_loss":0.0,"damage_taken":0.0,"relics_obtained":["Golden Idol"]},{"cards_removed":["Strike_B"],"damage_healed":0.0,"max_hp_gain":0.0,"max_hp_loss":0.0,"gold_gain":0.0,"event_name":"Designer","player_choice":"Upgrade and Remove","floor":22.0,"gold_loss":90.0,"damage_taken":0.0,"cards_upgraded":["Strike_B"]},{"cards_removed":["Strike_B"],"damage_healed":0,"gold_gain":0,"player_choice":"Card Removal","damage_taken":0,"max_hp_gain":0,"max_hp_loss":0,"event_name":"Wheel of Change","floor":39,"gold_loss":0},{"damage_healed":0,"gold_gain":0,"player_choice":"Fight","damage_taken":0,"max_hp_gain":0,"max_hp_loss":0,"event_name":"Mysterious Sphere","floor":48,"gold_loss":0}],"is_beta":false,"boss_relics":[{"not_picked":["Snecko Eye","Calling Bell"],"picked":"Ectoplasm"},{"not_picked":["Velvet Choker","Orrery"],"picked":"Nuclear Battery"}],"items_purged_floors":[21],"is_endless":false,"potions_floor_spawned":[1,5,6,11,16,19,20,25,29,33,35,37,38,40],"killed_by":"2 Orb Walkers","ascension_level":1}