{"gold_per_floor":[109,122,137,117,129,160,172,172,172,172,13,13,13,23,23,97,97,108,126,143,158,158],"floor_reached":22,"playtime":987,"items_purged":["Strike_G"],"score":370,"play_id":"e78ade23-e33b-47ee-82fc-d0d7532e26ff","local_time":"20180925123141","is_ascension_mode":true,"campfire_choices":[{"data":"Wraith Form v2","floor":8,"key":"SMITH"},{"floor":10,"key":"REST"},{"data":"Deadly Poison","floor":15,"key":"SMITH"}],"neow_cost":"PERCENT_DAMAGE","seed_source_timestamp":315618483075720,"circlet_count":0,"master_deck":["Defend_G","Defend_G","Defend_G","Defend_G","Defend_G","Strike_G","Strike_G","Strike_G","Strike_G","Survivor","Neutralize","AscendersBane","Wraith Form v2+1","Deadly Poison+1","Backflip","Backstab","Bane","Infinite Blades","Dash","Deadly Poison","Adrenaline","PiercingWail"],"relics":["Ring of the Snake","Bronze Scales","Pear","Velvet Choker"],"potions_floor_usage":[7,12,16,18],"damage_taken":[{"damage":2,"enemies":"Jaw Worm","floor":1,"turns":5},{"damage":0,"enemies":"Cultist","floor":2,"turns":4},{"damage":4,"enemies":"2 Louse","floor":3,"turns":3},{"damage":3,"enemies":"Blue Slaver","floor":5,"turns":4},{"damage":26,"enemies":"3 Sentries","floor":6,"turns":9},{"damage":2,"enemies":"3 Louse","floor":7,"turns":3},{"damage":23,"enemies":"Gremlin Nob","floor":12,"turns":4},{"damage":2,"enemies":"Large Slime","floor":14,"turns":8},{"damage":8,"enemies":"Hexaghost","floor":16,"turns":8},{"damage":0,"enemies":"Spheric Guardian","floor":18,"turns":4},{"damage":2,"enemies":"Chosen","floor":19,"turns":6},{"damage":24,"enemies":"Snake Plant","floor":20,"turns":3},{"damage":5,"enemies":"Chosen and Byrds","floor":21,"turns":6},{"damage":34,"enemies":"Sentry and Sphere","floor":22,"turns":3}],"seed_played":"-2787856513970650568","potions_obtained":[{"floor":2,"key":"Weak Potion"},{"floor":4,"key":"SmokeBomb"},{"floor":14,"key":"SkillPotion"},{"floor":16,"key":"Poison Potion"},{"floor":18,"key":"Energy Potion"}],"is_trial":false,"path_per_floor":["M","M","M","?","M","E","M","R","T","R","$","E","$","M","R","B",null,"M","M","M","M"],"character_chosen":"THE_SILENT","items_purchased":["Dash"],"campfire_rested":1,"item_purchase_floors":[11],"current_hp_per_floor":[42,42,38,38,35,9,7,7,17,39,39,16,16,14,14,6,59,59,57,33,28,0],"gold":158,"neow_bonus":"THREE_RARE_CARDS","is_prod":false,"is_daily":false,"chose_seed":false,"campfire_upgraded":2,"win_rate":0,"timestamp":1537871501,"path_taken":["M","M","M","?","?","E","M","R","T","R","?","E","$","M","R","BOSS","M","M","M","M","M"],"build_version":"2018-09-20","purchased_purges":1,"victory":false,"max_hp_per_floor":[66,66,66,66,66,66,66,66,76,76,76,76,76,76,76,76,76,76,76,76,76,76],"card_choices":[{"not_picked":["Storm of Steel","Envenom"],"picked":"Wraith Form v2","floor":0},{"not_picked":["Bane","Flying Knee"],"picked":"Deadly Poison","floor":1},{"not_picked":["Slice","Flechettes"],"picked":"Backflip","floor":2},{"not_picked":["Well Laid Plans","Dagger Throw"],"picked":"Backstab","floor":3},{"not_picked":["Prepared","Footwork"],"picked":"Bane","floor":5},{"not_picked":["Accuracy","Outmaneuver"],"picked":"Infinite Blades","floor":6},{"not_picked":["Endless Agony","Choke","Deadly Poison"],"picked":"SKIP","floor":7},{"not_picked":["Outmaneuver","Prepared"],"picked":"Deadly Poison","floor":14},{"not_picked":["Phantasmal Killer","Glass Knife"],"picked":"Adrenaline","floor":16},{"not_picked":["Cloak And Dagger","Infinite Blades"],"picked":"PiercingWail","floor":18},{"not_picked":["Expertise","Calculated Gamble","Dodge and Roll"],"picked":"SKIP","floor":19},{"not_picked":["Dodge and Roll","Bane","Sucker Punch"],"picked":"SKIP","floor":20},{"not_picked":["Tactician","Riddle With Holes","Infinite Blades"],"picked":"SKIP","floor":21}],"player_experience":760039,"relics_obtained":[{"floor":6,"key":"Bronze Scales"},{"floor":9,"key":"Pear"}],"event_choices":[{"event_name":"The Woman in Blue","player_choice":"Bought 1 Potion","floor":4,"damage_taken":0}],"is_beta":false,"boss_relics":[{"not_picked":["Philosopher\u0027s Stone","Coffee Dripper"],"picked":"Velvet Choker"}],"items_purged_floors":[11],"is_endless":false,"potions_floor_spawned":[2,12,14,16,18],"killed_by":"Sentry and Sphere","ascension_level":17}