{"gold_per_floor":[119,44,44,119,119,119,144,144,192,225,238,248,309,329,329,405,405,424,443,23,23,41,41,73,73,73,73,92,92,92,92,92,164,164,180,196,196,216,230,264,264,281,307,333,344,54,54,88,88,88,88],"floor_reached":51,"playtime":2106,"items_purged":["Writhe"],"score":1721,"play_id":"65d07993-7a3d-49c8-ab52-0c0cb0435952","local_time":"20181207235123","is_ascension_mode":true,"campfire_choices":[{"data":"Dualcast","floor":6.0,"key":"SMITH"},{"data":"Chill","floor":8.0,"key":"SMITH"},{"data":"Defragment","floor":15.0,"key":"SMITH"},{"data":"Loop","floor":23.0,"key":"SMITH"},{"data":"Melter","floor":25.0,"key":"SMITH"},{"data":"Steam","floor":27.0,"key":"SMITH"},{"data":"Rainbow","floor":30.0,"key":"SMITH"},{"data":"Sweeping Beam","floor":32.0,"key":"SMITH"},{"floor":41.0,"key":"REST"},{"floor":47.0,"key":"REST"},{"floor":49.0,"key":"REST"}],"neow_cost":"NONE","seed_source_timestamp":17764763367362,"circlet_count":0,"master_deck":["AscendersBane","Strike_B+1","Strike_B","Strike_B","Defend_B","Defend_B","Defend_B","Defend_B","Zap+1","Dualcast+1","Scrape+1","Chill+1","Loop+1","Sweeping Beam+1","Melter+1","Rainbow+1","Defragment+1","Electrodynamics+1","Steam+1","Undo+1","Chill","Stack+1","Gash+1","Go for the Eyes+1","Seek+1","Chaos+1","Gash+1","Capacitor","Gash+1","BootSequence+1","Chaos+1","Gash+1","Go for the Eyes+1","Glacier+1"],"special_seed":0,"relics":["Cracked Core","NeowsBlessing","Letter Opener","Dream Catcher","Centennial Puzzle","Tiny Chest","Nuclear Battery","DataDisk","Vajra","Anchor","Bag of Preparation","Toxic Egg 2","Dodecahedron","PreservedInsect","Fusion Hammer","Bronze Scales","Oddly Smooth Stone","Whetstone","Lee\u0027s Waffle","Orichalcum"],"potions_floor_usage":[51],"damage_taken":[{"damage":0.0,"enemies":"Small Slimes","floor":1.0,"turns":1.0},{"damage":0.0,"enemies":"Lagavulin","floor":7.0,"turns":1.0},{"damage":0.0,"enemies":"3 Sentries","floor":10.0,"turns":1.0},{"damage":0.0,"enemies":"2 Louse","floor":11.0,"turns":2.0},{"damage":5.0,"enemies":"Jaw Worm","floor":12.0,"turns":2.0},{"damage":4.0,"enemies":"Gremlin Nob","floor":13.0,"turns":3.0},{"damage":0.0,"enemies":"Looter","floor":14.0,"turns":2.0},{"damage":0.0,"enemies":"The Guardian","floor":16.0,"turns":11.0},{"damage":12.0,"enemies":"3 Byrds","floor":18.0,"turns":4.0},{"damage":0.0,"enemies":"Spheric Guardian","floor":19.0,"turns":3.0},{"damage":0.0,"enemies":"Snake Plant","floor":22.0,"turns":3.0},{"damage":7.0,"enemies":"Gremlin Leader","floor":24.0,"turns":6.0},{"damage":6.0,"enemies":"Centurion and Healer","floor":28.0,"turns":3.0},{"damage":6.0,"enemies":"Collector","floor":33.0,"turns":12.0},{"damage":0.0,"enemies":"Orb Walker","floor":35.0,"turns":3.0},{"damage":0.0,"enemies":"3 Shapes","floor":36.0,"turns":4.0},{"damage":22.0,"enemies":"Maw","floor":38.0,"turns":7.0},{"damage":0.0,"enemies":"Sphere and 2 Shapes","floor":39.0,"turns":1.0},{"damage":30.0,"enemies":"Nemesis","floor":40.0,"turns":5.0},{"damage":0.0,"enemies":"4 Shapes","floor":42.0,"turns":3.0},{"damage":17.0,"enemies":"Giant Head","floor":44.0,"turns":7.0},{"damage":0.0,"enemies":"Jaw Worm Horde","floor":45.0,"turns":3.0},{"damage":0.0,"enemies":"Reptomancer","floor":48.0,"turns":4.0},{"damage":29.0,"enemies":"Awakened One","floor":50.0,"turns":11.0},{"damage":77,"enemies":"Donu and Deca","floor":51,"turns":12}],"seed_played":"7896008250642807475","potions_obtained":[{"floor":1.0,"key":"FocusPotion"},{"floor":11.0,"key":"SkillPotion"},{"floor":13.0,"key":"Block Potion"},{"floor":16.0,"key":"Dexterity Potion"},{"floor":18.0,"key":"Block Potion"},{"floor":33.0,"key":"FocusPotion"},{"floor":35.0,"key":"LiquidBronze"},{"floor":44.0,"key":"SpeedPotion"}],"is_trial":false,"path_per_floor":["M","?","?","?","?","R","E","R","T","E","M","M","E","M","R","B",null,"M","M","$","?","M","R","E","R","T","R","M","T","R","?","R","B",null,"M","M","?","M","M","E","R","M","T","E","M","$","R","E","R","B","B"],"character_chosen":"DEFECT","items_purchased":["DataDisk","Vajra","Chill","Lee\u0027s Waffle"],"campfire_rested":3,"item_purchase_floors":[20,20,20,46],"current_hp_per_floor":[64,64,64,53,32,32,32,32,32,32,32,27,23,23,23,23,59,47,47,47,47,47,47,40,40,40,40,34,34,34,34,34,28,60,60,60,60,38,38,8,29,29,29,12,12,78,78,78,78,49,0],"gold":88,"neow_bonus":"THREE_ENEMY_KILL","is_prod":false,"is_daily":false,"chose_seed":false,"campfire_upgraded":8,"win_rate":0,"timestamp":1544223083,"path_taken":["M","?","?","?","?","R","E","R","T","E","?","M","E","M","R","BOSS","M","M","$","?","?","R","E","R","T","R","M","?","R","?","R","BOSS","M","M","?","M","?","E","R","M","T","E","M","$","R","E","R","BOSS","BOSS"],"build_version":"2018-12-06","purchased_purges":1,"victory":false,"max_hp_per_floor":[71,71,71,71,71,71,71,71,71,71,71,71,71,71,71,71,71,71,71,71,71,71,71,71,71,71,71,71,71,71,71,71,71,71,71,71,71,71,71,71,71,71,71,71,71,78,78,78,78,78,78],"card_choices":[{"not_picked":["Go for the Eyes","Sweeping Beam"],"picked":"Scrape","floor":1.0},{"not_picked":["Darkness","Reboot"],"picked":"Chill","floor":7.0},{"not_picked":["Consume","Cold Snap"],"picked":"Loop","floor":10.0},{"not_picked":["Force Field","Barrage"],"picked":"Sweeping Beam","floor":11.0},{"not_picked":["Compile Driver","Ball Lightning"],"picked":"Melter","floor":12.0},{"not_picked":["Sunder","Leap"],"picked":"Rainbow","floor":13.0},{"not_picked":["Ball Lightning","Stack"],"picked":"Defragment","floor":14.0},{"not_picked":["Reboot","Thunder Strike"],"picked":"Electrodynamics","floor":16.0},{"not_picked":["Coolheaded","Redo"],"picked":"Steam","floor":18.0},{"not_picked":["Self Repair","Hologram"],"picked":"Undo+1","floor":19.0},{"not_picked":["Go for the Eyes","Cold Snap"],"picked":"Stack+1","floor":22.0},{"not_picked":["Undo","Coolheaded+1"],"picked":"Gash+1","floor":24.0},{"not_picked":["Lockon","Streamline"],"picked":"Go for the Eyes+1","floor":28.0},{"not_picked":["Thunder Strike","Machine Learning"],"picked":"Seek+1","floor":33.0},{"not_picked":["Cold Snap","Lockon"],"picked":"Chaos+1","floor":35.0},{"not_picked":["Undo+1","Ball Lightning"],"picked":"Gash","floor":36.0},{"not_picked":["Self Repair","Static Discharge"],"picked":"Capacitor","floor":38.0},{"not_picked":["Sweeping Beam+1","Steam Power+1"],"picked":"Gash+1","floor":39.0},{"not_picked":["Skim+1","Cold Snap"],"picked":"BootSequence+1","floor":40.0},{"not_picked":["Lockon","BootSequence+1"],"picked":"Chaos+1","floor":41.0},{"not_picked":["Leap+1","Rebound+1","Capacitor"],"picked":"SKIP","floor":42.0},{"not_picked":["Rebound+1","Doom and Gloom","Melter+1"],"picked":"SKIP","floor":44.0},{"not_picked":["Coolheaded+1","Loop","Skim+1"],"picked":"SKIP","floor":45.0},{"not_picked":["Turbo+1","Loop"],"picked":"Gash+1","floor":47.0},{"not_picked":["Biased Cognition","Conserve Battery+1"],"picked":"Go for the Eyes+1","floor":48.0},{"not_picked":["Rebound","Compile Driver"],"picked":"Glacier+1","floor":49.0}],"player_experience":887371,"relics_obtained":[{"floor":7.0,"key":"Letter Opener"},{"floor":9.0,"key":"Dream Catcher"},{"floor":10.0,"key":"Centennial Puzzle"},{"floor":13.0,"key":"Tiny Chest"},{"floor":24.0,"key":"Bag of Preparation"},{"floor":26.0,"key":"Toxic Egg 2"},{"floor":29.0,"key":"Dodecahedron"},{"floor":40.0,"key":"Bronze Scales"},{"floor":43.0,"key":"Oddly Smooth Stone"},{"floor":44.0,"key":"Whetstone"},{"floor":48.0,"key":"Orichalcum"}],"event_choices":[{"cards_removed":["Strike_B"],"damage_healed":0.0,"max_hp_gain":0.0,"max_hp_loss":0.0,"gold_gain":0.0,"event_name":"The Cleric","player_choice":"Card Removal","floor":2.0,"gold_loss":75.0,"damage_taken":0.0},{"damage_healed":0.0,"max_hp_gain":0.0,"max_hp_loss":0.0,"gold_gain":0.0,"event_name":"Liars Game","player_choice":"Ignored","floor":3.0,"gold_loss":0.0,"damage_taken":0.0},{"damage_healed":0.0,"max_hp_gain":0.0,"max_hp_loss":0.0,"gold_gain":75.0,"event_name":"World of Goop","player_choice":"Gather Gold","floor":4.0,"gold_loss":0.0,"damage_taken":11.0},{"damage_healed":0.0,"max_hp_gain":0.0,"max_hp_loss":0.0,"gold_gain":0.0,"event_name":"Shining Light","player_choice":"Entered Light","floor":5.0,"gold_loss":0.0,"damage_taken":21.0,"cards_upgraded":["Zap","Scrape"]},{"damage_healed":0.0,"max_hp_gain":0.0,"max_hp_loss":0.0,"gold_gain":0.0,"event_name":"WeMeetAgain","player_choice":"Gave Potion","floor":21.0,"gold_loss":0.0,"damage_taken":0.0,"relics_obtained":["Anchor"]},{"damage_healed":0.0,"max_hp_gain":0.0,"max_hp_loss":0.0,"gold_gain":0.0,"event_name":"The Mausoleum","player_choice":"Opened","floor":31.0,"gold_loss":0.0,"damage_taken":0.0,"relics_obtained":["PreservedInsect"],"cards_obtained":["Writhe"]},{"damage_healed":0.0,"max_hp_gain":0.0,"max_hp_loss":0.0,"gold_gain":0.0,"event_name":"Upgrade Shrine","player_choice":"Upgraded","floor":37.0,"gold_loss":0.0,"damage_taken":0.0,"cards_upgraded":["Electrodynamics"]}],"is_beta":false,"boss_relics":[{"not_picked":["Black Star","Velvet Choker"],"picked":"Nuclear Battery"},{"not_picked":["FrozenCore","Calling Bell"],"picked":"Fusion Hammer"}],"items_purged_floors":[46],"is_endless":false,"potions_floor_spawned":[1,11,12,13,16,18,19,33,35,38,40,44],"killed_by":"Donu and Deca","ascension_level":20}