{"gold_per_floor":[119,119,194,194,208,208,208,237,291,305,322,356,356,391,391,496,496,511,511,530,543,543,586,598,644,656,700,277,294,310,325,325,429,429,440,459,475,488,500,500,520,534,534,399,24,38,57,57,57,57],"floor_reached":51,"playtime":1742,"items_purged":["Defend_G"],"score":872,"play_id":"1bbd1e44-79d6-4a20-9d3c-77aa9a7a837f","local_time":"20190219105932","is_ascension_mode":true,"campfire_choices":[{"data":"Terror","floor":6.0,"key":"SMITH"},{"data":"Glass Knife","floor":13.0,"key":"SMITH"},{"data":"Poisoned Stab","floor":15.0,"key":"SMITH"},{"data":"Adrenaline","floor":24.0,"key":"SMITH"},{"data":"Finisher","floor":32.0,"key":"SMITH"},{"data":"Choke","floor":40.0,"key":"SMITH"},{"data":"Neutralize","floor":49,"key":"SMITH"}],"neow_cost":"NONE","seed_source_timestamp":310619620522666,"circlet_count":0,"master_deck":["Defend_G","Defend_G","Defend_G","Strike_G","Strike_G","Strike_G","Strike_G","Survivor","Neutralize+1","Escape Plan","Choke+1","Terror+1","Poisoned Stab+1","Glass Knife+1","Deflect","Finisher+1","Adrenaline+1","Dash+1","Endless Agony+1","Blade Dance+1","Quick Slash+1","Phantasmal Killer+1","Blade Dance+1","Blade Dance+1","Backstab","Finisher+1","Flash of Steel"],"special_seed":0,"relics":["Ring of the Snake","Happy Flower","Bag of Preparation","Pantograph","Boot","Anchor","Gremlin Horn","Philosopher\u0027s Stone","Enchiridion","MawBank","Strawberry","Ice Cream","Toxic Egg 2","Tingsha","TwistedFunnel","Orichalcum","WristBlade","Tough Bandages","Lantern","FossilizedHelix"],"potions_floor_usage":[42,42,50,50],"damage_taken":[{"damage":0.0,"enemies":"2 Louse","floor":1.0,"turns":2.0},{"damage":0.0,"enemies":"Small Slimes","floor":5.0,"turns":3.0},{"damage":10.0,"enemies":"Lagavulin","floor":8.0,"turns":5.0},{"damage":0.0,"enemies":"Cultist","floor":10.0,"turns":2.0},{"damage":0.0,"enemies":"2 Fungi Beasts","floor":11.0,"turns":3.0},{"damage":0.0,"enemies":"Gremlin Nob","floor":12.0,"turns":2.0},{"damage":1.0,"enemies":"3 Sentries","floor":14.0,"turns":5.0},{"damage":16.0,"enemies":"Slime Boss","floor":16.0,"turns":10.0},{"damage":0.0,"enemies":"2 Thieves","floor":18.0,"turns":2.0},{"damage":4.0,"enemies":"Spheric Guardian","floor":20.0,"turns":3.0},{"damage":0.0,"enemies":"Centurion and Healer","floor":21.0,"turns":3.0},{"damage":0.0,"enemies":"Slavers","floor":23.0,"turns":3.0},{"damage":0.0,"enemies":"Gremlin Leader","floor":25.0,"turns":5.0},{"damage":0.0,"enemies":"Book of Stabbing","floor":27.0,"turns":2.0},{"damage":0.0,"enemies":"Sentry and Sphere","floor":29.0,"turns":2.0},{"damage":0.0,"enemies":"Shelled Parasite and Fungi","floor":30.0,"turns":3.0},{"damage":0.0,"enemies":"Snake Plant","floor":31.0,"turns":1.0},{"damage":7.0,"enemies":"Automaton","floor":33.0,"turns":5.0},{"damage":0.0,"enemies":"3 Shapes","floor":35.0,"turns":2.0},{"damage":0.0,"enemies":"3 Darklings","floor":36.0,"turns":3.0},{"damage":0.0,"enemies":"4 Shapes","floor":37.0,"turns":1.0},{"damage":0.0,"enemies":"Sphere and 2 Shapes","floor":38.0,"turns":3.0},{"damage":0.0,"enemies":"Maw","floor":39.0,"turns":2.0},{"damage":0.0,"enemies":"3 Darklings","floor":41.0,"turns":1.0},{"damage":0,"enemies":"Transient","floor":42,"turns":5},{"damage":0,"enemies":"Writhing Mass","floor":46,"turns":2},{"damage":0,"enemies":"Jaw Worm Horde","floor":47,"turns":1},{"damage":29,"enemies":"Time Eater","floor":50,"turns":4}],"seed_played":"-1785582000876573883","potions_obtained":[{"floor":1.0,"key":"Poison Potion"},{"floor":8.0,"key":"Fire Potion"},{"floor":11.0,"key":"Dexterity Potion"},{"floor":14.0,"key":"Regen Potion"},{"floor":20.0,"key":"LiquidBronze"},{"floor":21.0,"key":"GamblersBrew"},{"floor":23.0,"key":"Swift Potion"},{"floor":31.0,"key":"EssenceOfSteel"},{"floor":39.0,"key":"Energy Potion"},{"floor":42,"key":"Swift Potion"},{"floor":46,"key":"SkillPotion"},{"floor":47,"key":"Energy Potion"}],"is_trial":false,"path_per_floor":["M","?","?","?","M","R","?","E","T","M","M","E","R","E","R","B",null,"M","?","M","M","?","E","R","E","T","E","$","M","M","M","R","B",null,"M","M","M","M","M","R","M","M","T","?","$","M","M","?","R","B",null],"character_chosen":"THE_SILENT","items_purchased":["TwistedFunnel","Orichalcum","FossilizedHelix","Backstab"],"campfire_rested":0,"item_purchase_floors":[28,28,45,45],"current_hp_per_floor":[70,70,59,47,47,47,47,37,37,37,37,37,37,36,36,45,70,70,54,50,59,59,66,66,66,66,66,66,66,66,66,66,70,77,77,77,77,77,77,77,77,77,77,77,77,77,77,77,77,48],"gold":57,"neow_bonus":"RANDOM_COMMON_RELIC","is_prod":false,"is_daily":false,"chose_seed":false,"campfire_upgraded":7,"win_rate":0,"timestamp":1550570372,"path_taken":["M","?","?","?","M","R","?","E","T","M","M","E","R","E","R","BOSS","M","?","M","M","?","E","R","E","T","E","$","?","M","M","R","BOSS","M","M","M","M","M","R","M","?","T","?","$","?","M","?","R","BOSS"],"build_version":"2019-01-23","purchased_purges":1,"victory":true,"max_hp_per_floor":[70,70,70,70,70,70,70,70,70,70,70,70,70,70,70,70,70,70,70,70,70,70,77,77,77,77,77,77,77,77,77,77,77,77,77,77,77,77,77,77,77,77,77,77,77,77,77,77,77,77],"card_choices":[{"not_picked":["Well Laid Plans","Blade Dance"],"picked":"Escape Plan","floor":1.0},{"not_picked":["PiercingWail","Endless Agony"],"picked":"Terror","floor":5.0},{"not_picked":["Heel Hook","Accuracy"],"picked":"Poisoned Stab","floor":8.0},{"not_picked":["Acrobatics","Sucker Punch"],"picked":"Glass Knife","floor":10.0},{"not_picked":["Concentrate","Dodge and Roll"],"picked":"Deflect","floor":11.0},{"not_picked":["Deadly Poison","Dagger Throw"],"picked":"Finisher","floor":12.0},{"not_picked":["Poisoned Stab","Deadly Poison","Quick Slash"],"picked":"SKIP","floor":14.0},{"not_picked":["Storm of Steel","Glass Knife"],"picked":"Adrenaline","floor":16.0},{"not_picked":["Underhanded Strike","Poisoned Stab+1"],"picked":"Dash+1","floor":18.0},{"not_picked":["Sucker Punch","Prepared","PiercingWail"],"picked":"SKIP","floor":20.0},{"not_picked":["Tools of the Trade","Dodge and Roll"],"picked":"Endless Agony+1","floor":21.0},{"not_picked":["Well Laid Plans","Expertise+1","Outmaneuver+1"],"picked":"SKIP","floor":23.0},{"not_picked":["Cloak And Dagger","Dagger Throw+1","Poisoned Stab"],"picked":"SKIP","floor":25.0},{"not_picked":["Wraith Form v2","Flying Knee","Sucker Punch"],"picked":"SKIP","floor":27.0},{"not_picked":["Finisher","Flechettes+1"],"picked":"Blade Dance+1","floor":29.0},{"not_picked":["Distraction+1","Concentrate+1"],"picked":"Quick Slash+1","floor":30.0},{"not_picked":["Deadly Poison+1","Slice","Leg Sweep+1"],"picked":"SKIP","floor":31.0},{"not_picked":["After Image","Die Die Die"],"picked":"Phantasmal Killer+1","floor":33.0},{"not_picked":["Underhanded Strike+1","Terror+1","Backflip+1"],"picked":"SKIP","floor":35.0},{"not_picked":["Deflect+1","Dagger Spray"],"picked":"Blade Dance+1","floor":36.0},{"not_picked":["Sucker Punch+1","Footwork"],"picked":"Blade Dance+1","floor":37.0},{"not_picked":["Underhanded Strike+1","Heel Hook+1","Cloak And Dagger+1"],"picked":"SKIP","floor":38.0},{"not_picked":["Expertise+1","Dagger Spray","Flying Knee"],"picked":"SKIP","floor":39.0},{"not_picked":["Expertise+1","Dagger Spray","Flying Knee"],"picked":"SKIP","floor":39.0},{"not_picked":["Eviscerate+1","PiercingWail+1","Deadly Poison+1"],"picked":"SKIP","floor":41.0},{"not_picked":["Eviscerate","Leg Sweep+1","Calculated Gamble+1"],"picked":"SKIP","floor":42},{"not_picked":["Dodge and Roll+1","Backflip+1","Acrobatics+1"],"picked":"SKIP","floor":46},{"not_picked":["Terror+1","Expertise+1"],"picked":"Finisher+1","floor":47},{"not_picked":["Swift Strike","Deep Breath+1"],"picked":"Flash of Steel","floor":48}],"player_experience":1110502,"relics_obtained":[{"floor":8.0,"key":"Pantograph"},{"floor":9.0,"key":"Boot"},{"floor":12.0,"key":"Anchor"},{"floor":14.0,"key":"Gremlin Horn"},{"floor":19.0,"key":"Enchiridion"},{"floor":22.0,"key":"MawBank"},{"floor":23.0,"key":"Strawberry"},{"floor":25.0,"key":"Ice Cream"},{"floor":26.0,"key":"Toxic Egg 2"},{"floor":27.0,"key":"Tingsha"},{"floor":43,"key":"Tough Bandages"}],"event_choices":[{"damage_healed":0.0,"max_hp_gain":0.0,"max_hp_loss":0.0,"gold_gain":0.0,"cards_transformed":["Defend_G"],"event_name":"Living Wall","player_choice":"Change","floor":2.0,"gold_loss":0.0,"damage_taken":0.0,"cards_obtained":["Choke"]},{"damage_healed":0.0,"max_hp_gain":0.0,"max_hp_loss":0.0,"gold_gain":75.0,"event_name":"World of Goop","player_choice":"Gather Gold","floor":3.0,"gold_loss":0.0,"damage_taken":11.0},{"damage_healed":0.0,"max_hp_gain":0.0,"max_hp_loss":0.0,"gold_gain":0.0,"event_name":"Scrap Ooze","player_choice":"Success","floor":4.0,"gold_loss":0.0,"damage_taken":12.0,"relics_obtained":["Bag of Preparation"]},{"cards_removed":["Strike_G"],"damage_healed":0.0,"max_hp_gain":0.0,"max_hp_loss":0.0,"gold_gain":0.0,"event_name":"Bonfire Elementals","player_choice":"Offered Basic","floor":7.0,"gold_loss":0.0,"damage_taken":0.0},{"damage_healed":0.0,"max_hp_gain":0.0,"max_hp_loss":0.0,"gold_gain":0.0,"event_name":"Cursed Tome","player_choice":"Obtained Book","floor":19.0,"gold_loss":0.0,"damage_taken":16.0},{"damage_healed":0.0,"max_hp_gain":0.0,"max_hp_loss":0.0,"gold_gain":0.0,"event_name":"Wheel of Change","player_choice":"Relic","floor":22.0,"gold_loss":0.0,"damage_taken":0.0},{"damage_healed":0,"gold_gain":0,"player_choice":"Paid Gold","damage_taken":0,"relics_obtained":["Lantern"],"max_hp_gain":0,"max_hp_loss":0,"event_name":"WeMeetAgain","floor":44,"gold_loss":135},{"damage_healed":0,"gold_gain":0,"player_choice":"Memory 1","damage_taken":0,"max_hp_gain":0,"max_hp_loss":0,"event_name":"SensoryStone","floor":48,"gold_loss":0}],"is_beta":false,"boss_relics":[{"not_picked":["Fusion Hammer","Calling Bell"],"picked":"Philosopher\u0027s Stone"},{"not_picked":["Runic Pyramid","Busted Crown"],"picked":"WristBlade"}],"items_purged_floors":[28],"is_endless":false,"potions_floor_spawned":[1,8,11,14,20,21,23,25,31,38,39,42,46,47],"ascension_level":1}