{"gold_per_floor":[114,114,114,128,143,143,153,188,211,225,225,225,259,184,184,280,280,301,301,216,236,260,260,291,291,316,340,41,41],"floor_reached":29,"playtime":2676,"items_purged":["Strike_B"],"score":486,"play_id":"78d0a400-b738-4a54-b857-272200f678db","local_time":"20190127132420","is_ascension_mode":true,"campfire_choices":[{"data":"Melter","floor":6.0,"key":"SMITH"},{"data":"Zap","floor":11.0,"key":"SMITH"},{"floor":15.0,"key":"REST"},{"floor":23.0,"key":"REST"},{"data":"Zap","floor":25.0,"key":"SMITH"}],"neow_cost":"CURSE","seed_source_timestamp":1532319090371581,"circlet_count":0,"master_deck":["AscendersBane","Strike_B","Strike_B","Defend_B","Defend_B","Defend_B","Defend_B","Zap+1","Dualcast","Conserve Battery","Zap+1","Melter+1","Ball Lightning","Chill","Electrodynamics","White Noise+1","Electrodynamics","Stack"],"special_seed":0,"relics":["Cracked Core","Ginger","Juzu Bracelet","Bag of Preparation","Golden Idol","Odd Mushroom","White Beast Statue","Anchor","Smiling Mask","Vajra","PreservedInsect"],"potions_floor_usage":[29],"damage_taken":[{"damage":8.0,"enemies":"2 Louse","floor":1.0,"turns":3.0},{"damage":12.0,"enemies":"Jaw Worm","floor":4.0,"turns":3.0},{"damage":6.0,"enemies":"Cultist","floor":5.0,"turns":3.0},{"damage":6.0,"enemies":"2 Fungi Beasts","floor":7.0,"turns":3.0},{"damage":15.0,"enemies":"Lagavulin","floor":8.0,"turns":5.0},{"damage":0.0,"enemies":"Looter","floor":10.0,"turns":2.0},{"damage":2.0,"enemies":"The Mushroom Lair","floor":13.0,"turns":4.0},{"damage":38.0,"enemies":"The Guardian","floor":16.0,"turns":11.0},{"damage":28.0,"enemies":"2 Thieves","floor":18.0,"turns":3.0},{"damage":9.0,"enemies":"Chosen","floor":21.0,"turns":5.0},{"damage":0.0,"enemies":"Sentry and Sphere","floor":22.0,"turns":4.0},{"damage":12.0,"enemies":"Slavers","floor":24.0,"turns":2.0},{"damage":4.0,"enemies":"Centurion and Healer","floor":27.0,"turns":3.0},{"damage":41,"enemies":"Book of Stabbing","floor":29,"turns":4}],"seed_played":"-2943201028632293230","potions_obtained":[{"floor":5.0,"key":"Fire Potion"},{"floor":7.0,"key":"SpeedPotion"},{"floor":10.0,"key":"Regen Potion"},{"floor":18.0,"key":"SteroidPotion"},{"floor":21.0,"key":"EssenceOfSteel"},{"floor":22.0,"key":"Block Potion"},{"floor":24.0,"key":"EssenceOfSteel"},{"floor":27.0,"key":"GamblersBrew"}],"is_trial":false,"path_per_floor":["M","?","?","M","M","R","M","E","T","M","R","?","?","?","R","B",null,"M","?","?","M","M","R","E","R","T","M","$","E"],"character_chosen":"DEFECT","items_purchased":["PreservedInsect","Regen Potion"],"campfire_rested":2,"item_purchase_floors":[28,28],"current_hp_per_floor":[56,49,49,37,31,31,25,10,10,10,10,10,20,20,41,3,54,26,26,26,17,17,38,26,26,26,22,22,0],"gold":41,"neow_bonus":"ONE_RARE_RELIC","is_prod":false,"is_daily":false,"chose_seed":false,"campfire_upgraded":3,"win_rate":0,"timestamp":1548591860,"path_taken":["M","?","?","?","M","R","M","E","T","M","R","?","?","?","R","BOSS","M","?","?","M","M","R","E","R","T","M","$","E"],"build_version":"2019-01-23","purchased_purges":1,"victory":false,"max_hp_per_floor":[71,71,71,71,71,71,71,71,71,71,71,71,71,71,71,71,71,71,71,71,71,71,71,71,71,71,71,71,71],"card_choices":[{"not_picked":["Reprogram","Leap"],"picked":"Conserve Battery","floor":1.0},{"not_picked":["Sunder","Gash"],"picked":"Melter","floor":4.0},{"not_picked":["Sweeping Beam","Heatsinks"],"picked":"Ball Lightning","floor":5.0},{"not_picked":["Go for the Eyes","Leap","Cold Snap"],"picked":"SKIP","floor":7.0},{"not_picked":["Hello World","Beam Cell"],"picked":"Chill","floor":8.0},{"not_picked":["Sweeping Beam","Steam Power","Beam Cell"],"picked":"SKIP","floor":10.0},{"not_picked":["All For One","Multi-Cast"],"picked":"Electrodynamics","floor":16.0},{"not_picked":["Sweeping Beam+1","FTL"],"picked":"White Noise+1","floor":18.0},{"not_picked":["Beam Cell","Lockon"],"picked":"Stack","floor":21.0},{"not_picked":["Auto Shields","Barrage","Genetic Algorithm"],"picked":"SKIP","floor":22.0},{"not_picked":["Gash","Leap","Barrage"],"picked":"SKIP","floor":24.0},{"not_picked":["Rebound","Stack","Chaos"],"picked":"SKIP","floor":27.0}],"player_experience":947965,"relics_obtained":[{"floor":8.0,"key":"Juzu Bracelet"},{"floor":9.0,"key":"Bag of Preparation"},{"floor":13.0,"key":"Odd Mushroom"},{"floor":24.0,"key":"Smiling Mask"},{"floor":26.0,"key":"Vajra"}],"event_choices":[{"cards_removed":["Doubt"],"damage_healed":0.0,"max_hp_gain":0.0,"max_hp_loss":0.0,"gold_gain":0.0,"event_name":"Golden Wing","player_choice":"Card Removal","floor":2.0,"gold_loss":0.0,"damage_taken":7.0},{"damage_healed":0.0,"max_hp_gain":0.0,"max_hp_loss":0.0,"gold_gain":0.0,"event_name":"Match and Keep!","player_choice":"1 cards matched","floor":3.0,"gold_loss":0.0,"damage_taken":0.0,"cards_obtained":["Zap"]},{"damage_healed":0.0,"max_hp_gain":0.0,"max_hp_loss":0.0,"gold_gain":0.0,"event_name":"Golden Idol","player_choice":"Take Wound","floor":12.0,"gold_loss":0.0,"damage_taken":0.0,"relics_obtained":["Golden Idol"],"cards_obtained":["Injury"]},{"damage_healed":0.0,"max_hp_gain":0.0,"max_hp_loss":0.0,"gold_gain":0.0,"event_name":"Mushrooms","player_choice":"Fought Mushrooms","floor":13.0,"gold_loss":0.0,"damage_taken":0.0},{"cards_removed":["Injury"],"damage_healed":0.0,"max_hp_gain":0.0,"max_hp_loss":0.0,"gold_gain":0.0,"event_name":"The Cleric","player_choice":"Card Removal","floor":14.0,"gold_loss":75.0,"damage_taken":0.0},{"damage_healed":0.0,"max_hp_gain":0.0,"max_hp_loss":0.0,"gold_gain":0.0,"cards_transformed":["Strike_B"],"event_name":"Transmorgrifier","player_choice":"Transformed","floor":19.0,"gold_loss":0.0,"damage_taken":0.0,"cards_obtained":["Electrodynamics"]},{"damage_healed":0.0,"max_hp_gain":0.0,"max_hp_loss":0.0,"gold_gain":0.0,"event_name":"Addict","player_choice":"Obtained Relic","floor":20.0,"gold_loss":85.0,"damage_taken":0.0,"relics_obtained":["Anchor"]}],"is_beta":false,"boss_relics":[{"not_picked":["Fusion Hammer","Runic Dome"],"picked":"White Beast Statue"}],"items_purged_floors":[28],"is_endless":false,"potions_floor_spawned":[5,7,10,18,21,22,24,27],"killed_by":"Book of Stabbing","ascension_level":20}