{"gold_per_floor":[118,40,59,59,127,127,2,31,31,66,66,81,31,31,31,107,107,127,138,150,213,313,313,373,373,398,398,415,449,480,542,554,637,649,674,12,62,112,131,131,144,144,144,144,171,187,217,567,567,567],"floor_reached":50,"playtime":1774,"items_purged":["Dualcast","Zap","Strike_B"],"score":1185,"play_id":"73d236be-6fba-4433-a1b5-86e70456db62","local_time":"20190226195418","is_ascension_mode":true,"campfire_choices":[{"data":"Sunder","floor":6.0,"key":"SMITH"},{"data":"Streamline","floor":11.0,"key":"SMITH"},{"data":"Machine Learning","floor":15.0,"key":"SMITH"},{"data":"Beam Cell","floor":23.0,"key":"SMITH"},{"floor":25.0,"key":"REST"},{"data":"Hyperbeam","floor":27.0,"key":"SMITH"},{"floor":32.0,"key":"REST"},{"data":"Madness","floor":40.0,"key":"SMITH"},{"data":"Madness","floor":42.0,"key":"SMITH"},{"data":"Seek","floor":44.0,"key":"SMITH"},{"floor":49.0,"key":"REST"}],"neow_cost":"TEN_PERCENT_HP_LOSS","seed_source_timestamp":16027998799180,"circlet_count":0,"master_deck":["AscendersBane","Strike_B+1","Defend_B+1","Defend_B","Defend_B","Defend_B+1","Streamline+1","Machine Learning+1","Melter","Sunder+1","Hyperbeam+1","Dramatic Entrance","Reboot","Fission","Beam Cell+1","Scrape+1","Go for the Eyes+1","Reboot","Hologram","Seek+1","Madness+1","Madness+1","Turbo+1"],"special_seed":0,"relics":["Cracked Core","SsserpentHead","Torii","Mummified Hand","PreservedInsect","Lizard Tail","War Paint","MawBank","Potion Belt","Runic Pyramid","Whetstone","Singing Bowl","Ornamental Fan","Orichalcum","Bottled Flame"],"potions_floor_usage":[50,50],"damage_taken":[{"damage":2.0,"enemies":"Jaw Worm","floor":1.0,"turns":3.0},{"damage":0.0,"enemies":"Cultist","floor":3.0,"turns":2.0},{"damage":1.0,"enemies":"2 Louse","floor":5.0,"turns":2.0},{"damage":15.0,"enemies":"3 Sentries","floor":8.0,"turns":4.0},{"damage":8.0,"enemies":"Gremlin Nob","floor":10.0,"turns":3.0},{"damage":0.0,"enemies":"Exordium Thugs","floor":12.0,"turns":2.0},{"damage":26.0,"enemies":"Hexaghost","floor":16.0,"turns":9.0},{"damage":1.0,"enemies":"Chosen","floor":18.0,"turns":5.0},{"damage":0.0,"enemies":"Spheric Guardian","floor":19.0,"turns":2.0},{"damage":1.0,"enemies":"Centurion and Healer","floor":20.0,"turns":3.0},{"damage":19.0,"enemies":"Snecko","floor":21.0,"turns":4.0},{"damage":17.0,"enemies":"Snake Plant","floor":24.0,"turns":2.0},{"damage":0.0,"enemies":"3 Cultists","floor":28.0,"turns":2.0},{"damage":21.0,"enemies":"Slavers","floor":29.0,"turns":3.0},{"damage":1.0,"enemies":"Centurion and Healer","floor":30.0,"turns":3.0},{"damage":69.0,"enemies":"Collector","floor":33.0,"turns":7.0},{"damage":19.0,"enemies":"Orb Walker","floor":35.0,"turns":3.0},{"damage":0.0,"enemies":"3 Darklings","floor":39.0,"turns":2.0},{"damage":1.0,"enemies":"Maw","floor":41.0,"turns":6.0},{"damage":0.0,"enemies":"Giant Head","floor":45.0,"turns":4.0},{"damage":0.0,"enemies":"Transient","floor":46.0,"turns":6.0},{"damage":0.0,"enemies":"Reptomancer","floor":47.0,"turns":2.0},{"damage":63,"enemies":"Awakened One","floor":50,"turns":10}],"seed_played":"1831324483213616086","potions_obtained":[{"floor":5.0,"key":"FearPotion"},{"floor":8.0,"key":"Regen Potion"},{"floor":12.0,"key":"Swift Potion"},{"floor":16.0,"key":"Block Potion"},{"floor":24.0,"key":"Ancient Potion"},{"floor":28.0,"key":"GamblersBrew"},{"floor":29.0,"key":"Explosive Potion"},{"floor":30.0,"key":"Energy Potion"},{"floor":39.0,"key":"SkillPotion"},{"floor":45.0,"key":"Block Potion"},{"floor":46.0,"key":"Strength Potion"}],"is_trial":false,"path_per_floor":["M","$","M","?","M","R","$","E","T","E","R","M","$","$","R","B",null,"M","M","M","M","?","R","M","R","T","R","M","E","M","?","R","B",null,"M","$","?","?","M","R","M","R","T","R","E","M","E","?","R","B"],"character_chosen":"DEFECT","items_purchased":["Sunder","Dramatic Entrance","Whetstone","Singing Bowl","Block Potion","Energy Potion"],"campfire_rested":3,"item_purchase_floors":[2,7,36,36,36,36],"current_hp_per_floor":[62,62,62,62,61,61,61,46,46,38,38,38,38,38,38,27,55,54,54,53,34,34,34,17,36,36,36,36,15,14,14,33,3,49,30,30,52,43,45,45,46,46,46,46,48,50,50,50,60,0],"gold":567,"neow_bonus":"TRANSFORM_TWO_CARDS","is_prod":false,"is_daily":false,"chose_seed":false,"campfire_upgraded":8,"win_rate":0,"timestamp":1551207258,"path_taken":["M","$","M","?","?","R","?","E","T","E","R","M","?","$","R","BOSS","M","M","M","?","?","R","?","R","T","R","M","E","M","?","R","BOSS","M","$","?","?","M","R","M","R","T","R","E","M","E","?","R","BOSS"],"build_version":"2019-01-23","purchased_purges":3,"victory":false,"max_hp_per_floor":[64,64,64,64,64,64,64,64,64,64,64,64,64,64,64,64,64,64,64,64,64,64,64,64,64,64,64,64,64,64,64,64,64,64,64,64,52,52,54,54,56,56,56,56,58,60,60,60,60,60],"card_choices":[{"not_picked":["Turbo","Barrage"],"picked":"Melter","floor":1.0},{"not_picked":["Capacitor","Gash","Hologram"],"picked":"SKIP","floor":3.0},{"not_picked":["Static Discharge","Recycle"],"picked":"Hyperbeam","floor":5.0},{"not_picked":["Aggregate","Chaos"],"picked":"Reboot","floor":8.0},{"not_picked":["Skim","Force Field","Aggregate"],"picked":"SKIP","floor":10.0},{"not_picked":["Sweeping Beam","Barrage","Blizzard"],"picked":"SKIP","floor":12.0},{"not_picked":["Hyperbeam","Buffer"],"picked":"Fission","floor":16.0},{"not_picked":["Reinforced Body","Stack","Blizzard"],"picked":"SKIP","floor":18.0},{"not_picked":["Lockon","Conserve Battery"],"picked":"Beam Cell","floor":19.0},{"not_picked":["Streamline","Go for the Eyes","Lockon"],"picked":"SKIP","floor":20.0},{"not_picked":["Leap","Conserve Battery"],"picked":"Scrape","floor":21.0},{"not_picked":["White Noise","Doom and Gloom","Compile Driver"],"picked":"SKIP","floor":24.0},{"not_picked":["Barrage+1","Gash"],"picked":"Go for the Eyes+1","floor":28.0},{"not_picked":["Multi-Cast","Redo"],"picked":"Reboot","floor":29.0},{"not_picked":["Redo","Capacitor"],"picked":"Hologram","floor":30.0},{"not_picked":["Thunder Strike","Multi-Cast"],"picked":"Seek","floor":33.0},{"not_picked":["Ball Lightning","Gash","Stack"],"picked":"SKIP","floor":35.0},{"not_picked":["Hologram","Ball Lightning+1","Streamline"],"picked":"Singing Bowl","floor":39.0},{"not_picked":["Streamline+1","Redo+1","Stack"],"picked":"Singing Bowl","floor":41.0},{"not_picked":["Rebound+1","Leap","Coolheaded+1"],"picked":"Singing Bowl","floor":45.0},{"not_picked":["Heatsinks","Sweeping Beam","Hologram"],"picked":"Singing Bowl","floor":46.0},{"not_picked":["Meteor Strike","Self Repair"],"picked":"Turbo+1","floor":47.0}],"player_experience":1148663,"relics_obtained":[{"floor":8.0,"key":"Torii"},{"floor":9.0,"key":"Mummified Hand"},{"floor":10.0,"key":"PreservedInsect"},{"floor":26.0,"key":"War Paint"},{"floor":29.0,"key":"MawBank"},{"floor":31.0,"key":"Potion Belt"},{"floor":43.0,"key":"Ornamental Fan"},{"floor":45.0,"key":"Orichalcum"},{"floor":47.0,"key":"Bottled Flame"}],"event_choices":[{"damage_healed":0.0,"max_hp_gain":0.0,"max_hp_loss":0.0,"gold_gain":0.0,"event_name":"FaceTrader","player_choice":"Trade","floor":4.0,"gold_loss":0.0,"damage_taken":0.0,"relics_obtained":["SsserpentHead"]},{"damage_healed":0.0,"max_hp_gain":0.0,"max_hp_loss":0.0,"gold_gain":50.0,"event_name":"Golden Shrine","player_choice":"Pray","floor":22.0,"gold_loss":0.0,"damage_taken":0.0},{"damage_healed":0.0,"max_hp_gain":0.0,"max_hp_loss":0.0,"gold_gain":0.0,"event_name":"Wheel of Change","player_choice":"Relic","floor":31.0,"gold_loss":0.0,"damage_taken":0.0},{"damage_healed":52.0,"max_hp_gain":0.0,"max_hp_loss":12.0,"gold_gain":0.0,"event_name":"The Moai Head","player_choice":"Heal","floor":37.0,"gold_loss":0.0,"damage_taken":0.0},{"damage_healed":0.0,"max_hp_gain":0.0,"max_hp_loss":0.0,"gold_gain":0.0,"event_name":"Winding Halls","player_choice":"Embrace Madness","floor":38.0,"gold_loss":0.0,"damage_taken":9.0,"cards_obtained":["Madness","Madness"]},{"damage_healed":0.0,"max_hp_gain":0.0,"max_hp_loss":0.0,"gold_gain":300.0,"event_name":"Wheel of Change","player_choice":"Gold","floor":48.0,"gold_loss":0.0,"damage_taken":0.0}],"is_beta":false,"boss_relics":[{"not_picked":["Runic Dome","Fusion Hammer"],"picked":"Lizard Tail"},{"not_picked":["Velvet Choker","Pandora\u0027s Box"],"picked":"Runic Pyramid"}],"items_purged_floors":[7,13,36],"is_endless":false,"potions_floor_spawned":[5,8,12,16,24,28,29,30,39,45,46],"killed_by":"Awakened One","ascension_level":20}