{"gold_per_floor":[118,118,118,137,188,188,218,218,218,244,258,273,291,291,291,291],"floor_reached":16,"playtime":437,"items_purged":[],"score":290,"play_id":"929cd442-611c-44fb-8866-65eb7174772a","local_time":"20190128111721","is_ascension_mode":true,"campfire_choices":[{"data":"Neutralize","floor":6.0,"key":"SMITH"},{"data":"Survivor","floor":8.0,"key":"SMITH"},{"floor":15,"key":"REST"}],"neow_cost":"NONE","seed_source_timestamp":1613154436477821,"circlet_count":0,"master_deck":["AscendersBane","Defend_G+1","Defend_G+1","Defend_G","Defend_G+1","Defend_G+1","Strike_G","Strike_G","Strike_G","Strike_G","Strike_G","Survivor+1","Neutralize+1","PiercingWail","Backstab","Backstab","Deflect","Footwork","Choke","Venomology"],"special_seed":0,"relics":["Ring of the Snake","NeowsBlessing","War Paint","Mummified Hand","Blood Vial","Anchor"],"potions_floor_usage":[14,16],"damage_taken":[{"damage":0.0,"enemies":"Jaw Worm","floor":1.0,"turns":1.0},{"damage":0.0,"enemies":"Small Slimes","floor":4.0,"turns":1.0},{"damage":0.0,"enemies":"3 Sentries","floor":7.0,"turns":1.0},{"damage":34.0,"enemies":"Gremlin Nob","floor":10.0,"turns":6.0},{"damage":0.0,"enemies":"Cultist","floor":11.0,"turns":3.0},{"damage":0.0,"enemies":"Looter","floor":12.0,"turns":3.0},{"damage":3.0,"enemies":"Gremlin Gang","floor":13.0,"turns":6.0},{"damage":0,"enemies":"3 Sentries","floor":14,"turns":1},{"damage":28,"enemies":"Hexaghost","floor":16,"turns":9}],"seed_played":"-1505686269566952183","potions_obtained":[{"floor":4.0,"key":"Poison Potion"},{"floor":10.0,"key":"FearPotion"},{"floor":13.0,"key":"SmokeBomb"}],"is_trial":false,"path_per_floor":["M","?","?","M","T","R","E","R","T","E","M","M","M","E","R","B"],"character_chosen":"THE_SILENT","items_purchased":[],"campfire_rested":1,"item_purchase_floors":[],"current_hp_per_floor":[59,64,43,43,43,43,43,43,43,11,13,15,14,16,37,11],"gold":291,"neow_bonus":"THREE_ENEMY_KILL","is_prod":false,"is_daily":false,"chose_seed":false,"campfire_upgraded":2,"win_rate":0,"timestamp":1548670641,"path_taken":["M","?","?","M","?","R","E","R","T","E","?","M","M","E","R","BOSS"],"build_version":"2019-01-23","purchased_purges":0,"victory":false,"max_hp_per_floor":[66,71,71,71,71,71,71,71,71,71,71,71,71,71,71,71],"card_choices":[{"not_picked":["Outmaneuver","Quick Slash"],"picked":"PiercingWail","floor":1.0},{"not_picked":["Quick Slash","Backflip"],"picked":"Backstab","floor":4.0},{"not_picked":["Blade Dance","Wraith Form v2"],"picked":"Backstab","floor":7.0},{"not_picked":["Reflex","Quick Slash"],"picked":"Deflect","floor":10.0},{"not_picked":["Acrobatics","Dash"],"picked":"Footwork","floor":11.0},{"not_picked":["Eviscerate","Acrobatics"],"picked":"Choke","floor":12.0},{"not_picked":["Outmaneuver","Dodge and Roll"],"picked":"Venomology","floor":13.0}],"player_experience":958080,"relics_obtained":[{"floor":5.0,"key":"War Paint"},{"floor":7.0,"key":"Mummified Hand"},{"floor":9.0,"key":"Blood Vial"},{"floor":10.0,"key":"Anchor"}],"event_choices":[{"damage_healed":0.0,"max_hp_gain":5.0,"max_hp_loss":0.0,"gold_gain":0.0,"event_name":"Big Fish","player_choice":"Donut","floor":2.0,"gold_loss":0.0,"damage_taken":0.0},{"damage_healed":0.0,"max_hp_gain":0.0,"max_hp_loss":0.0,"gold_gain":0.0,"event_name":"Shining Light","player_choice":"Entered Light","floor":3.0,"gold_loss":0.0,"damage_taken":21.0,"cards_upgraded":["Defend_G","Defend_G"]}],"is_beta":false,"boss_relics":[],"items_purged_floors":[],"is_endless":false,"potions_floor_spawned":[4,10,13,14],"killed_by":"Hexaghost","ascension_level":20}