{"gold_per_floor":[117,131,131,59,74,101,101,114,138,157,157,173,173,190,190,264,264,279,295,141,157,257,286,286,286,286,286,311,321,321,337,337,410,410,421,45,45,62,77,405,425,425,472,502,502,513,513,523,523,523,523,523,15,40,40],"floor_reached":55,"playtime":4544,"items_purged":["Strike_R","Strike_R"],"score":1265,"play_id":"f75b0002-ae32-4b7c-94db-9a43d144265c","local_time":"20190307233855","is_ascension_mode":true,"campfire_choices":[{"data":"Infernal Blade","floor":7.0,"key":"SMITH"},{"floor":11.0,"key":"REST"},{"floor":13.0,"key":"REST"},{"data":"Rupture","floor":15.0,"key":"SMITH"},{"data":"Brutality","floor":24.0,"key":"SMITH"},{"floor":27.0,"key":"REST"},{"data":"Armaments","floor":30.0,"key":"SMITH"},{"data":"Metallicize","floor":32.0,"key":"SMITH"},{"floor":42.0,"key":"REST"},{"floor":47.0,"key":"RECALL"},{"data":"Shockwave","floor":49.0,"key":"SMITH"},{"data":"Evolve","floor":52.0,"key":"SMITH"}],"neow_cost":"NONE","seed_source_timestamp":1818969450824548,"circlet_count":0,"master_deck":["AscendersBane","Strike_R","Strike_R","Strike_R","Defend_R","Defend_R","Defend_R","Defend_R","Bash","Twin Strike","Infernal Blade+1","Brutality+1","Rupture+1","Armaments+1","Anger","Ghostly Armor","Twin Strike","Clothesline","Reaper","Rupture","Twin Strike","Cleave","Reaper","Evolve+1","Metallicize+1","Shockwave+1","Twin Strike"],"special_seed":0,"relics":["Burning Blood","NeowsBlessing","Vajra","Pen Nib","Busted Crown","Ginger","Gremlin Horn","Bag of Preparation","Singing Bowl","Blue Candle","Philosopher\u0027s Stone","Ice Cream","Old Coin","Strawberry","Anchor","Bronze Scales","Pantograph","Art of War"],"potions_floor_usage":[],"damage_taken":[{"damage":0.0,"enemies":"Jaw Worm","floor":1.0,"turns":1.0},{"damage":0.0,"enemies":"Cultist","floor":2.0,"turns":1.0},{"damage":0.0,"enemies":"2 Louse","floor":5.0,"turns":1.0},{"damage":41.0,"enemies":"3 Sentries","floor":6.0,"turns":7.0},{"damage":17.0,"enemies":"Gremlin Gang","floor":8.0,"turns":5.0},{"damage":15.0,"enemies":"Exordium Thugs","floor":10.0,"turns":5.0},{"damage":2.0,"enemies":"3 Louse","floor":12.0,"turns":3.0},{"damage":0.0,"enemies":"Large Slime","floor":14.0,"turns":3.0},{"damage":39.0,"enemies":"Hexaghost","floor":16.0,"turns":9.0},{"damage":12.0,"enemies":"3 Byrds","floor":18.0,"turns":5.0},{"damage":7.0,"enemies":"Spheric Guardian","floor":19.0,"turns":3.0},{"damage":23.0,"enemies":"Centurion and Healer","floor":21.0,"turns":6.0},{"damage":42.0,"enemies":"Colosseum Slavers","floor":22.0,"turns":5.0},{"damage":13.0,"enemies":"Colosseum Nobs","floor":22.0,"turns":6.0},{"damage":33.0,"enemies":"Gremlin Leader","floor":23.0,"turns":5.0},{"damage":42.0,"enemies":"Slavers","floor":28.0,"turns":3.0},{"damage":4.0,"enemies":"Sentry and Sphere","floor":29.0,"turns":4.0},{"damage":10.0,"enemies":"3 Cultists","floor":31.0,"turns":4.0},{"damage":40.0,"enemies":"Collector","floor":33.0,"turns":6.0},{"damage":14.0,"enemies":"3 Shapes","floor":35.0,"turns":3.0},{"damage":10.0,"enemies":"Orb Walker","floor":38.0,"turns":3.0},{"damage":14.0,"enemies":"Transient","floor":39.0,"turns":5.0},{"damage":55.0,"enemies":"Reptomancer","floor":40.0,"turns":6.0},{"damage":30.0,"enemies":"3 Darklings","floor":41.0,"turns":4.0},{"damage":34.0,"enemies":"Nemesis","floor":44.0,"turns":5.0},{"damage":38.0,"enemies":"Sphere and 2 Shapes","floor":46.0,"turns":4.0},{"damage":13.0,"enemies":"Spire Growth","floor":48.0,"turns":4.0},{"damage":103.0,"enemies":"Time Eater","floor":50.0,"turns":9.0},{"damage":73,"enemies":"Shield and Spear","floor":54,"turns":5},{"damage":104,"enemies":"The Heart","floor":55,"turns":5}],"seed_played":"251789425456174983","potions_obtained":[{"floor":1.0,"key":"GamblersBrew"},{"floor":6.0,"key":"SkillPotion"},{"floor":10.0,"key":"Swift Potion"},{"floor":39.0,"key":"SmokeBomb"},{"floor":40.0,"key":"Poison Potion"},{"floor":48.0,"key":"Swift Potion"}],"is_trial":false,"path_per_floor":["M","M","?","$","M","E","R","M","T","M","R","M","R","M","R","B",null,"M","M","$","M","?","E","R","?","T","R","E","M","R","M","R","B",null,"M","$","?","M","M","E","M","R","T","E","T","M","R","M","R","B",null,"R","$","E","B"],"character_chosen":"IRONCLAD","items_purchased":["Rupture","Rupture","Ice Cream","Shockwave","Bronze Scales","Pantograph"],"campfire_rested":4,"item_purchase_floors":[4,20,36,36,53,53],"current_hp_per_floor":[78,80,80,80,80,45,45,34,34,25,49,53,77,80,80,47,72,75,74,74,63,45,33,33,33,33,57,39,49,49,80,80,48,75,78,78,78,76,88,57,62,89,89,82,82,97,97,105,105,43,90,90,90,61,0],"gold":40,"neow_bonus":"THREE_ENEMY_KILL","is_prod":false,"is_daily":false,"chose_seed":false,"campfire_upgraded":7,"win_rate":0,"timestamp":1552019935,"path_taken":["M","M","?","$","?","E","R","?","T","M","R","M","R","M","R","BOSS","M","M","$","M","?","E","R","?","T","R","E","M","R","M","R","BOSS","M","$","?","M","?","E","M","R","T","E","?","M","R","M","R","BOSS","R","$","E","BOSS"],"build_version":"2019-01-23","purchased_purges":2,"victory":false,"max_hp_per_floor":[80,80,80,80,80,80,80,80,80,80,80,80,80,80,80,80,80,80,80,80,80,80,80,80,80,80,80,80,82,82,82,82,84,84,86,86,86,88,88,90,92,92,92,101,101,103,103,105,105,105,105,105,105,107,107],"card_choices":[{"not_picked":["Reckless Charge","Warcry"],"picked":"Twin Strike","floor":1.0},{"not_picked":["Fire Breathing","Wild Strike"],"picked":"Infernal Blade","floor":2.0},{"not_picked":["Wild Strike","Infernal Blade"],"picked":"Armaments","floor":5.0},{"not_picked":["Flex","Shrug It Off"],"picked":"Anger","floor":6.0},{"not_picked":["Flex","Metallicize"],"picked":"Ghostly Armor","floor":8.0},{"not_picked":["Cleave","Perfected Strike"],"picked":"Twin Strike","floor":10.0},{"not_picked":["Reckless Charge","Ghostly Armor","Armaments"],"picked":"SKIP","floor":12.0},{"not_picked":["Twin Strike","Shrug It Off"],"picked":"Clothesline","floor":14.0},{"not_picked":["Brutality","Bludgeon"],"picked":"Reaper","floor":16.0},{"not_picked":["Thunderclap"],"picked":"SKIP","floor":18.0},{"not_picked":["Searing Blow"],"picked":"SKIP","floor":19.0},{"not_picked":[],"picked":"Twin Strike","floor":21.0},{"not_picked":[],"picked":"Cleave","floor":22.0},{"not_picked":[],"picked":"Reaper","floor":23.0},{"not_picked":[],"picked":"Evolve","floor":28.0},{"not_picked":["Searing Blow"],"picked":"Singing Bowl","floor":29.0},{"not_picked":[],"picked":"Metallicize","floor":31.0},{"not_picked":["Dark Embrace"],"picked":"Singing Bowl","floor":33.0},{"not_picked":["Spot Weakness"],"picked":"Singing Bowl","floor":35.0},{"not_picked":["Headbutt"],"picked":"Singing Bowl","floor":38.0},{"not_picked":[],"picked":"Twin Strike","floor":39.0},{"not_picked":["Warcry"],"picked":"Singing Bowl","floor":40.0},{"not_picked":["Wild Strike"],"picked":"Singing Bowl","floor":41.0},{"not_picked":["Flex"],"picked":"Singing Bowl","floor":44.0},{"not_picked":["Combust"],"picked":"Singing Bowl","floor":46.0},{"not_picked":["Shockwave"],"picked":"Singing Bowl","floor":48.0},{"not_picked":["Cleave"],"picked":"Singing Bowl","floor":54}],"player_experience":646528,"relics_obtained":[{"floor":6.0,"key":"Vajra"},{"floor":9.0,"key":"Pen Nib"},{"floor":22.0,"key":"Ginger"},{"floor":22.0,"key":"Gremlin Horn"},{"floor":23.0,"key":"Bag of Preparation"},{"floor":26.0,"key":"Singing Bowl"},{"floor":28.0,"key":"Blue Candle"},{"floor":40.0,"key":"Old Coin"},{"floor":44.0,"key":"Strawberry"},{"floor":45.0,"key":"Anchor"},{"floor":54,"key":"Art of War"}],"event_choices":[{"damage_healed":0.0,"max_hp_gain":0.0,"max_hp_loss":0.0,"gold_gain":0.0,"event_name":"Match and Keep!","player_choice":"1 cards matched","floor":3.0,"gold_loss":0.0,"damage_taken":0.0,"cards_obtained":["Brutality"]},{"damage_healed":0.0,"max_hp_gain":0.0,"max_hp_loss":0.0,"gold_gain":0.0,"event_name":"Colosseum","player_choice":"Fight","floor":22.0,"gold_loss":0.0,"damage_taken":0.0},{"damage_healed":0.0,"max_hp_gain":0.0,"max_hp_loss":0.0,"gold_gain":0.0,"event_name":"Colosseum","player_choice":"Fought Nobs","floor":22.0,"gold_loss":0.0,"damage_taken":0.0},{"damage_healed":0.0,"max_hp_gain":0.0,"max_hp_loss":0.0,"gold_gain":0.0,"event_name":"Forgotten Altar","player_choice":"Smashed Altar","floor":25.0,"gold_loss":0.0,"damage_taken":0.0,"cards_obtained":["Decay"]},{"cards_removed":["Decay"],"damage_healed":0.0,"max_hp_gain":0.0,"max_hp_loss":0.0,"gold_gain":0.0,"event_name":"Fountain of Cleansing","player_choice":"Removed Curses","floor":37.0,"gold_loss":0.0,"damage_taken":0.0}],"is_beta":false,"boss_relics":[{"not_picked":["Pandora\u0027s Box","Astrolabe"],"picked":"Busted Crown"},{"not_picked":["Snecko Eye","Runic Pyramid"],"picked":"Philosopher\u0027s Stone"}],"items_purged_floors":[20,53],"is_endless":false,"potions_floor_spawned":[1,6,10,14,19,21,23,31,39,40,46,48],"killed_by":"The Heart","ascension_level":13}