{"gold_per_floor":[20,20,36,52,62,94,94,94,94,94,94,94,107,207,207,305,305,321,244,254,254,271,271,271,271,296,310,310,310,310,235,235,340,340,354,367,367,379,379,379,398,398],"floor_reached":42,"playtime":1867,"items_purged":["Pummel"],"score":604,"play_id":"760fa02d-219a-48b9-8639-4a4f69144427","local_time":"20180810041016","is_ascension_mode":true,"campfire_choices":[{"data":"Uppercut","floor":8,"key":"SMITH"},{"data":"Bash","floor":10,"key":"SMITH"},{"floor":15,"key":"REST"},{"data":"Whirlwind","floor":23,"key":"SMITH"},{"data":"Armaments","floor":25,"key":"SMITH"},{"floor":32,"key":"REST"},{"data":"True Grit","floor":40,"key":"SMITH"}],"neow_cost":"NO_GOLD","seed_source_timestamp":86665458387385,"circlet_count":0,"master_deck":["Bash+1","Uppercut+1","Clash","Shrug It Off","Rage","Whirlwind+1","Armaments+1","Thunderclap","J.A.X.","Shrug It Off+1","Double Tap","True Grit+1","Inflame"],"relics":["Burning Blood","Strawberry","Meat on the Bone","Regal Pillow","Pandora\u0027s Box","Lantern","Mark of Pain","Bird Faced Urn"],"potions_floor_usage":[6,27,33,36,41,42],"damage_taken":[{"damage":13,"enemies":"Jaw Worm","floor":1,"turns":4},{"damage":3,"enemies":"Small Slimes","floor":3,"turns":4},{"damage":10,"enemies":"Cultist","floor":4,"turns":5},{"damage":9,"enemies":"Red Slaver","floor":5,"turns":5},{"damage":32,"enemies":"Gremlin Nob","floor":6,"turns":4},{"damage":4,"enemies":"Looter","floor":13,"turns":3},{"damage":79,"enemies":"Hexaghost","floor":16,"turns":11},{"damage":6,"enemies":"3 Byrds","floor":18,"turns":3},{"damage":16,"enemies":"Shell Parasite","floor":20,"turns":6},{"damage":20,"enemies":"Snake Plant","floor":22,"turns":5},{"damage":21,"enemies":"Snecko","floor":27,"turns":4},{"damage":47,"enemies":"Automaton","floor":33,"turns":9},{"damage":47,"enemies":"3 Darklings","floor":35,"turns":3},{"damage":45,"enemies":"Flame Bruiser 1 Orb","floor":36,"turns":5},{"damage":24,"enemies":"3 Darklings","floor":38,"turns":3},{"damage":8,"floor":39,"turns":9},{"damage":35,"enemies":"Sphere and 2 Shapes","floor":41,"turns":9},{"damage":31,"enemies":"Flame Bruiser 2 Orb","floor":42,"turns":2}],"seed_played":"5922191738322215792","potions_obtained":[{"floor":3,"key":"Strength Potion"},{"floor":13,"key":"Strength Potion"},{"floor":18,"key":"SteroidPotion"},{"floor":20,"key":"LiquidBronze"},{"floor":36,"key":"Swift Potion"},{"floor":39,"key":"Swift Potion"}],"is_trial":false,"path_per_floor":["M","?","M","M","M","E","?","R","T","R","T","?","M","?","R","B",null,"M","?","M","?","M","R","?","R","T","M","?","?","?","$","R","B",null,"M","M","?","M","?","R","M"],"character_chosen":"IRONCLAD","items_purchased":[],"campfire_rested":2,"item_purchase_floors":[],"current_hp_per_floor":[81,81,84,80,77,58,58,58,58,58,58,51,65,65,103,42,88,88,88,78,78,64,64,98,98,98,83,83,83,62,62,108,67,98,69,42,42,36,46,46,29,0],"gold":398,"neow_bonus":"TWENTY_PERCENT_HP_BONUS","is_prod":false,"is_daily":false,"chose_seed":false,"campfire_upgraded":5,"win_rate":0,"timestamp":1533888616,"path_taken":["M","?","?","M","M","E","?","R","T","R","?","?","M","?","R","BOSS","M","?","M","?","M","R","?","R","T","?","?","?","?","$","R","BOSS","M","?","?","M","?","R","M","M"],"build_version":"2018-08-09","purchased_purges":1,"victory":false,"max_hp_per_floor":[96,96,96,96,96,103,103,103,103,103,103,103,103,103,103,103,103,103,103,103,103,103,103,103,103,103,103,103,103,108,108,108,108,108,108,108,108,108,108,108,108,108],"card_choices":[{"not_picked":["Body Slam","Iron Wave","Bloodletting"],"picked":"SKIP","floor":1},{"not_picked":["Havoc","Armaments","Bloodletting"],"picked":"SKIP","floor":3},{"not_picked":["Twin Strike","Warcry","Cleave"],"picked":"SKIP","floor":4},{"not_picked":["Armaments","Evolve","Thunderclap"],"picked":"SKIP","floor":5},{"not_picked":["Feel No Pain","Warcry","Heavy Blade"],"picked":"SKIP","floor":6},{"not_picked":["Dark Embrace","Rupture"],"picked":"Clash","floor":13},{"not_picked":["Rupture","Power Through+1","Ghostly Armor"],"picked":"SKIP","floor":18},{"not_picked":["Dual Wield+1","Hemokinesis"],"picked":"Shrug It Off+1","floor":20},{"not_picked":["Sentinel","Shockwave+1","Cleave"],"picked":"SKIP","floor":22},{"not_picked":["Cleave","Seeing Red","Iron Wave"],"picked":"SKIP","floor":27},{"not_picked":["Barricade","Impervious"],"picked":"Double Tap","floor":33},{"not_picked":["Anger","Reckless Charge+1"],"picked":"True Grit","floor":35},{"not_picked":["Power Through","Body Slam+1","Heavy Blade"],"picked":"SKIP","floor":36},{"not_picked":["Second Wind","Combust","Heavy Blade"],"picked":"SKIP","floor":38},{"not_picked":["Cleave","Shrug It Off"],"picked":"Inflame","floor":41}],"player_experience":188721,"relics_obtained":[{"floor":6,"key":"Strawberry"},{"floor":9,"key":"Meat on the Bone"},{"floor":11,"key":"Regal Pillow"},{"floor":26,"key":"Lantern"},{"floor":39,"key":"Bird Faced Urn"}],"event_choices":[{"event_name":"Liars Game","player_choice":"disagreed","floor":2,"damage_taken":0},{"event_name":"Transmorgrifier","player_choice":"Transform","floor":7,"damage_taken":0},{"event_name":"Golden Wing","player_choice":"Card Removal","floor":12,"damage_taken":0},{"event_name":"Golden Shrine","player_choice":"Pray","floor":14,"damage_taken":0},{"event_name":"Drug Dealer","player_choice":"Got JAXXED","floor":19,"damage_taken":0},{"event_name":"Purifier","player_choice":"One Purge","floor":21,"damage_taken":0},{"event_name":"The Library","player_choice":"Heal","floor":24,"damage_taken":0},{"event_name":"Ghosts","player_choice":"Ignored","floor":28,"damage_taken":0},{"event_name":"Vampires","player_choice":"Ignored","floor":29,"damage_taken":0},{"event_name":"Forgotten Altar","player_choice":"Shed Blood","floor":30,"damage_taken":0},{"event_name":"Tomb of Lord Red Mask","player_choice":"Ignored","floor":37,"damage_taken":0},{"event_name":"MindBloom","player_choice":"Fight","floor":39,"damage_taken":0}],"is_beta":false,"boss_relics":[{"not_picked":["Philosopher\u0027s Stone","Runic Dome"],"picked":"Pandora\u0027s Box"},{"not_picked":["Fusion Hammer","Astrolabe"],"picked":"Mark of Pain"}],"items_purged_floors":[31],"is_endless":false,"potions_floor_spawned":[3,13,18,20,36,39],"killed_by":"Flame Bruiser 2 Orb","ascension_level":8}