{"gold_per_floor":[119,129,129,146,96,96,127,127,127,127,140,151,180,190,190,288,288,303,303,228,242,32,32],"floor_reached":23,"playtime":2264,"items_purged":[],"score":261,"play_id":"c78cc323-f465-4dda-b74d-992780a8814e","local_time":"20190309103709","is_ascension_mode":true,"campfire_choices":[{"data":"Accuracy","floor":6,"key":"SMITH"},{"data":"Terror","floor":8,"key":"SMITH"},{"data":"Neutralize","floor":10,"key":"SMITH"},{"floor":15,"key":"REST"}],"neow_cost":"NONE","seed_source_timestamp":243033279311620,"circlet_count":0,"master_deck":["Strike_G+1","Strike_G+1","Survivor","Neutralize+1","Infinite Blades","Accuracy+1","Terror+1","Backflip","Tactician","Malaise","Accuracy","Cloak And Dagger","A Thousand Cuts","Die Die Die+1","Night Terror+1","Bullet Time+1","Cloak And Dagger","Blade Dance","After Image","Dagger Throw"],"relics":["Ring of the Snake","Question Card","Darkstone Periapt","Whetstone","Astrolabe"],"potions_floor_usage":[13,13,13],"damage_taken":[{"damage":0,"enemies":"Small Slimes","floor":1,"turns":5},{"damage":0,"enemies":"Cultist","floor":2,"turns":4},{"damage":5,"enemies":"Jaw Worm","floor":4,"turns":4},{"damage":10,"enemies":"Lagavulin","floor":7,"turns":8},{"damage":0,"enemies":"Large Slime","floor":11,"turns":5},{"damage":2,"enemies":"Exordium Wildlife","floor":12,"turns":5},{"damage":24,"enemies":"3 Sentries","floor":13,"turns":8},{"damage":21,"enemies":"Gremlin Gang","floor":14,"turns":7},{"damage":15,"enemies":"Slime Boss","floor":16,"turns":9},{"damage":23,"enemies":"Spheric Guardian","floor":18,"turns":5},{"damage":25,"enemies":"2 Thieves","floor":21,"turns":3},{"damage":11,"enemies":"Book of Stabbing","floor":23,"turns":1}],"seed_played":"3457483073924313723","potions_obtained":[{"floor":1,"key":"Swift Potion"},{"floor":11,"key":"Explosive Potion"},{"floor":12,"key":"SkillPotion"}],"is_trial":false,"path_per_floor":["M","M","?","M","?","R","E","R","T","R","M","M","E","M","R","B",null,"M","?","?","M","$","E"],"character_chosen":"THE_SILENT","items_purchased":["After Image","Dagger Throw"],"campfire_rested":1,"item_purchase_floors":[22,22],"current_hp_per_floor":[63,63,63,58,58,58,48,48,48,48,48,46,22,1,22,7,54,31,31,31,6,6,0],"gold":32,"neow_bonus":"TRANSFORM_CARD","is_prod":false,"is_daily":false,"chose_seed":false,"campfire_upgraded":3,"win_rate":0,"timestamp":1552124229,"path_taken":["M","M","?","?","?","R","E","R","T","R","M","M","E","M","R","BOSS","M","?","?","M","$","E"],"build_version":"2019-01-23","purchased_purges":0,"victory":false,"max_hp_per_floor":[70,70,70,70,70,70,70,70,70,70,70,70,70,70,70,70,70,70,70,70,70,70,70],"card_choices":[{"not_picked":["Skewer","Dagger Spray"],"picked":"Accuracy","floor":1},{"not_picked":["Dagger Throw","Eviscerate"],"picked":"Terror","floor":2},{"not_picked":["Poisoned Stab","Deadly Poison"],"picked":"Backflip","floor":4},{"not_picked":["PiercingWail","Dodge and Roll"],"picked":"Tactician","floor":7},{"not_picked":["Dagger Spray","Bane","Backflip"],"picked":"Malaise","floor":11},{"not_picked":["Dodge and Roll","Dagger Spray","Underhanded Strike","Outmaneuver"],"picked":"SKIP","floor":12},{"not_picked":["Tactician","Blade Dance","All Out Attack"],"picked":"Accuracy","floor":13},{"not_picked":["Reflex","Backstab","Dagger Spray"],"picked":"Cloak And Dagger","floor":14},{"not_picked":["Doppelganger","Malaise","Night Terror"],"picked":"A Thousand Cuts","floor":16},{"not_picked":["Expertise+1","Slice","Bane"],"picked":"Cloak And Dagger","floor":18},{"not_picked":["Heel Hook","Bane","Dagger Throw+1"],"picked":"Blade Dance","floor":21}],"player_experience":461545,"relics_obtained":[{"floor":7,"key":"Question Card"},{"floor":9,"key":"Darkstone Periapt"},{"floor":13,"key":"Whetstone"}],"event_choices":[{"cards_removed":["Defend_G"],"damage_healed":0,"gold_gain":0,"player_choice":"Offered Basic","damage_taken":0,"max_hp_gain":0,"max_hp_loss":0,"event_name":"Bonfire Elementals","floor":3,"gold_loss":0},{"cards_removed":["Strike_G"],"damage_healed":0,"gold_gain":0,"player_choice":"Card Removal","damage_taken":0,"max_hp_gain":0,"max_hp_loss":0,"event_name":"The Cleric","floor":5,"gold_loss":50},{"cards_removed":["Defend_G"],"damage_healed":0,"gold_gain":0,"player_choice":"Elegance","damage_taken":0,"max_hp_gain":0,"max_hp_loss":0,"event_name":"Back to Basics","floor":19,"gold_loss":0},{"cards_removed":["Defend_G"],"damage_healed":0,"gold_gain":0,"player_choice":"Gave Gold","damage_taken":0,"max_hp_gain":0,"max_hp_loss":0,"event_name":"Beggar","floor":20,"gold_loss":75}],"is_beta":false,"boss_relics":[{"not_picked":["Pandora\u0027s Box","Eternal Feather"],"picked":"Astrolabe"}],"items_purged_floors":[],"is_endless":false,"potions_floor_spawned":[1,11,12],"killed_by":"Book of Stabbing","ascension_level":6}