{"gold_per_floor":[116,116,132,307,327,360,360,360],"floor_reached":8,"playtime":362,"items_purged":[],"score":76,"play_id":"3a579ef9-38c9-4b48-bd2e-54934fa76a12","local_time":"20190313164140","is_ascension_mode":true,"campfire_choices":[{"floor":7,"key":"REST"}],"neow_cost":"NONE","seed_source_timestamp":310740474286301,"circlet_count":0,"master_deck":["Defend_G","Defend_G","Defend_G","Defend_G","Defend_G","Strike_G","Strike_G","Strike_G","Strike_G","Survivor","Neutralize","Caltrops","Prepared","Doubt","Sucker Punch","Escape Plan"],"relics":["Ring of the Snake","Snake Skull"],"potions_floor_usage":[],"damage_taken":[{"damage":12,"enemies":"Cultist","floor":1,"turns":5},{"damage":6,"enemies":"Jaw Worm","floor":3,"turns":6},{"damage":0,"enemies":"Small Slimes","floor":5,"turns":5},{"damage":50,"enemies":"Gremlin Nob","floor":6,"turns":6},{"damage":12,"enemies":"Lagavulin","floor":8,"turns":7}],"seed_played":"-8053742144881971873","potions_obtained":[{"floor":5,"key":"GhostInAJar"},{"floor":6,"key":"Block Potion"}],"is_trial":false,"path_per_floor":["M","?","M","?","M","E","R","E"],"character_chosen":"THE_SILENT","items_purchased":[],"campfire_rested":1,"item_purchase_floors":[],"current_hp_per_floor":[58,58,52,52,52,2,25,13],"gold":360,"neow_bonus":"TEN_PERCENT_HP_BONUS","is_prod":false,"is_daily":false,"chose_seed":false,"campfire_upgraded":0,"win_rate":0,"timestamp":1552491700,"path_taken":["M","?","?","?","M","E","R","E"],"build_version":"2019-01-23","purchased_purges":0,"victory":false,"max_hp_per_floor":[77,77,77,77,77,77,77,77],"card_choices":[{"not_picked":["Quick Slash","Distraction"],"picked":"Caltrops","floor":1},{"not_picked":["Blade Dance","Poisoned Stab"],"picked":"Prepared","floor":3},{"not_picked":["Dagger Spray","Slice"],"picked":"Sucker Punch","floor":5},{"not_picked":["Riddle With Holes","Endless Agony"],"picked":"Escape Plan","floor":6}],"player_experience":484917,"relics_obtained":[{"floor":6,"key":"Snake Skull"}],"event_choices":[{"cards_removed":["Strike_G"],"damage_healed":0,"gold_gain":0,"player_choice":"Purged","damage_taken":0,"max_hp_gain":0,"max_hp_loss":0,"event_name":"Purifier","floor":2,"gold_loss":0},{"damage_healed":0,"gold_gain":175,"player_choice":"AGREE","damage_taken":0,"max_hp_gain":0,"max_hp_loss":0,"event_name":"Liars Game","floor":4,"gold_loss":0,"cards_obtained":["Doubt"]}],"is_beta":false,"boss_relics":[],"items_purged_floors":[],"is_endless":false,"potions_floor_spawned":[5,6],"killed_by":"Lagavulin","ascension_level":7}