{"gold_per_floor":[110,110,110,110,35,35,67,67,136,136,211,224,124,124,124,226,226,239,239,239,251,126,126,143,173,173,186,211,211,225,245,245,346,346,356,356,375,391,241,274,99,110,110,127,160,171,171,201,201,201],"floor_reached":51,"playtime":2945,"items_purged":["Strike_R","Defend_R","Strike_R","Strike_R","Defend_R"],"score":1305,"play_id":"99e4b8d0-0ee7-496d-98f8-cd7c6d78b9a2","local_time":"20180720233320","is_ascension_mode":true,"campfire_choices":[{"data":"Bash","floor":6,"key":"SMITH"},{"data":"Dropkick","floor":8,"key":"SMITH"},{"data":"Defend_R","floor":10,"key":"SMITH"},{"data":"Dropkick","floor":15,"key":"SMITH"},{"data":"Wild Strike","floor":23,"key":"SMITH"},{"floor":29,"key":"REST"},{"floor":32,"key":"REST"},{"floor":49,"key":"REST"}],"neow_cost":"NONE","seed_source_timestamp":30006120035818,"circlet_count":0,"master_deck":["Defend_R+1","Bash+1","Armaments+1","Wild Strike+1","Dropkick+1","Dropkick+1"],"relics":["Burning Blood","Kunai","Singing Bowl","Runic Pyramid","Molten Egg 2","Toxic Egg 2","Incense Burner","Black Star","Turnip","Bronze Scales","Oddly Smooth Stone","Meat on the Bone","Ornamental Fan","Bottled Lightning","Blue Candle","Pear","Pantograph"],"potions_floor_usage":[31,33,50],"damage_taken":[{"damage":6,"enemies":"Jaw Worm","floor":1,"turns":5},{"damage":20,"enemies":"Lagavulin","floor":7,"turns":8},{"damage":1,"enemies":"Cultist","floor":12,"turns":4},{"damage":7,"enemies":"The Guardian","floor":16,"turns":11},{"damage":0,"enemies":"Chosen","floor":18,"turns":3},{"damage":3,"enemies":"Shell Parasite","floor":21,"turns":3},{"damage":16,"enemies":"Snecko","floor":24,"turns":4},{"damage":19,"enemies":"Gremlin Leader","floor":25,"turns":3},{"damage":15,"enemies":"Snake Plant","floor":27,"turns":2},{"damage":11,"enemies":"Book of Stabbing","floor":28,"turns":3},{"damage":6,"enemies":"3 Cultists","floor":30,"turns":4},{"damage":34,"enemies":"Sentry and Sphere","floor":31,"turns":9},{"damage":0,"enemies":"Collector","floor":33,"turns":1},{"damage":13,"enemies":"3 Darklings","floor":35,"turns":8},{"damage":0,"floor":36,"turns":2},{"damage":17,"enemies":"3 Shapes","floor":37,"turns":6},{"damage":7,"enemies":"Spire Growth","floor":38,"turns":2},{"damage":4,"enemies":"Giant Head","floor":40,"turns":2},{"damage":0,"enemies":"Flame Bruiser 2 Orb","floor":42,"turns":2},{"damage":0,"enemies":"Maw","floor":44,"turns":2},{"damage":36,"enemies":"2 Orb Walkers","floor":45,"turns":4},{"damage":0,"enemies":"4 Shapes","floor":46,"turns":8},{"damage":0,"enemies":"Giant Head","floor":48,"turns":3},{"damage":7,"enemies":"Time Eater","floor":50,"turns":6}],"seed_played":"-7328384768493955656","potions_obtained":[{"floor":1,"key":"Poison Potion"},{"floor":12,"key":"BloodPotion"},{"floor":18,"key":"Weak Potion"},{"floor":21,"key":"FearPotion"},{"floor":25,"key":"Swift Potion"},{"floor":33,"key":"EssenceOfSteel"},{"floor":35,"key":"AttackPotion"},{"floor":36,"key":"BloodPotion"},{"floor":40,"key":"SteroidPotion"}],"is_trial":false,"path_per_floor":["M","?","?","?","$","R","E","R","T","R","?","M","$","$","R","B",null,"M","?","?","M","$","R","M","E","T","M","E","R","M","M","R","B",null,"M","?","M","M","$","E","$","M","T","M","E","M","T","E","R","B"],"character_chosen":"IRONCLAD","items_purchased":[],"campfire_rested":3,"item_purchase_floors":[],"current_hp_per_floor":[80,80,80,80,80,80,66,66,66,66,58,63,63,63,63,64,82,84,84,84,86,86,86,78,67,67,60,57,85,87,61,90,98,100,95,103,94,95,95,99,99,107,107,114,86,94,94,112,130,129],"gold":201,"neow_bonus":"REMOVE_CARD","is_prod":false,"is_daily":false,"chose_seed":false,"campfire_upgraded":5,"win_rate":0,"timestamp":1532144000,"path_taken":["M","?","?","?","?","R","E","R","T","R","?","M","?","$","R","BOSS","M","?","?","M","?","R","M","E","T","?","E","R","M","M","R","BOSS","M","?","?","M","$","E","$","M","T","?","E","M","?","E","R","BOSS"],"build_version":"2018-07-19v2","purchased_purges":5,"victory":true,"max_hp_per_floor":[80,80,80,80,80,80,80,80,80,80,80,80,80,80,80,82,82,84,84,84,86,86,86,88,90,90,92,94,94,96,98,98,100,100,102,104,106,108,108,110,110,112,112,114,116,118,118,130,130,130],"card_choices":[{"not_picked":["Searing Blow","Anger"],"picked":"Armaments","floor":1},{"not_picked":["Dual Wield","Armaments"],"picked":"Dropkick","floor":7},{"not_picked":["True Grit","Headbutt"],"picked":"Dropkick","floor":12},{"not_picked":["Berserk","Feed","Limit Break"],"picked":"Singing Bowl","floor":16},{"not_picked":["Warcry","True Grit","Perfected Strike"],"picked":"Singing Bowl","floor":18},{"not_picked":["Perfected Strike+1","Wild Strike","Double Tap"],"picked":"Singing Bowl","floor":21},{"not_picked":["Evolve","Headbutt","Entrench"],"picked":"Singing Bowl","floor":24},{"not_picked":["Pommel Strike","Seeing Red+1","Shrug It Off"],"picked":"Singing Bowl","floor":25},{"not_picked":["Ghostly Armor+1","Iron Wave+1","Combust"],"picked":"Singing Bowl","floor":27},{"not_picked":["Havoc+1","Headbutt+1","Thunderclap+1"],"picked":"Singing Bowl","floor":28},{"not_picked":["Metallicize","Headbutt+1","Inflame"],"picked":"Singing Bowl","floor":30},{"not_picked":["Clothesline+1","Rampage+1","Infernal Blade+1"],"picked":"Singing Bowl","floor":31},{"not_picked":["Brutality","Feed+1","Limit Break+1"],"picked":"Singing Bowl","floor":33},{"not_picked":["Sword Boomerang+1","Perfected Strike+1","Spot Weakness+1"],"picked":"Singing Bowl","floor":35},{"not_picked":["Anger+1","Inflame","Heavy Blade+1"],"picked":"Singing Bowl","floor":36},{"not_picked":["Warcry+1","Rampage+1","Sentinel+1"],"picked":"Singing Bowl","floor":37},{"not_picked":["Thunderclap+1","Heavy Blade+1","Blood for Blood+1"],"picked":"Singing Bowl","floor":38},{"not_picked":["True Grit+1","Disarm+1","Power Through+1"],"picked":"Singing Bowl","floor":40},{"not_picked":["Rupture","Twin Strike+1","Reckless Charge+1"],"picked":"Singing Bowl","floor":42},{"not_picked":["Iron Wave+1","Heavy Blade+1","Havoc+1"],"picked":"Singing Bowl","floor":44},{"not_picked":["Inflame","Pommel Strike+1","Iron Wave+1"],"picked":"Singing Bowl","floor":45},{"not_picked":["Cleave+1","True Grit+1","Headbutt+1"],"picked":"Singing Bowl","floor":46},{"not_picked":["Reaper+1","Feed+1","Infernal Blade+1"],"picked":"Singing Bowl","floor":48}],"player_experience":134693,"relics_obtained":[{"floor":7,"key":"Kunai"},{"floor":9,"key":"Singing Bowl"},{"floor":25,"key":"Molten Egg 2"},{"floor":26,"key":"Toxic Egg 2"},{"floor":28,"key":"Incense Burner"},{"floor":36,"key":"Turnip"},{"floor":40,"key":"Bronze Scales"},{"floor":40,"key":"Oddly Smooth Stone"},{"floor":43,"key":"Meat on the Bone"},{"floor":45,"key":"Ornamental Fan"},{"floor":45,"key":"Bottled Lightning"},{"floor":47,"key":"Blue Candle"},{"floor":48,"key":"Pear"},{"floor":48,"key":"Pantograph"}],"event_choices":[{"event_name":"Transmorgrifier","player_choice":"Transform","floor":2,"damage_taken":0},{"event_name":"Upgrade Shrine","player_choice":"Upgraded","floor":3,"damage_taken":0},{"event_name":"Liars Game","player_choice":"disagreed","floor":4,"damage_taken":0},{"event_name":"FaceTrader","player_choice":"Touch","floor":11,"damage_taken":0},{"event_name":"Back to Basics","player_choice":"Elegance","floor":19,"damage_taken":0},{"event_name":"The Library","player_choice":"Heal","floor":20,"damage_taken":0},{"event_name":"MindBloom","player_choice":"Fight","floor":36,"damage_taken":0}],"is_beta":false,"boss_relics":[{"not_picked":["Cursed Key","Velvet Choker"],"picked":"Runic Pyramid"},{"not_picked":["Coffee Dripper","Black Blood"],"picked":"Black Star"}],"items_purged_floors":[5,13,22,39,41],"is_endless":false,"potions_floor_spawned":[1,12,18,21,25,30,33,35,36,40,46],"ascension_level":2}