{"gold_per_floor":[111,127,137,155,174,174,174,174,474,489,489,552,573,597,597,717,717,730,219,144,144,164,164,182,182,182,182,255,255,279,279,279,403,403,422,422,17,33,33,33,33,33,106,106,144,169,294,29,29,29],"floor_reached":51,"playtime":4079,"items_purged":["Regret","Strike_B","Defend_B"],"score":810,"play_id":"df7ce0fb-a631-4a38-af7a-28408b3f1794","local_time":"20190317225528","is_ascension_mode":false,"campfire_choices":[{"data":"Coolheaded","floor":6,"key":"SMITH"},{"data":"Glacier","floor":11,"key":"SMITH"},{"data":"Doom and Gloom","floor":15,"key":"SMITH"},{"data":"Defragment","floor":23,"key":"SMITH"},{"data":"Sunder","floor":25,"key":"SMITH"},{"data":"Self Repair","floor":27,"key":"SMITH"},{"data":"Meteor Strike","floor":29,"key":"SMITH"},{"data":"Ball Lightning","floor":32,"key":"SMITH"},{"data":"Strike_B","floor":40,"key":"PURGE"},{"data":"Defend_B","floor":44,"key":"PURGE"},{"data":"Defend_B","floor":49,"key":"PURGE"}],"neow_cost":"NONE","seed_source_timestamp":12022890789914,"circlet_count":0,"master_deck":["Defend_B","Dualcast","Glacier+1","Double Energy","Coolheaded+1","Meteor Strike+1","Ball Lightning","Conserve Battery+1","Doom and Gloom+1","Compile Driver","Force Field+1","Echo Form","Sunder+1","Defragment+1","Transmutation+1","Coolheaded+1","Ball Lightning+1","Ball Lightning","Self Repair+1","Tempest+1","Doom and Gloom+1","Creative AI","Turbo+1","Force Field+1","Turbo+1","Good Instincts+1","Jack Of All Trades+1","Consume+1","Double Energy+1","Sunder+1","Leap+1","Jack Of All Trades+1"],"relics":["Snecko Eye","Toxic Egg 2","Golden Idol","Old Coin","FossilizedHelix","Inserter","Bottled Lightning","Tiny Chest","Singing Bowl","Coffee Dripper","Peace Pipe","Gambling Chip","Dodecahedron","Mercury Hourglass","Torii"],"potions_floor_usage":[10,12,16,16,24,50,50,50],"damage_taken":[{"damage":5,"enemies":"Small Slimes","floor":1,"turns":3},{"damage":0,"enemies":"2 Louse","floor":2,"turns":7},{"damage":10,"enemies":"Cultist","floor":3,"turns":4},{"damage":0,"enemies":"Exordium Wildlife","floor":4,"turns":7},{"damage":0,"enemies":"3 Louse","floor":5,"turns":3},{"damage":16,"enemies":"Gremlin Gang","floor":10,"turns":3},{"damage":8,"enemies":"Lagavulin Event","floor":12,"turns":3},{"damage":0,"enemies":"Exordium Wildlife","floor":13,"turns":2},{"damage":0,"enemies":"3 Louse","floor":14,"turns":2},{"damage":0,"enemies":"Slime Boss","floor":16,"turns":2},{"damage":8,"enemies":"3 Byrds","floor":18,"turns":4},{"damage":0,"enemies":"Spheric Guardian","floor":22,"turns":3},{"damage":7,"enemies":"Shelled Parasite and Fungi","floor":24,"turns":5},{"damage":12,"enemies":"Book of Stabbing","floor":28,"turns":5},{"damage":14,"enemies":"Snake Plant","floor":30,"turns":2},{"damage":9,"enemies":"Champ","floor":33,"turns":6},{"damage":21,"enemies":"3 Shapes","floor":35,"turns":3},{"damage":0,"enemies":"3 Darklings","floor":38,"turns":3},{"damage":0,"enemies":"Giant Head","floor":45,"turns":6},{"damage":0,"enemies":"Spire Growth","floor":46,"turns":3},{"damage":0,"enemies":"Mind Bloom Boss Battle","floor":47,"turns":3},{"damage":0,"enemies":"Donu and Deca","floor":50,"turns":7}],"seed_played":"5499844675003712755","potions_obtained":[{"floor":1,"key":"GamblersBrew"},{"floor":10,"key":"Poison Potion"},{"floor":13,"key":"AttackPotion"},{"floor":14,"key":"GamblersBrew"},{"floor":18,"key":"Energy Potion"},{"floor":28,"key":"SteroidPotion"},{"floor":35,"key":"Poison Potion"},{"floor":45,"key":"SpeedPotion"},{"floor":46,"key":"FocusPotion"}],"is_trial":false,"path_per_floor":["M","M","M","M","M","R","?","?","T","M","R","?","M","M","R","B",null,"M","$","?","?","M","R","M","R","T","R","E","R","M","T","R","B",null,"M","?","$","M","T","R","?","?","T","R","E","M","?","$","R","B",null],"character_chosen":"DEFECT","items_purchased":["Sunder","Defragment","Transmutation+1","Coolheaded+1","Ball Lightning","Peace Pipe","Leap+1","Jack Of All Trades+1"],"campfire_rested":0,"item_purchase_floors":[19,19,19,19,19,37,48,48],"current_hp_per_floor":[70,70,60,60,60,60,60,60,60,44,44,36,36,36,36,36,69,61,61,61,61,61,61,54,54,54,54,62,62,58,58,58,49,69,58,58,58,68,68,68,60,60,60,60,71,71,71,71,71,71],"gold":29,"neow_bonus":"BOSS_RELIC","is_prod":false,"is_daily":false,"chose_seed":false,"campfire_upgraded":8,"win_rate":0,"timestamp":1552884928,"path_taken":["M","M","M","M","M","R","?","?","T","M","R","?","M","M","R","BOSS","M","$","?","?","?","R","M","R","T","R","E","R","M","?","R","BOSS","M","?","$","?","?","R","?","?","T","R","E","M","?","$","R","BOSS"],"build_version":"2019-01-23","purchased_purges":3,"victory":true,"max_hp_per_floor":[75,75,75,75,75,75,75,69,69,69,69,69,69,69,69,69,69,69,69,69,69,69,69,69,69,69,69,69,69,69,69,69,69,69,69,69,69,69,69,69,71,71,71,71,71,71,71,71,71,71],"card_choices":[{"not_picked":["Chill","Barrage"],"picked":"Glacier","floor":1},{"not_picked":["Conserve Battery","Barrage"],"picked":"Double Energy","floor":2},{"not_picked":["Beam Cell","Steam"],"picked":"Coolheaded","floor":3},{"not_picked":["Sweeping Beam","Reinforced Body"],"picked":"Meteor Strike","floor":4},{"not_picked":["Turbo","Conserve Battery"],"picked":"Ball Lightning","floor":5},{"not_picked":["Rebound","Stack+1"],"picked":"Conserve Battery+1","floor":10},{"not_picked":["Hologram+1","Amplify+1"],"picked":"Doom and Gloom","floor":12},{"not_picked":["Lockon","Reprogram+1"],"picked":"Compile Driver","floor":13},{"not_picked":["Streamline","Coolheaded+1"],"picked":"Force Field+1","floor":14},{"not_picked":["Hyperbeam","Reboot+1"],"picked":"Echo Form","floor":16},{"not_picked":["Go for the Eyes","Rebound","Sweeping Beam"],"picked":"SKIP","floor":18},{"not_picked":["Sweeping Beam","Barrage"],"picked":"Ball Lightning","floor":22},{"not_picked":["BootSequence+1","Hyperbeam"],"picked":"Self Repair","floor":24},{"not_picked":["Hologram+1","Turbo+1"],"picked":"Tempest+1","floor":28},{"not_picked":["Redo+1","Blizzard+1"],"picked":"Doom and Gloom+1","floor":30},{"not_picked":["Echo Form","Reboot+1"],"picked":"Creative AI","floor":33},{"not_picked":["Lockon","Ball Lightning+1"],"picked":"Turbo+1","floor":35},{"not_picked":["Conserve Battery+1","Beam Cell"],"picked":"Turbo+1","floor":38},{"not_picked":["Secret Weapon+1","Madness+1","Purity+1"],"picked":"Singing Bowl","floor":41},{"not_picked":["Deep Breath+1","Bandage Up+1"],"picked":"Good Instincts+1","floor":41},{"not_picked":["Dark Shackles+1","Panacea+1"],"picked":"Jack Of All Trades+1","floor":41},{"not_picked":["Ball Lightning+1","Heatsinks+1"],"picked":"Consume+1","floor":45},{"not_picked":["Steam Power+1","Cold Snap+1"],"picked":"Double Energy+1","floor":46},{"not_picked":["Sweeping Beam","Glacier+1"],"picked":"Sunder+1","floor":47}],"player_experience":1060368,"relics_obtained":[{"floor":9,"key":"Old Coin"},{"floor":12,"key":"FossilizedHelix"},{"floor":26,"key":"Bottled Lightning"},{"floor":28,"key":"Tiny Chest"},{"floor":31,"key":"Singing Bowl"},{"floor":39,"key":"Gambling Chip"},{"floor":43,"key":"Dodecahedron"},{"floor":45,"key":"Mercury Hourglass"},{"floor":47,"key":"Torii"}],"event_choices":[{"damage_healed":0,"gold_gain":0,"player_choice":"Box","damage_taken":0,"relics_obtained":["Toxic Egg 2"],"max_hp_gain":0,"max_hp_loss":0,"event_name":"Big Fish","floor":7,"gold_loss":0,"cards_obtained":["Regret"]},{"damage_healed":0,"gold_gain":0,"player_choice":"Lose Max HP","damage_taken":0,"relics_obtained":["Golden Idol"],"max_hp_gain":0,"max_hp_loss":6,"event_name":"Golden Idol","floor":8,"gold_loss":0},{"damage_healed":0,"gold_gain":30,"player_choice":"Searched \u00272\u0027 times","damage_taken":0,"max_hp_gain":0,"max_hp_loss":0,"event_name":"Dead Adventurer","floor":12,"gold_loss":0},{"cards_removed":["Strike_B"],"damage_healed":0,"gold_gain":0,"player_choice":"Gave Gold","damage_taken":0,"max_hp_gain":0,"max_hp_loss":0,"event_name":"Beggar","floor":20,"gold_loss":75},{"damage_healed":0,"gold_gain":0,"player_choice":"Ignored","damage_taken":0,"max_hp_gain":0,"max_hp_loss":0,"event_name":"NoteForYourself","floor":21,"gold_loss":0},{"damage_healed":0,"gold_gain":0,"cards_transformed":["Strike_B"],"player_choice":"Transformed","damage_taken":0,"max_hp_gain":0,"max_hp_loss":0,"event_name":"Transmorgrifier","floor":36,"gold_loss":0,"cards_obtained":["Force Field"]},{"damage_healed":0,"gold_gain":0,"player_choice":"Memory 3","damage_taken":10,"max_hp_gain":0,"max_hp_loss":0,"event_name":"SensoryStone","floor":41,"gold_loss":0},{"cards_removed":["Zap"],"damage_healed":0,"gold_gain":0,"player_choice":"Removed Skill","damage_taken":0,"max_hp_gain":0,"max_hp_loss":0,"event_name":"Falling","floor":42,"gold_loss":0},{"damage_healed":0,"gold_gain":0,"player_choice":"Fight","damage_taken":0,"max_hp_gain":0,"max_hp_loss":0,"event_name":"MindBloom","floor":47,"gold_loss":0}],"is_beta":false,"boss_relics":[{"not_picked":["Calling Bell","Tiny House"],"picked":"Inserter"},{"not_picked":["Astrolabe","Runic Pyramid"],"picked":"Coffee Dripper"}],"items_purged_floors":[19,37,48],"is_endless":false,"potions_floor_spawned":[1,10,13,14,18,28,35,45,46],"ascension_level":0}