{"gold_per_floor":[114,134,84,84,84,119,119,179,179,179,206,216,216,216,216,216],"floor_reached":16,"playtime":513,"items_purged":[],"score":138,"play_id":"7d1f9395-f72d-4c47-8a14-dd72eff28b1f","local_time":"20180809225508","is_ascension_mode":true,"campfire_choices":[{"floor":7,"key":"REST"},{"data":"Cleave","floor":10,"key":"SMITH"},{"floor":15,"key":"REST"}],"neow_cost":"NONE","seed_source_timestamp":69111504545851,"circlet_count":0,"master_deck":["Strike_R","Strike_R","Strike_R","Defend_R","Defend_R","Defend_R","Defend_R","Bash","Cleave+1","Disarm"],"relics":["Burning Blood","Bag of Preparation","Tiny Chest","Gremlin Horn","Anchor","Golden Idol"],"potions_floor_usage":[16,16,16],"damage_taken":[{"damage":0,"enemies":"Small Slimes","floor":1,"turns":3},{"damage":2,"enemies":"Jaw Worm","floor":2,"turns":3},{"damage":32,"enemies":"Gremlin Nob","floor":6,"turns":4},{"damage":60,"enemies":"Lagavulin","floor":8,"turns":10},{"damage":0,"enemies":"2 Louse","floor":12,"turns":1},{"damage":64,"enemies":"Hexaghost","floor":16,"turns":10}],"seed_played":"6934755488366971186","potions_obtained":[{"floor":1,"key":"Fire Potion"},{"floor":8,"key":"Energy Potion"},{"floor":12,"key":"Regen Potion"}],"is_trial":false,"path_per_floor":["M","M","?","?","?","E","R","E","T","R","T","M","?","?","R"],"character_chosen":"IRONCLAD","items_purchased":[],"campfire_rested":2,"item_purchase_floors":[],"current_hp_per_floor":[86,88,88,88,93,67,93,39,39,39,39,45,45,22,49,0],"gold":216,"neow_bonus":"TEN_PERCENT_HP_BONUS","is_prod":false,"is_daily":false,"chose_seed":false,"campfire_upgraded":1,"win_rate":0,"timestamp":1533869708,"path_taken":["M","M","?","?","?","E","R","E","T","R","?","?","?","?","R","BOSS"],"build_version":"2018-08-09","purchased_purges":0,"victory":false,"max_hp_per_floor":[88,88,88,88,93,93,93,93,93,93,93,93,93,93,93,93],"card_choices":[{"not_picked":["Second Wind","Body Slam"],"picked":"Cleave","floor":1},{"not_picked":["Hemokinesis","Wild Strike","Heavy Blade"],"picked":"SKIP","floor":2},{"not_picked":["Clothesline","Wild Strike"],"picked":"Disarm","floor":6},{"not_picked":["Clothesline","Cleave","Body Slam"],"picked":"SKIP","floor":8},{"not_picked":["Clothesline","Twin Strike","Intimidate"],"picked":"SKIP","floor":12}],"player_experience":177423,"relics_obtained":[{"floor":6,"key":"Bag of Preparation"},{"floor":8,"key":"Tiny Chest"},{"floor":9,"key":"Gremlin Horn"},{"floor":11,"key":"Anchor"}],"event_choices":[{"event_name":"The Cleric","player_choice":"Card Removal","floor":3,"damage_taken":0},{"event_name":"Living Wall","player_choice":"Forget","floor":4,"damage_taken":0},{"event_name":"Big Fish","player_choice":"Donut","floor":5,"damage_taken":0},{"event_name":"The Woman in Blue","player_choice":"Bought 0 Potions","floor":13,"damage_taken":0},{"event_name":"Golden Idol","player_choice":"Take Damage","floor":14,"damage_taken":0}],"is_beta":false,"boss_relics":[],"items_purged_floors":[],"is_endless":false,"potions_floor_spawned":[1,8,12],"killed_by":"Hexaghost","ascension_level":6}