{"gold_per_floor":[110,110,125,145,162,176,201,201,226,147,132,132,157,175,175,271,271,283,283,303,0,0,0,14,14,14,24,34,34,34,54,54,153,153,168,180,195,218,118,118,118,118],"floor_reached":42,"playtime":4690,"items_purged":["Gash","Pain"],"score":474,"play_id":"c9272c5a-62a2-4324-b2d0-2fc7282f50ec","local_time":"20190122192452","is_ascension_mode":true,"campfire_choices":[{"floor":8.0,"key":"REST"},{"floor":12.0,"key":"RECALL"},{"floor":15.0,"key":"REST"},{"floor":23.0,"key":"REST"},{"floor":25.0,"key":"REST"},{"data":"Seek","floor":29.0,"key":"SMITH"},{"data":"Double Energy","floor":32.0,"key":"SMITH"},{"floor":40.0,"key":"REST"}],"neow_cost":"TEN_PERCENT_HP_LOSS","seed_source_timestamp":8380305098000,"circlet_count":0,"master_deck":["Strike_B+1","Strike_B+1","Strike_B+1","Strike_B+1","Defend_B+1","Defend_B+1","Defend_B+1","Defend_B+1","Zap","Dualcast+1","Self Repair","Go for the Eyes","BootSequence","Machine Learning","Echo Form","Hologram","Seek+1","Double Energy+1","Darkness+1","Meteor Strike","Double Energy+1","Pain","Regret","Loop+1"],"special_seed":0,"relics":["Cracked Core","Dead Branch","Sundial","Blood Vial","Sozu","Lantern","Kunai","Calling Bell","Turnip","Cables","Anchor","Ancient Tea Set"],"potions_floor_usage":[],"damage_taken":[{"damage":1.0,"enemies":"Jaw Worm","floor":1.0,"turns":4.0},{"damage":1.0,"enemies":"Cultist","floor":3.0,"turns":4.0},{"damage":5.0,"enemies":"Small Slimes","floor":4.0,"turns":3.0},{"damage":5.0,"enemies":"Red Slaver","floor":5.0,"turns":3.0},{"damage":0.0,"enemies":"Exordium Wildlife","floor":6.0,"turns":2.0},{"damage":44.0,"enemies":"3 Sentries","floor":7.0,"turns":8.0},{"damage":8.0,"enemies":"Exordium Thugs","floor":11.0,"turns":4.0},{"damage":33.0,"enemies":"Lagavulin","floor":13.0,"turns":7.0},{"damage":11.0,"enemies":"Looter","floor":14.0,"turns":3.0},{"damage":18.0,"enemies":"Slime Boss","floor":16.0,"turns":9.0},{"damage":36.0,"enemies":"2 Thieves","floor":18.0,"turns":5.0},{"damage":10.0,"enemies":"Chosen","floor":20.0,"turns":5.0},{"damage":22.0,"enemies":"Snake Plant","floor":24.0,"turns":3.0},{"damage":0.0,"enemies":"Snecko","floor":27.0,"turns":4.0},{"damage":4.0,"enemies":"Cultist and Chosen","floor":28.0,"turns":4.0},{"damage":6.0,"enemies":"Snake Plant","floor":31.0,"turns":3.0},{"damage":51.0,"enemies":"Automaton","floor":33.0,"turns":7.0},{"damage":6.0,"enemies":"3 Shapes","floor":35.0,"turns":4.0},{"damage":17.0,"enemies":"Orb Walker","floor":36.0,"turns":3.0},{"damage":49.0,"enemies":"Jaw Worm Horde","floor":37.0,"turns":4.0},{"damage":45,"enemies":"Spire Growth","floor":42,"turns":4}],"seed_played":"221415577750580848","potions_obtained":[{"floor":1.0,"key":"SteroidPotion"},{"floor":3.0,"key":"FearPotion"},{"floor":5.0,"key":"FearPotion"},{"floor":7.0,"key":"Ancient Potion"}],"is_trial":false,"path_per_floor":["M","?","M","M","M","M","E","R","T","$","M","R","E","M","R","B",null,"M","?","M","$","?","R","M","R","T","M","M","R","?","M","R","B",null,"M","M","M","T","$","R","?","M"],"character_chosen":"DEFECT","items_purchased":["Machine Learning","Lantern","Meteor Strike"],"campfire_rested":5,"item_purchase_floors":[10,21,21],"current_hp_per_floor":[67,67,68,68,63,63,26,46,46,46,45,45,19,10,30,21,68,32,32,31,31,31,51,38,58,58,67,68,68,68,68,68,17,68,62,54,14,14,14,34,34,0],"gold":118,"neow_bonus":"ONE_RARE_RELIC","is_prod":false,"is_daily":false,"chose_seed":false,"campfire_upgraded":2,"win_rate":0,"timestamp":1548203092,"path_taken":["M","?","M","M","M","M","E","R","T","$","M","R","E","M","R","BOSS","M","?","M","$","?","R","M","R","T","M","?","R","?","M","R","BOSS","M","M","M","?","$","R","?","M"],"build_version":"2019-01-17v2","purchased_purges":2,"victory":false,"max_hp_per_floor":[68,68,68,68,68,68,68,68,68,68,68,68,68,68,68,68,68,68,68,68,68,68,68,68,68,68,68,68,68,68,68,68,68,68,68,68,68,68,68,68,68,68],"card_choices":[{"not_picked":["Rebound","Hello World"],"picked":"Self Repair","floor":1.0},{"not_picked":["Conserve Battery","Steam","Beam Cell"],"picked":"SKIP","floor":3.0},{"not_picked":["Steam","Glacier"],"picked":"Go for the Eyes","floor":4.0},{"not_picked":["Rebound","Conserve Battery"],"picked":"BootSequence","floor":5.0},{"not_picked":["Auto Shields","BootSequence","Coolheaded"],"picked":"SKIP","floor":6.0},{"not_picked":["Coolheaded","Turbo","Steam"],"picked":"SKIP","floor":7.0},{"not_picked":["Force Field","Recycle"],"picked":"Gash","floor":11.0},{"not_picked":["Stack","Steam"],"picked":"Echo Form","floor":13.0},{"not_picked":["Ball Lightning","Skim"],"picked":"Hologram","floor":14.0},{"not_picked":["Buffer","Fission"],"picked":"Seek","floor":16.0},{"not_picked":["Doom and Gloom","Reinforced Body"],"picked":"Double Energy+1","floor":18.0},{"not_picked":["Steam","Cold Snap"],"picked":"Darkness","floor":20.0},{"not_picked":["Glacier","Beam Cell"],"picked":"Double Energy","floor":24.0},{"not_picked":["Cold Snap","Stack","Capacitor"],"picked":"SKIP","floor":27.0},{"not_picked":["Ball Lightning","Steam","Static Discharge"],"picked":"SKIP","floor":28.0},{"not_picked":["Melter","Streamline","Gash"],"picked":"SKIP","floor":31.0},{"not_picked":["Streamline","Double Energy+1"],"picked":"Loop+1","floor":35.0},{"not_picked":["Scrape+1","Thunder Strike","Redo+1"],"picked":"SKIP","floor":36.0},{"not_picked":["Rebound+1","Barrage","Gash"],"picked":"SKIP","floor":37.0}],"player_experience":262363,"relics_obtained":[{"floor":7.0,"key":"Sundial"},{"floor":13.0,"key":"Blood Vial"},{"floor":26.0,"key":"Kunai"},{"floor":34.0,"key":"Turnip"},{"floor":34.0,"key":"Cables"},{"floor":34.0,"key":"Anchor"},{"floor":38.0,"key":"Ancient Tea Set"}],"event_choices":[{"damage_healed":0.0,"max_hp_gain":0.0,"max_hp_loss":0.0,"gold_gain":0.0,"event_name":"Liars Game","player_choice":"Ignored","floor":2.0,"gold_loss":0.0,"damage_taken":0.0},{"damage_healed":0.0,"max_hp_gain":0.0,"max_hp_loss":0.0,"gold_gain":0.0,"event_name":"Back to Basics","player_choice":"Simplicity","floor":19.0,"gold_loss":0.0,"damage_taken":0.0,"cards_upgraded":["Strike_B","Strike_B","Strike_B","Strike_B","Defend_B","Defend_B","Defend_B","Defend_B"]},{"damage_healed":0.0,"max_hp_gain":0.0,"max_hp_loss":0.0,"gold_gain":0.0,"event_name":"Upgrade Shrine","player_choice":"Upgraded","floor":22.0,"gold_loss":0.0,"damage_taken":0.0,"cards_upgraded":["Darkness"]},{"damage_healed":0.0,"max_hp_gain":0.0,"max_hp_loss":0.0,"gold_gain":0.0,"event_name":"Match and Keep!","player_choice":"0 cards matched","floor":30.0,"gold_loss":0.0,"damage_taken":0.0,"cards_obtained":[]},{"damage_healed":0.0,"max_hp_gain":0.0,"max_hp_loss":0.0,"gold_gain":0.0,"event_name":"Accursed Blacksmith","player_choice":"Forge","floor":41.0,"gold_loss":0.0,"damage_taken":0.0,"cards_upgraded":["Dualcast"]}],"is_beta":false,"boss_relics":[{"not_picked":["Black Star","Inserter"],"picked":"Sozu"},{"not_picked":["Velvet Choker","White Beast Statue"],"picked":"Calling Bell"}],"items_purged_floors":[21,39],"is_endless":false,"potions_floor_spawned":[1,3,5,7,18,28,31,33,36,37],"killed_by":"Spire Growth","ascension_level":3}