{"gold_per_floor":[117,137,156,156,168,185,510,510,510,545,563,577,590,616,616,718,718,732,749,767,717,733,733,311,311,361,394,394,394,412,427,427,523,523,537,549,566,6,0,35,50,50,74,74,24,43,74,86,86,181,181,200,248,265,275,289,289,324,324,348,368,402,419,319,354,354,453,483,495,508,528,408,434,434,462,480,511,511,536,536,565,581,581,682,682,692,726,464,476,492,524,524,550,582,582,616,616,643,662,662,766,766],"floor_reached":102,"playtime":10585,"items_purged":["Steam Power","Doom and Gloom","Streamline+1","Cold Snap","Sweeping Beam"],"score":4728,"play_id":"569d227c-1fd3-4f9a-9764-3a825a129a2c","local_time":"20180717204503","daily_mods":["Draft","Heirloom","Time Dilation","Elite Swarm","Vintage"],"is_ascension_mode":true,"campfire_choices":[{"data":"Consume","floor":8,"key":"SMITH"},{"data":"Recycle","floor":15,"key":"SMITH"},{"data":"Fission","floor":23,"key":"SMITH"},{"floor":25,"key":"REST"},{"floor":29,"key":"REST"},{"data":"Redo","floor":32,"key":"SMITH"},{"data":"Blizzard","floor":42,"key":"SMITH"},{"data":"1","floor":44,"key":"LIFT"},{"data":"Defragment","floor":49,"key":"SMITH"},{"data":"Beam Cell","floor":57,"key":"PURGE"},{"data":"Recycle+1","floor":59,"key":"PURGE"},{"data":"Multi-Cast+1","floor":66,"key":"PURGE"},{"data":"Cold Snap","floor":74,"key":"PURGE"},{"data":"Cold Snap","floor":78,"key":"PURGE"},{"data":"BootSequence+1","floor":80,"key":"PURGE"},{"data":"Redo+1","floor":83,"key":"PURGE"},{"data":"Blizzard+1","floor":92,"key":"PURGE"},{"data":"Compile Driver","floor":95,"key":"SMITH"},{"data":"Double Energy+1","floor":97,"key":"PURGE"},{"data":"Fusion+1","floor":100,"key":"PURGE"}],"neow_cost":"","seed_source_timestamp":243818615699826,"circlet_count":0,"master_deck":["AscendersBane","Hologram+1","Cold Snap+1","Consume+1","Fission+1","Rainbow+1","Machine Learning+1","Compile Driver+1","Defragment+1","Coolheaded+1","Multi-Cast+1","Fusion+1"],"relics":["Cracked Core","Gambling Chip","Letter Opener","Pantograph","Dead Branch","Darkstone Periapt","The Courier","Vajra","Old Coin","Girya","Omamori","Art of War","Orichalcum","Mummified Hand","Toxic Egg 2","Matryoshka","Lizard Tail","Pen Nib","Strawberry","Whetstone","Mango","Membership Card","Dodecahedron","Happy Flower","Bag of Marbles","Du-Vu Doll","Sundial","Unceasing Top","Bottled Tornado","Coffee Dripper","Oddly Smooth Stone","Blood Vial","Ancient Tea Set","Symbiotic Virus","Lantern","Bag of Preparation","Red Mask","Calipers","Mercury Hourglass","Potion Belt","Regal Pillow","War Paint","Gremlin Horn","Anchor","Bottled Flame","Nuclear Battery","Peace Pipe","Tiny Chest","Boot","Kunai","Centennial Puzzle","Bronze Scales","Shuriken","Bottled Lightning","DataDisk","Tiny House","Dream Catcher","Cables","Blue Candle","Frozen Egg 2","Pear","Ornamental Fan","Thread and Needle","DollysMirror","Ginger","Torii","Turnip","Ice Cream","Philosopher\u0027s Stone"],"potions_floor_usage":[19,40,41,41,50,50,50,50,50,50,50,50,50,50,50],"damage_taken":[{"damage":6,"enemies":"Small Slimes","floor":1,"turns":2},{"damage":0,"enemies":"2 Louse","floor":2,"turns":2},{"damage":0,"enemies":"Cultist","floor":3,"turns":2},{"damage":0,"enemies":"3 Louse","floor":5,"turns":2},{"damage":0,"enemies":"Red Slaver","floor":6,"turns":2},{"damage":6,"enemies":"Gremlin Nob","floor":7,"turns":5},{"damage":0,"enemies":"Lagavulin","floor":10,"turns":5},{"damage":0,"enemies":"Blue Slaver","floor":11,"turns":2},{"damage":0,"enemies":"Large Slime","floor":12,"turns":6},{"damage":0,"enemies":"3 Louse","floor":13,"turns":4},{"damage":1,"enemies":"Gremlin Nob","floor":14,"turns":3},{"damage":3,"enemies":"The Guardian","floor":16,"turns":8},{"damage":8,"enemies":"Chosen","floor":18,"turns":6},{"damage":22,"enemies":"3 Byrds","floor":19,"turns":4},{"damage":2,"enemies":"Centurion and Healer","floor":20,"turns":9},{"damage":28,"enemies":"Snake Plant","floor":22,"turns":4},{"damage":17,"enemies":"Slavers","floor":27,"turns":6},{"damage":0,"enemies":"3 Cultists","floor":30,"turns":3},{"damage":4,"enemies":"Snecko","floor":31,"turns":5},{"damage":41,"enemies":"Champ","floor":33,"turns":10},{"damage":0,"enemies":"Flame Bruiser 1 Orb","floor":35,"turns":4},{"damage":0,"enemies":"3 Darklings","floor":36,"turns":1},{"damage":0,"enemies":"Sphere and 2 Shapes","floor":37,"turns":3},{"damage":5,"enemies":"2 Orb Walkers","floor":40,"turns":4},{"damage":0,"enemies":"Transient","floor":41,"turns":5},{"damage":0,"enemies":"3 Darklings","floor":46,"turns":1},{"damage":0,"enemies":"Nemesis","floor":47,"turns":1},{"damage":0,"enemies":"Flame Bruiser 2 Orb","floor":48,"turns":1},{"damage":0,"enemies":"Donu and Deca","floor":50,"turns":34},{"damage":0,"enemies":"Cultist","floor":52,"turns":1},{"damage":0,"enemies":"2 Louse","floor":53,"turns":1},{"damage":0,"enemies":"Small Slimes","floor":54,"turns":1},{"damage":0,"enemies":"Looter","floor":55,"turns":1},{"damage":0,"enemies":"Large Slime","floor":56,"turns":1},{"damage":0,"enemies":"Gremlin Nob","floor":58,"turns":1},{"damage":0,"enemies":"2 Fungi Beasts","floor":61,"turns":2},{"damage":0,"enemies":"Lagavulin","floor":62,"turns":1},{"damage":0,"enemies":"Lots of Slimes","floor":63,"turns":1},{"damage":0,"enemies":"3 Sentries","floor":65,"turns":2},{"damage":0,"enemies":"The Guardian","floor":67,"turns":4},{"damage":0,"enemies":"Spheric Guardian","floor":69,"turns":2},{"damage":0,"enemies":"2 Thieves","floor":70,"turns":1},{"damage":0,"enemies":"Sentry and Sphere","floor":71,"turns":2},{"damage":0,"enemies":"Gremlin Leader","floor":73,"turns":1},{"damage":0,"enemies":"Book of Stabbing","floor":75,"turns":3},{"damage":1,"enemies":"Snecko","floor":76,"turns":2},{"damage":1,"enemies":"Gremlin Leader","floor":77,"turns":2},{"damage":1,"enemies":"Book of Stabbing","floor":79,"turns":1},{"damage":0,"enemies":"Gremlin Leader","floor":81,"turns":1},{"damage":1,"enemies":"3 Cultists","floor":82,"turns":1},{"damage":1,"enemies":"Champ","floor":84,"turns":5},{"damage":1,"enemies":"Orb Walker","floor":86,"turns":1},{"damage":1,"enemies":"Giant Head","floor":87,"turns":4},{"damage":1,"enemies":"Flame Bruiser 1 Orb","floor":89,"turns":1},{"damage":1,"enemies":"Transient","floor":90,"turns":5},{"damage":1,"enemies":"2 Orb Walkers","floor":91,"turns":1},{"damage":1,"enemies":"Giant Head","floor":93,"turns":1},{"damage":1,"enemies":"2 Orb Walkers","floor":94,"turns":1},{"damage":0,"enemies":"Nemesis","floor":96,"turns":1},{"damage":1,"enemies":"Giant Head","floor":98,"turns":2},{"damage":1,"enemies":"Spire Growth","floor":99,"turns":1},{"damage":1,"enemies":"Time Eater","floor":101,"turns":8}],"seed_played":"-3059492167643347968","potions_obtained":[{"floor":1,"key":"PowerPotion"},{"floor":10,"key":"AttackPotion"},{"floor":11,"key":"Strength Potion"},{"floor":27,"key":"Energy Potion"},{"floor":35,"key":"Swift Potion"},{"floor":40,"key":"Dexterity Potion"},{"floor":46,"key":"EntropicBrew"},{"floor":52,"key":"Ancient Potion"},{"floor":54,"key":"FearPotion"},{"floor":56,"key":"Swift Potion"},{"floor":58,"key":"Energy Potion"},{"floor":65,"key":"GamblersBrew"},{"floor":68,"key":"Block Potion"},{"floor":75,"key":"SkillPotion"},{"floor":76,"key":"Regen Potion"}],"is_trial":true,"path_per_floor":["M","M","M","?","M","M","E","R","T","E","M","M","M","E","R","B",null,"M","M","M","?","M","R","$","R","T","E","?","R","M","M","R","B",null,"M","M","M","$","?","E","M","R","T","R","$","M","E","M","R","B",null,"M","M","M","M","M","R","E","R","T","M","E","M","$","E","R","B",null,"M","M","M","$","E","R","E","M","E","R","E","R","E","M","R","B",null,"M","E","$","M","M","E","R","E","E","R","E","R","E","M","R","B"],"character_chosen":"DEFECT","items_purchased":["Membership Card","Dodecahedron","Double Energy+1","Symbiotic Virus","Lantern","Bag of Preparation","Fusion+1","Defragment","DollysMirror"],"campfire_rested":2,"item_purchase_floors":[24,24,24,38,38,38,38,45,88],"current_hp_per_floor":[62,62,62,55,55,55,49,49,49,49,49,49,49,48,48,70,74,66,51,49,49,35,35,35,63,63,46,46,74,74,70,70,54,86,86,86,88,88,88,85,87,87,87,87,87,89,91,93,93,96,96,96,96,96,96,96,96,96,96,96,96,96,96,96,96,96,96,101,101,101,101,101,101,101,101,100,100,100,100,100,101,110,110,110,111,110,110,110,110,110,110,110,110,110,110,111,111,110,111,111,110,111],"gold":766,"neow_bonus":"","is_prod":false,"is_daily":false,"chose_seed":false,"campfire_upgraded":7,"win_rate":0,"timestamp":1531874703,"path_taken":["M","M","M","?","M","M","E","R","T","E","M","M","M","E","R","BOSS","M","M","?","?","M","R","$","R","T","E","?","R","M","M","R","BOSS","M","M","M","$","?","E","M","R","T","R","?","M","E","M","R","BOSS","M","M","M","M","M","R","E","R","T","M","E","M","$","E","R","BOSS","M","M","?","$","?","R","E","?","E","R","E","R","E","M","R","BOSS","M","?","$","M","M","E","R","E","E","R","E","R","E","M","R","BOSS"],"build_version":"2018-07-12","purchased_purges":5,"victory":false,"max_hp_per_floor":[75,75,75,75,75,75,75,75,75,75,75,75,75,75,75,75,75,75,82,82,82,96,96,96,96,96,96,96,96,96,96,96,96,96,96,96,96,96,96,96,96,96,96,96,96,96,96,96,96,96,96,96,96,96,96,96,96,96,96,96,96,96,96,96,96,96,96,101,101,101,101,101,101,101,101,101,101,101,101,101,101,111,111,111,111,111,111,111,111,111,111,111,111,111,111,111,111,111,111,111,111,111],"card_choices":[{"not_picked":["Lockon","Turbo"],"picked":"Cold Snap","floor":0},{"not_picked":["Barrage","Leap"],"picked":"Streamline","floor":0},{"not_picked":["Rebound","Beam Cell"],"picked":"Hologram","floor":0},{"not_picked":["Rebound","Darkness"],"picked":"Sweeping Beam","floor":0},{"not_picked":["Streamline","Go for the Eyes"],"picked":"Redo","floor":0},{"not_picked":["Reprogram","Go for the Eyes"],"picked":"Doom and Gloom","floor":0},{"not_picked":["Steam","Ball Lightning"],"picked":"Cold Snap","floor":0},{"not_picked":["Barrage","Leap"],"picked":"Beam Cell","floor":0},{"not_picked":["Scrape","Lockon"],"picked":"Cold Snap","floor":0},{"not_picked":["Ball Lightning","Stack"],"picked":"Blizzard","floor":0},{"not_picked":["Rebound","Doom and Gloom"],"picked":"BootSequence","floor":0},{"not_picked":["Go for the Eyes","Conserve Battery"],"picked":"Recycle","floor":0},{"not_picked":["Turbo","White Noise"],"picked":"Consume","floor":0},{"not_picked":["Stack","Steam"],"picked":"Steam Power","floor":0},{"not_picked":["Streamline","Gash"],"picked":"Cold Snap","floor":0},{"not_picked":["Creative AI","All For One"],"picked":"Amplify","floor":7},{"not_picked":["Seek","Creative AI"],"picked":"Fission","floor":10},{"not_picked":["Thunder Strike","Multi-Cast"],"picked":"Rainbow","floor":14},{"not_picked":["Biased Cognition","Multi-Cast+1"],"picked":"Machine Learning","floor":27},{"not_picked":["Multi-Cast+1","Amplify+1","Creative AI"],"picked":"SKIP","floor":40},{"not_picked":["Biased Cognition","Meteor Strike"],"picked":"Multi-Cast+1","floor":47},{"not_picked":["Multi-Cast+1","Rainbow+1","Meteor Strike"],"picked":"SKIP","floor":58},{"not_picked":["Biased Cognition","Hyperbeam","Multi-Cast+1"],"picked":"SKIP","floor":62},{"not_picked":["Thunder Strike","Creative AI","All For One"],"picked":"SKIP","floor":65},{"not_picked":["Barrage","Rip and Tear"],"picked":"Coolheaded+1","floor":68},{"not_picked":["Biased Cognition","Buffer","Hyperbeam"],"picked":"SKIP","floor":73},{"not_picked":["Creative AI","Seek+1","All For One"],"picked":"SKIP","floor":75},{"not_picked":["Creative AI+1","Seek+1","Electrodynamics+1"],"picked":"SKIP","floor":77},{"not_picked":["Multi-Cast+1","Rainbow+1","Amplify+1"],"picked":"SKIP","floor":79},{"not_picked":["Electrodynamics+1","Biased Cognition+1","Rainbow+1"],"picked":"SKIP","floor":81},{"not_picked":["Core Surge","Amplify+1"],"picked":"Multi-Cast+1","floor":87},{"not_picked":["Machine Learning+1","Thunder Strike","Electrodynamics+1"],"picked":"SKIP","floor":91},{"not_picked":["Multi-Cast+1","Seek+1","Meteor Strike"],"picked":"SKIP","floor":93},{"not_picked":["Electrodynamics+1","Biased Cognition+1","All For One"],"picked":"SKIP","floor":94},{"not_picked":["Electrodynamics+1","Biased Cognition+1","All For One"],"picked":"SKIP","floor":94},{"not_picked":["Reboot+1","Hyperbeam","Meteor Strike"],"picked":"SKIP","floor":96},{"not_picked":["Fission+1","Buffer+1","Electrodynamics+1"],"picked":"SKIP","floor":98}],"player_experience":89868,"relics_obtained":[{"floor":1,"key":"Letter Opener"},{"floor":2,"key":"Pantograph"},{"floor":3,"key":"Dead Branch"},{"floor":5,"key":"The Courier"},{"floor":6,"key":"Vajra"},{"floor":7,"key":"Old Coin"},{"floor":9,"key":"Girya"},{"floor":10,"key":"Omamori"},{"floor":11,"key":"Art of War"},{"floor":12,"key":"Orichalcum"},{"floor":13,"key":"Mummified Hand"},{"floor":14,"key":"Toxic Egg 2"},{"floor":16,"key":"Matryoshka"},{"floor":18,"key":"Pen Nib"},{"floor":19,"key":"Strawberry"},{"floor":20,"key":"Whetstone"},{"floor":22,"key":"Mango"},{"floor":26,"key":"Happy Flower"},{"floor":26,"key":"Bag of Marbles"},{"floor":27,"key":"Du-Vu Doll"},{"floor":30,"key":"Sundial"},{"floor":31,"key":"Unceasing Top"},{"floor":33,"key":"Bottled Tornado"},{"floor":35,"key":"Oddly Smooth Stone"},{"floor":36,"key":"Blood Vial"},{"floor":37,"key":"Ancient Tea Set"},{"floor":40,"key":"Calipers"},{"floor":41,"key":"Mercury Hourglass"},{"floor":43,"key":"Potion Belt"},{"floor":43,"key":"Regal Pillow"},{"floor":46,"key":"War Paint"},{"floor":47,"key":"Gremlin Horn"},{"floor":48,"key":"Anchor"},{"floor":50,"key":"Bottled Flame"},{"floor":52,"key":"Peace Pipe"},{"floor":53,"key":"Tiny Chest"},{"floor":54,"key":"Boot"},{"floor":55,"key":"Kunai"},{"floor":56,"key":"Centennial Puzzle"},{"floor":60,"key":"Bronze Scales"},{"floor":61,"key":"Shuriken"},{"floor":63,"key":"Bottled Lightning"},{"floor":67,"key":"DataDisk"},{"floor":69,"key":"Dream Catcher"},{"floor":70,"key":"Cables"},{"floor":71,"key":"Blue Candle"},{"floor":76,"key":"Frozen Egg 2"},{"floor":82,"key":"Pear"},{"floor":84,"key":"Ornamental Fan"},{"floor":86,"key":"Thread and Needle"},{"floor":89,"key":"Ginger"},{"floor":90,"key":"Torii"},{"floor":99,"key":"Turnip"},{"floor":101,"key":"Ice Cream"}],"event_choices":[{"event_name":"Scrap Ooze","player_choice":"success","floor":4,"damage_taken":7},{"event_name":"The Joust","player_choice":"Bet on Murderer","floor":21,"damage_taken":0},{"event_name":"Transmorgrifier","player_choice":"Transform","floor":28,"damage_taken":0},{"event_name":"Tomb of Lord Red Mask","player_choice":"Paid","floor":39,"damage_taken":0}],"boss_relics":[{"not_picked":["Tiny House","Cursed Key"],"picked":"Lizard Tail"},{"not_picked":["Fusion Hammer","White Beast Statue"],"picked":"Coffee Dripper"},{"not_picked":["Runic Dome","FrozenCore"],"picked":"Nuclear Battery"},{"not_picked":["Eternal Feather","Black Star"],"picked":"Tiny House"},{"not_picked":["FrozenCore","Snecko Eye","Astrolabe"]},{"not_picked":["Fusion Hammer","Cursed Key"],"picked":"Philosopher\u0027s Stone"}],"items_purged_floors":[24,38,64,72,88],"is_endless":true,"potions_floor_spawned":[1,10,11,14,27,30,31,35,40,46,52,54,56,58,65,69,75,76,79,84,86,87,89,91,96,101],"ascension_level":10}