{"gold_per_floor":[119,133,133,133,133,133,168,168,192,242,13,34,34,69,69,168,168,168,168,168,168,168,168,168,168,168,168,168,168,168,168,168,168,168,168,168,168,168,168,168,168,168,168,168,168,168,168,0,0,0],"floor_reached":50,"playtime":2113,"items_purged":[],"score":1062,"play_id":"6021a767-b02d-4297-a92e-9fb079128e3d","local_time":"20181218183039","is_ascension_mode":true,"campfire_choices":[{"data":"Carnage","floor":6.0,"key":"SMITH"},{"data":"Whirlwind","floor":8.0,"key":"SMITH"},{"data":"Havoc","floor":13.0,"key":"SMITH"},{"data":"Infernal Blade","floor":15.0,"key":"SMITH"},{"data":"Bash","floor":23.0,"key":"SMITH"},{"floor":25.0,"key":"RECALL"},{"data":"Metallicize","floor":27.0,"key":"SMITH"},{"floor":32.0,"key":"REST"},{"data":"Whirlwind","floor":40.0,"key":"SMITH"},{"floor":45.0,"key":"REST"},{"data":"Demon Form","floor":47.0,"key":"SMITH"},{"floor":49.0,"key":"REST"}],"neow_cost":"NONE","seed_source_timestamp":0,"circlet_count":0,"master_deck":["AscendersBane","Strike_R","Strike_R+1","Strike_R","Strike_R+1","Defend_R","Defend_R+1","Defend_R+1","Bash+1","Carnage+1","Metallicize+1","Flame Barrier","Whirlwind+1","Havoc+1","Infernal Blade+1","Impervious","Headbutt","Battle Trance","Demon Form+1","Impervious","Whirlwind+1","Heavy Blade+1"],"special_seed":0,"relics":["Burning Blood","Golden Idol","Potion Belt","Juzu Bracelet","Whetstone","Chemical X","Charon\u0027s Ashes","Ectoplasm","Nilry\u0027s Codex","Red Mask","MutagenicStrength","The Courier","War Paint","Art of War","Orrery","Orichalcum","Blue Candle","Anchor","Kunai"],"potions_floor_usage":[50,50,50],"damage_taken":[{"damage":6.0,"enemies":"2 Louse","floor":1.0,"turns":2.0},{"damage":7.0,"enemies":"Jaw Worm","floor":2.0,"turns":3.0},{"damage":5.0,"enemies":"Gremlin Nob","floor":7.0,"turns":3.0},{"damage":0.0,"enemies":"Cultist","floor":12.0,"turns":2.0},{"damage":17.0,"enemies":"Lagavulin","floor":14.0,"turns":5.0},{"damage":18.0,"enemies":"Slime Boss","floor":16.0,"turns":5.0},{"damage":0.0,"enemies":"Spheric Guardian","floor":18.0,"turns":2.0},{"damage":0.0,"enemies":"Masked Bandits","floor":20.0,"turns":1.0},{"damage":0.0,"enemies":"Chosen","floor":21.0,"turns":3.0},{"damage":3.0,"enemies":"Gremlin Leader","floor":24.0,"turns":4.0},{"damage":4.0,"enemies":"Centurion and Healer","floor":28.0,"turns":2.0},{"damage":28.0,"enemies":"Snecko","floor":30.0,"turns":4.0},{"damage":5.0,"enemies":"Book of Stabbing","floor":31.0,"turns":3.0},{"damage":44.0,"enemies":"Champ","floor":33.0,"turns":10.0},{"damage":0.0,"enemies":"3 Shapes","floor":35.0,"turns":1.0},{"damage":23.0,"enemies":"3 Darklings","floor":36.0,"turns":3.0},{"damage":0.0,"enemies":"Transient","floor":37.0,"turns":6.0},{"damage":12.0,"enemies":"Maw","floor":38.0,"turns":6.0},{"damage":14.0,"enemies":"Nemesis","floor":41.0,"turns":5.0},{"damage":0.0,"enemies":"Sphere and 2 Shapes","floor":42.0,"turns":2.0},{"damage":35.0,"enemies":"Giant Head","floor":44.0,"turns":8.0},{"damage":13.0,"enemies":"Nemesis","floor":46.0,"turns":7.0},{"damage":49,"enemies":"Donu and Deca","floor":50,"turns":5}],"seed_played":"1883733814997263549","potions_obtained":[{"floor":1.0,"key":"Energy Potion"},{"floor":2.0,"key":"Block Potion"},{"floor":12.0,"key":"Swift Potion"},{"floor":20.0,"key":"PowerPotion"},{"floor":21.0,"key":"SneckoOil"},{"floor":33.0,"key":"EssenceOfSteel"},{"floor":35.0,"key":"FearPotion"},{"floor":42.0,"key":"Weak Potion"},{"floor":44.0,"key":"Swift Potion"}],"is_trial":false,"path_per_floor":["M","M","?","?","?","R","E","R","T","?","$","M","R","E","R","B",null,"M","?","?","M","?","R","E","R","T","R","M","?","M","E","R","B",null,"M","M","M","M","T","R","E","M","T","E","R","E","R","$","R","B"],"character_chosen":"IRONCLAD","items_purchased":["Chemical X","EssenceOfSteel","EssenceOfSteel","Explosive Potion"],"campfire_rested":3,"item_purchase_floors":[11,48,48,48],"current_hp_per_floor":[68,67,67,67,62,62,63,63,63,63,63,68,68,57,57,45,62,68,47,53,59,59,59,62,62,62,62,64,64,42,43,63,25,57,63,46,52,46,46,46,38,44,44,15,35,28,28,28,48,0],"gold":0,"neow_bonus":"TRANSFORM_CARD","is_prod":false,"is_daily":false,"chose_seed":false,"campfire_upgraded":8,"win_rate":0,"timestamp":1545154239,"path_taken":["M","M","?","?","?","R","E","R","T","?","?","M","R","E","R","BOSS","M","?","?","M","?","R","E","R","T","R","M","?","M","E","R","BOSS","M","M","M","M","?","R","E","M","T","E","R","E","R","$","R","BOSS"],"build_version":"2018-12-13","purchased_purges":0,"victory":false,"max_hp_per_floor":[75,75,68,68,68,68,68,68,68,68,68,68,68,68,68,68,68,68,68,68,68,68,68,68,68,68,68,68,68,68,68,68,68,68,68,68,68,68,68,68,68,68,68,68,68,68,68,68,68,68],"card_choices":[{"not_picked":["Bloodletting","Battle Trance"],"picked":"Metallicize","floor":1.0},{"not_picked":["Corruption","Carnage"],"picked":"Flame Barrier","floor":2.0},{"not_picked":["Iron Wave","Bloodletting"],"picked":"Whirlwind","floor":7.0},{"not_picked":["Twin Strike","Anger"],"picked":"Havoc","floor":12.0},{"not_picked":["Fire Breathing","Metallicize"],"picked":"Infernal Blade","floor":14.0},{"not_picked":["Demon Form","Berserk"],"picked":"Impervious","floor":16.0},{"not_picked":["Entrench","Thunderclap","Clash"],"picked":"SKIP","floor":18.0},{"not_picked":["Twin Strike","Pommel Strike"],"picked":"Headbutt","floor":20.0},{"not_picked":["Shrug It Off","Infernal Blade"],"picked":"Battle Trance","floor":21.0},{"not_picked":["Cleave","Thunderclap+1","Twin Strike"],"picked":"SKIP","floor":24.0},{"not_picked":["Juggernaut","Pummel","Headbutt"],"picked":"SKIP","floor":28.0},{"not_picked":["Dual Wield","Body Slam","Rampage"],"picked":"SKIP","floor":30.0},{"not_picked":["Clash","Power Through","Pummel"],"picked":"SKIP","floor":31.0},{"not_picked":["Offering","Feed"],"picked":"Demon Form","floor":33.0},{"not_picked":["Pommel Strike","Twin Strike"],"picked":"Impervious","floor":34.0},{"not_picked":["Shrug It Off+1","Thunderclap"],"picked":"Whirlwind","floor":35.0},{"not_picked":["Thunderclap+1","Body Slam"],"picked":"Heavy Blade+1","floor":36.0},{"not_picked":["Shrug It Off","Body Slam","Headbutt"],"picked":"SKIP","floor":37.0},{"not_picked":["Flex+1","Sentinel","True Grit"],"picked":"SKIP","floor":38.0},{"not_picked":["Headbutt","Brutality","Burning Pact+1"],"picked":"SKIP","floor":41.0},{"not_picked":["Sever Soul+1","Evolve","Sentinel"],"picked":"SKIP","floor":42.0},{"not_picked":["Entrench","Bludgeon","Thunderclap"],"picked":"SKIP","floor":44.0},{"not_picked":["Carnage","Feel No Pain","Power Through"],"picked":"SKIP","floor":46.0}],"player_experience":901521,"relics_obtained":[{"floor":7.0,"key":"Juzu Bracelet"},{"floor":9.0,"key":"Whetstone"},{"floor":14.0,"key":"Charon\u0027s Ashes"},{"floor":19.0,"key":"Nilry\u0027s Codex"},{"floor":20.0,"key":"Red Mask"},{"floor":24.0,"key":"The Courier"},{"floor":26.0,"key":"War Paint"},{"floor":31.0,"key":"Art of War"},{"floor":41.0,"key":"Orichalcum"},{"floor":43.0,"key":"Blue Candle"},{"floor":44.0,"key":"Anchor"},{"floor":46.0,"key":"Kunai"}],"event_choices":[{"damage_healed":0.0,"max_hp_gain":0.0,"max_hp_loss":7.0,"gold_gain":0.0,"event_name":"Golden Idol","player_choice":"Lose Max HP","floor":3.0,"gold_loss":0.0,"damage_taken":0.0,"relics_obtained":["Golden Idol"]},{"damage_healed":0.0,"max_hp_gain":0.0,"max_hp_loss":0.0,"gold_gain":0.0,"event_name":"Liars Game","player_choice":"Ignored","floor":4.0,"gold_loss":0.0,"damage_taken":0.0},{"damage_healed":0.0,"max_hp_gain":0.0,"max_hp_loss":0.0,"gold_gain":0.0,"event_name":"Scrap Ooze","player_choice":"Success","floor":5.0,"gold_loss":0.0,"damage_taken":5.0,"relics_obtained":["Potion Belt"]},{"damage_healed":0.0,"max_hp_gain":0.0,"max_hp_loss":0.0,"gold_gain":50.0,"event_name":"Golden Shrine","player_choice":"Pray","floor":10.0,"gold_loss":0.0,"damage_taken":0.0},{"damage_healed":0.0,"max_hp_gain":0.0,"max_hp_loss":0.0,"gold_gain":0.0,"event_name":"Cursed Tome","player_choice":"Obtained Book","floor":19.0,"gold_loss":0.0,"damage_taken":21.0},{"damage_healed":0.0,"max_hp_gain":0.0,"max_hp_loss":0.0,"gold_gain":0.0,"event_name":"Masked Bandits","player_choice":"Fought Bandits","floor":20.0,"gold_loss":0.0,"damage_taken":0.0},{"damage_healed":0.0,"max_hp_gain":0.0,"max_hp_loss":0.0,"gold_gain":0.0,"event_name":"Drug Dealer","player_choice":"Inject Mutagens","floor":22.0,"gold_loss":0.0,"damage_taken":0.0,"relics_obtained":["MutagenicStrength"]},{"cards_removed":["Strike_R"],"damage_healed":0.0,"max_hp_gain":0.0,"max_hp_loss":0.0,"gold_gain":0.0,"event_name":"Bonfire Elementals","player_choice":"Offered Basic","floor":29.0,"gold_loss":0.0,"damage_taken":0.0}],"is_beta":false,"boss_relics":[{"not_picked":["Lizard Tail","Calling Bell"],"picked":"Ectoplasm"},{"not_picked":["Runic Dome","Velvet Choker"],"picked":"Orrery"}],"items_purged_floors":[],"is_endless":false,"potions_floor_spawned":[1,2,12,20,21,33,35,42,44],"killed_by":"Donu and Deca","ascension_level":17}