{"gold_per_floor":[112,61,336,348,273,273,300,300,369,419,454,454,483,501,501,602,602,615,625,294,209,484,517,517,542,542,576,588],"floor_reached":28,"playtime":1151,"items_purged":["Regret"],"score":498,"play_id":"2f2fa82e-9f24-4f93-94d3-a668695c216f","local_time":"20190213000959","is_ascension_mode":true,"campfire_choices":[{"data":"Bash","floor":6.0,"key":"SMITH"},{"data":"Pommel Strike","floor":8.0,"key":"SMITH"},{"floor":12.0,"key":"REST"},{"floor":15.0,"key":"REST"},{"floor":24.0,"key":"REST"}],"neow_cost":"NONE","seed_source_timestamp":1395579623800632,"circlet_count":0,"master_deck":["AscendersBane","Strike_R","Strike_R","Strike_R","Strike_R","Strike_R","Defend_R","Defend_R","Defend_R","Defend_R","Bash+1","Pommel Strike+1","Sword Boomerang","Heavy Blade","Flex+1","Double Tap+1","Shockwave+1","Wild Strike","Twin Strike","Cleave","Regret","Spot Weakness+1"],"special_seed":0,"relics":["Burning Blood","NeowsBlessing","Bag of Marbles","Toxic Egg 2","Paper Frog","Oddly Smooth Stone","Lizard Tail","Matryoshka","Letter Opener","Mercury Hourglass","Dream Catcher","Anchor","Ginger","MawBank"],"potions_floor_usage":[28],"damage_taken":[{"damage":0.0,"enemies":"Small Slimes","floor":1.0,"turns":1.0},{"damage":0.0,"enemies":"Cultist","floor":4.0,"turns":1.0},{"damage":0.0,"enemies":"3 Sentries","floor":7.0,"turns":1.0},{"damage":50.0,"enemies":"Lagavulin","floor":11.0,"turns":6.0},{"damage":32.0,"enemies":"Gremlin Nob","floor":13.0,"turns":4.0},{"damage":0.0,"enemies":"2 Louse","floor":14.0,"turns":1.0},{"damage":6.0,"enemies":"Slime Boss","floor":16.0,"turns":7.0},{"damage":27.0,"enemies":"Spheric Guardian","floor":18.0,"turns":4.0},{"damage":21.0,"enemies":"3 Byrds","floor":19.0,"turns":6.0},{"damage":26.0,"enemies":"Gremlin Leader","floor":23.0,"turns":5.0},{"damage":51.0,"enemies":"Slavers","floor":25.0,"turns":4.0},{"damage":26,"enemies":"Gremlin Leader","floor":27,"turns":4},{"damage":22,"enemies":"Sentry and Sphere","floor":28,"turns":3}],"seed_played":"1768165916752720644","potions_obtained":[{"floor":1.0,"key":"Poison Potion"},{"floor":13.0,"key":"Strength Potion"},{"floor":14.0,"key":"Block Potion"},{"floor":27,"key":"FearPotion"}],"is_trial":false,"path_per_floor":["M","$","?","M","$","R","E","R","T","?","E","R","E","M","R","B",null,"M","M","$","?","?","E","R","E","T","E","M"],"character_chosen":"IRONCLAD","items_purchased":["Strength Potion","Matryoshka","Twin Strike","Cleave"],"campfire_rested":3,"item_purchase_floors":[2,20,20,20],"current_hp_per_floor":[78,78,78,80,80,80,80,80,80,80,36,60,34,40,64,64,76,55,40,40,40,40,20,44,39,39,19,0],"gold":588,"neow_bonus":"THREE_ENEMY_KILL","is_prod":false,"is_daily":false,"chose_seed":false,"campfire_upgraded":2,"win_rate":0,"timestamp":1550034599,"path_taken":["M","$","?","?","$","R","E","R","T","?","E","R","E","M","R","BOSS","M","M","$","?","?","E","R","E","T","E","M"],"build_version":"2019-01-23","purchased_purges":1,"victory":false,"max_hp_per_floor":[80,80,80,80,80,80,80,80,80,80,80,80,80,80,80,80,80,80,80,80,80,80,80,80,80,80,80,80],"card_choices":[{"not_picked":["Corruption","Feel No Pain"],"picked":"Pommel Strike","floor":1.0},{"not_picked":["Wild Strike","Pommel Strike","True Grit"],"picked":"SKIP","floor":4.0},{"not_picked":["Fiend Fire","Havoc","Wild Strike"],"picked":"SKIP","floor":7.0},{"not_picked":["True Grit+1","Armaments+1"],"picked":"Sword Boomerang","floor":11.0},{"not_picked":["Dual Wield+1","Thunderclap"],"picked":"Heavy Blade","floor":13.0},{"not_picked":["Hemokinesis","Rage+1"],"picked":"Flex+1","floor":14.0},{"not_picked":["Berserk","Bludgeon"],"picked":"Double Tap+1","floor":16.0},{"not_picked":["True Grit+1","Carnage"],"picked":"Shockwave+1","floor":18.0},{"not_picked":["Fire Breathing","Metallicize"],"picked":"Wild Strike","floor":19.0},{"not_picked":["Hemokinesis+1","Cleave"],"picked":"Spot Weakness+1","floor":23.0},{"not_picked":["Thunderclap","Rampage","Corruption"],"picked":"SKIP","floor":25.0},{"not_picked":["Ghostly Armor+1","True Grit+1","Armaments+1"],"picked":"SKIP","floor":27}],"player_experience":445266,"relics_obtained":[{"floor":7.0,"key":"Bag of Marbles"},{"floor":9.0,"key":"Toxic Egg 2"},{"floor":11.0,"key":"Paper Frog"},{"floor":13.0,"key":"Oddly Smooth Stone"},{"floor":23.0,"key":"Mercury Hourglass"},{"floor":25.0,"key":"Dream Catcher"},{"floor":26.0,"key":"Anchor"},{"floor":26.0,"key":"Ginger"},{"floor":27,"key":"MawBank"}],"event_choices":[{"damage_healed":0.0,"max_hp_gain":0.0,"max_hp_loss":0.0,"gold_gain":275.0,"event_name":"Golden Shrine","player_choice":"Desecrate","floor":3.0,"gold_loss":0.0,"damage_taken":0.0,"cards_obtained":["Regret"]},{"damage_healed":0.0,"max_hp_gain":0.0,"max_hp_loss":0.0,"gold_gain":50.0,"event_name":"Golden Wing","player_choice":"Gained Gold","floor":10.0,"gold_loss":0.0,"damage_taken":0.0},{"damage_healed":0.0,"max_hp_gain":0.0,"max_hp_loss":0.0,"gold_gain":0.0,"event_name":"Addict","player_choice":"Obtained Relic","floor":21.0,"gold_loss":85.0,"damage_taken":0.0,"relics_obtained":["Letter Opener"]},{"damage_healed":0.0,"max_hp_gain":0.0,"max_hp_loss":0.0,"gold_gain":275.0,"event_name":"Golden Shrine","player_choice":"Desecrate","floor":22.0,"gold_loss":0.0,"damage_taken":0.0,"cards_obtained":["Regret"]}],"is_beta":false,"boss_relics":[{"not_picked":["Empty Cage","White Beast Statue"],"picked":"Lizard Tail"}],"items_purged_floors":[5],"is_endless":false,"potions_floor_spawned":[1,13,14,27],"killed_by":"Sentry and Sphere","ascension_level":10}