{"gold_per_floor":[109,34,34,46,56,85,85,116,167,167,167,184,198,228,228,305,305,316,327,340,20,37,37,71,71,116,148,158,191,211,211,211,283,283,298,398,412,412,412,412,440,440,440,453,453],"floor_reached":45,"playtime":2182,"items_purged":["Defend_R"],"score":1171,"play_id":"25720afe-08cd-43ca-b6ca-7171ae9f2f07","local_time":"20181117215601","is_ascension_mode":true,"campfire_choices":[{"data":"Havoc","floor":7.0,"key":"SMITH"},{"floor":10.0,"key":"REST"},{"data":"Havoc","floor":15.0,"key":"SMITH"},{"data":"Body Slam","floor":23.0,"key":"SMITH"},{"data":"Bludgeon","floor":25.0,"key":"SMITH"},{"data":"Demon Form","floor":32.0,"key":"SMITH"},{"data":"Double Tap","floor":40.0,"key":"SMITH"},{"data":"Corruption","floor":42.0,"key":"SMITH"}],"neow_cost":"NONE","seed_source_timestamp":0,"circlet_count":0,"master_deck":["AscendersBane","Strike_R","Strike_R","Strike_R","Strike_R","Strike_R","Defend_R","Defend_R","Defend_R","Bash","Impervious","Seeing Red","Offering","Flame Barrier","Havoc+1","Combust","Havoc+1","Demon Form+1","Headbutt","Warcry","Shrug It Off","Bludgeon+1","Intimidate","Flex","Sword Boomerang+1","Body Slam+1","Second Wind","Havoc","Havoc+1","Warcry+1","Intimidate","Double Tap+1","Anger+1","Pummel+1","True Grit+1","Decay","Corruption+1","Shame","Parasite","Anger"],"special_seed":0,"relics":["Burning Blood","The Courier","Lantern","Red Skull","Charon\u0027s Ashes","Unceasing Top","Eternal Feather","Calipers","Anchor","Strawberry","Bottled Tornado","Smiling Mask","Cursed Key","Ginger","Shuriken","FossilizedHelix","Pear"],"potions_floor_usage":[45],"damage_taken":[{"damage":8.0,"enemies":"Small Slimes","floor":1.0,"turns":4.0},{"damage":7.0,"enemies":"Cultist","floor":4.0,"turns":4.0},{"damage":0.0,"enemies":"2 Louse","floor":5.0,"turns":4.0},{"damage":31.0,"enemies":"3 Sentries","floor":6.0,"turns":5.0},{"damage":26.0,"enemies":"Lagavulin","floor":8.0,"turns":7.0},{"damage":10.0,"enemies":"Exordium Thugs","floor":12.0,"turns":3.0},{"damage":8.0,"enemies":"Exordium Wildlife","floor":13.0,"turns":3.0},{"damage":6.0,"enemies":"Gremlin Nob","floor":14.0,"turns":3.0},{"damage":9.0,"enemies":"Slime Boss","floor":16.0,"turns":5.0},{"damage":23.0,"enemies":"Shell Parasite","floor":18.0,"turns":7.0},{"damage":0.0,"enemies":"3 Byrds","floor":19.0,"turns":3.0},{"damage":29.0,"enemies":"Centurion and Healer","floor":20.0,"turns":4.0},{"damage":15.0,"enemies":"Snake Plant","floor":22.0,"turns":4.0},{"damage":16.0,"enemies":"Book of Stabbing","floor":24.0,"turns":4.0},{"damage":9.0,"enemies":"Gremlin Leader","floor":27.0,"turns":4.0},{"damage":12.0,"enemies":"Cultist and Chosen","floor":28.0,"turns":5.0},{"damage":23.0,"enemies":"Book of Stabbing","floor":29.0,"turns":3.0},{"damage":6.0,"enemies":"Sentry and Sphere","floor":30.0,"turns":3.0},{"damage":11.0,"enemies":"Collector","floor":33.0,"turns":5.0},{"damage":9.0,"enemies":"3 Darklings","floor":35.0,"turns":4.0},{"damage":14.0,"enemies":"Mind Bloom Boss Battle","floor":36.0,"turns":4.0},{"damage":6.0,"enemies":"Orb Walker","floor":37.0,"turns":1.0},{"damage":36.0,"enemies":"Giant Head","floor":41.0,"turns":6.0},{"damage":40.0,"enemies":"Writhing Mass","floor":44.0,"turns":6.0},{"damage":47,"enemies":"Nemesis","floor":45,"turns":6}],"seed_played":"4855571778048231591","potions_obtained":[{"floor":4.0,"key":"Explosive Potion"},{"floor":8.0,"key":"FearPotion"},{"floor":13.0,"key":"Explosive Potion"},{"floor":16.0,"key":"Poison Potion"},{"floor":19.0,"key":"Poison Potion"},{"floor":24.0,"key":"SmokeBomb"},{"floor":28.0,"key":"SkillPotion"},{"floor":30.0,"key":"EntropicBrew"},{"floor":36.0,"key":"EssenceOfSteel"},{"floor":39.0,"key":"Dexterity Potion"},{"floor":41.0,"key":"Strength Potion"}],"is_trial":false,"path_per_floor":["M","$","?","M","M","E","R","E","T","R","?","M","M","E","R","B",null,"M","M","M","$","M","R","E","R","T","E","M","E","M","?","R","B",null,"M","?","M","T","?","R","E","R","T","M","E"],"character_chosen":"IRONCLAD","items_purchased":["Calipers","Body Slam"],"campfire_rested":1,"item_purchase_floors":[21,21],"current_hp_per_floor":[66,66,66,65,71,46,46,26,26,48,30,26,24,24,24,21,62,45,51,28,28,19,34,24,39,46,43,37,20,20,20,38,33,70,67,59,59,59,59,80,50,71,81,47,0],"gold":453,"neow_bonus":"ONE_RANDOM_RARE_CARD","is_prod":false,"is_daily":false,"chose_seed":false,"campfire_upgraded":7,"win_rate":0,"timestamp":1542488161,"path_taken":["M","$","?","?","?","E","R","E","T","R","?","M","M","E","R","BOSS","M","M","M","$","M","R","E","R","T","E","M","E","M","?","R","BOSS","M","?","M","?","?","R","E","R","T","?","E"],"build_version":"2018-11-15","purchased_purges":1,"victory":false,"max_hp_per_floor":[75,75,75,75,75,75,75,75,75,75,75,75,75,75,75,75,75,75,75,75,75,75,75,75,75,82,82,82,82,82,82,82,82,82,82,82,82,82,82,82,82,82,92,92,92],"card_choices":[{"not_picked":["Iron Wave","Carnage"],"picked":"Seeing Red","floor":1.0},{"not_picked":["Burning Pact","Clash"],"picked":"Combust","floor":4.0},{"not_picked":["Hemokinesis","Uppercut"],"picked":"Havoc","floor":5.0},{"not_picked":["Thunderclap","Power Through"],"picked":"Demon Form","floor":6.0},{"not_picked":["Thunderclap","Wild Strike"],"picked":"Headbutt","floor":8.0},{"not_picked":["Cleave","Pommel Strike"],"picked":"Warcry","floor":12.0},{"not_picked":["Twin Strike","Perfected Strike"],"picked":"Shrug It Off","floor":13.0},{"not_picked":["Heavy Blade","Headbutt","Second Wind"],"picked":"SKIP","floor":14.0},{"not_picked":["Double Tap","Immolate"],"picked":"Bludgeon","floor":16.0},{"not_picked":["Bloodletting","Intimidate","Sword Boomerang"],"picked":"SKIP","floor":18.0},{"not_picked":["Bloodletting","Sword Boomerang"],"picked":"Intimidate","floor":18.0},{"not_picked":["Rupture","Disarm"],"picked":"Flex","floor":19.0},{"not_picked":["Clothesline","Perfected Strike"],"picked":"Sword Boomerang+1","floor":20.0},{"not_picked":["Bloodletting","Iron Wave"],"picked":"Second Wind","floor":22.0},{"not_picked":["Combust","Reckless Charge"],"picked":"Havoc","floor":24.0},{"not_picked":["Carnage","Disarm","Limit Break"],"picked":"SKIP","floor":27.0},{"not_picked":["Body Slam","Power Through"],"picked":"Havoc+1","floor":28.0},{"not_picked":["Armaments","Shrug It Off","Sword Boomerang"],"picked":"SKIP","floor":29.0},{"not_picked":["Carnage","Dual Wield"],"picked":"Warcry+1","floor":30.0},{"not_picked":["Demon Form","Feed"],"picked":"Double Tap","floor":33.0},{"not_picked":["Body Slam+1","Sword Boomerang"],"picked":"Anger+1","floor":35.0},{"not_picked":["Flex+1","Clothesline"],"picked":"Pummel+1","floor":36.0},{"not_picked":["Clothesline+1","Shrug It Off"],"picked":"True Grit+1","floor":37.0},{"not_picked":["Dual Wield+1","Perfected Strike"],"picked":"Corruption","floor":41.0},{"not_picked":["Dual Wield","Havoc"],"picked":"Anger","floor":44.0}],"player_experience":868459,"relics_obtained":[{"floor":6.0,"key":"The Courier"},{"floor":8.0,"key":"Lantern"},{"floor":9.0,"key":"Red Skull"},{"floor":14.0,"key":"Unceasing Top"},{"floor":24.0,"key":"Anchor"},{"floor":26.0,"key":"Strawberry"},{"floor":27.0,"key":"Bottled Tornado"},{"floor":29.0,"key":"Smiling Mask"},{"floor":36.0,"key":"Ginger"},{"floor":38.0,"key":"Shuriken"},{"floor":41.0,"key":"FossilizedHelix"},{"floor":43.0,"key":"Pear"}],"event_choices":[{"damage_healed":0.0,"max_hp_gain":0.0,"max_hp_loss":0.0,"gold_gain":0.0,"event_name":"Match and Keep!","player_choice":"3 cards matched","floor":3.0,"gold_loss":0.0,"damage_taken":0.0,"cards_obtained":["Offering","Flame Barrier","Havoc"]},{"damage_healed":0.0,"max_hp_gain":0.0,"max_hp_loss":0.0,"gold_gain":0.0,"event_name":"Scrap Ooze","player_choice":"Success","floor":11.0,"gold_loss":0.0,"damage_taken":18.0,"relics_obtained":["Charon\u0027s Ashes"]},{"damage_healed":0.0,"max_hp_gain":0.0,"max_hp_loss":0.0,"gold_gain":0.0,"event_name":"Match and Keep!","player_choice":"1 cards matched","floor":31.0,"gold_loss":0.0,"damage_taken":0.0,"cards_obtained":["Intimidate"]},{"damage_healed":0.0,"max_hp_gain":0.0,"max_hp_loss":0.0,"gold_gain":0.0,"event_name":"MindBloom","player_choice":"Fight","floor":36.0,"gold_loss":0.0,"damage_taken":0.0},{"damage_healed":0.0,"max_hp_gain":0.0,"max_hp_loss":0.0,"gold_gain":0.0,"event_name":"Lab","player_choice":"Got Potions","floor":39.0,"gold_loss":0.0,"damage_taken":0.0}],"is_beta":false,"boss_relics":[{"not_picked":["Pandora\u0027s Box","Fusion Hammer"],"picked":"Eternal Feather"},{"not_picked":["Astrolabe","Runic Dome"],"picked":"Cursed Key"}],"items_purged_floors":[2],"is_endless":false,"potions_floor_spawned":[4,8,13,16,19,24,28,30,36,41,44],"killed_by":"Nemesis","ascension_level":16}