{"gold_per_floor":[115,115,115,130,142,142,167,167,191,221,296,221,231,231,231,231],"floor_reached":16,"playtime":624,"items_purged":["Strike_R"],"score":113,"play_id":"3752a4cd-5f8f-4dfe-b09d-eb531423ee29","local_time":"20180718202504","is_ascension_mode":true,"campfire_choices":[{"data":"Bash","floor":6,"key":"SMITH"},{"floor":8,"key":"REST"},{"floor":15,"key":"REST"}],"neow_cost":"","seed_source_timestamp":26193893833653,"circlet_count":0,"master_deck":["Strike_R","Strike_R","Strike_R","Defend_R+1","Defend_R","Defend_R+1","Bash+1"],"relics":["Burning Blood","Orichalcum","War Paint","Incense Burner"],"potions_floor_usage":[16,16],"damage_taken":[{"damage":9,"enemies":"Jaw Worm","floor":1,"turns":6},{"damage":0,"enemies":"2 Louse","floor":4,"turns":4},{"damage":7,"enemies":"Small Slimes","floor":5,"turns":5},{"damage":54,"enemies":"Lagavulin","floor":7,"turns":8},{"damage":16,"enemies":"Gremlin Nob","floor":10,"turns":4},{"damage":0,"enemies":"Exordium Wildlife","floor":13,"turns":5},{"damage":63,"enemies":"Hexaghost","floor":16,"turns":11}],"seed_played":"-2089075249387107890","potions_obtained":[{"floor":1,"key":"Fire Potion"},{"floor":13,"key":"GamblersBrew"}],"is_trial":false,"path_per_floor":["M","?","?","M","M","R","E","R","T","E","?","$","M","?","R"],"character_chosen":"IRONCLAD","items_purchased":[],"campfire_rested":2,"item_purchase_floors":[],"current_hp_per_floor":[77,77,70,76,75,75,27,51,51,41,30,30,36,36,60,0],"gold":231,"neow_bonus":"","is_prod":false,"is_daily":false,"chose_seed":false,"campfire_upgraded":1,"win_rate":0,"timestamp":1531959904,"path_taken":["M","?","?","?","M","R","E","R","T","E","?","$","M","?","R","BOSS"],"build_version":"2018-07-12","purchased_purges":1,"victory":false,"max_hp_per_floor":[80,80,80,80,80,80,80,80,80,80,80,80,80,80,80,80],"card_choices":[{"not_picked":["Feel No Pain","True Grit","Intimidate"],"picked":"SKIP","floor":1},{"not_picked":["Cleave","Warcry","Heavy Blade"],"picked":"SKIP","floor":4},{"not_picked":["Clash","Cleave","Juggernaut"],"picked":"SKIP","floor":5},{"not_picked":["Heavy Blade","Shrug It Off","Hemokinesis"],"picked":"SKIP","floor":7},{"not_picked":["Wild Strike","Warcry","Sentinel"],"picked":"SKIP","floor":10},{"not_picked":["Wild Strike","Warcry","Sentinel"],"picked":"SKIP","floor":10},{"not_picked":["Second Wind","Combust","Clothesline"],"picked":"SKIP","floor":13}],"player_experience":120590,"relics_obtained":[{"floor":7,"key":"Orichalcum"},{"floor":9,"key":"War Paint"},{"floor":10,"key":"Incense Burner"}],"event_choices":[{"event_name":"Liars Game","player_choice":"disagreed","floor":2,"damage_taken":0},{"event_name":"Golden Wing","player_choice":"Card Removal","floor":3,"damage_taken":0},{"event_name":"World of Goop","player_choice":"Gather Gold","floor":11,"damage_taken":0},{"event_name":"Living Wall","player_choice":"Forget","floor":14,"damage_taken":0}],"boss_relics":[],"items_purged_floors":[12],"is_endless":false,"potions_floor_spawned":[1,13],"killed_by":"Hexaghost","ascension_level":1}