{"gold_per_floor":[119,32,51,64,64,91,91,111,163,194,206,218,250,262,274,359,371,398,427,459,471,398,410,453,465,477,30,47,47,82,96,96,174,174,192,210,210,210,4,4],"floor_reached":40,"playtime":1207,"items_purged":["Strike_R","Writhe"],"score":868,"play_id":"23742741-420c-41c4-b7d3-72a2b9ebe111","local_time":"20190130192620","is_ascension_mode":true,"campfire_choices":[{"floor":7.0,"key":"REST"},{"data":"Uppercut","floor":11.0,"key":"SMITH"},{"floor":15.0,"key":"REST"},{"data":"Bludgeon","floor":23.0,"key":"SMITH"},{"data":"Inflame","floor":25.0,"key":"SMITH"},{"data":"Barricade","floor":29.0,"key":"SMITH"},{"data":"Fire Breathing","floor":32.0,"key":"SMITH"}],"neow_cost":"TEN_PERCENT_HP_LOSS","seed_source_timestamp":1814752806329674,"circlet_count":0,"master_deck":["AscendersBane","Strike_R","Strike_R","Strike_R","Strike_R","Defend_R","Defend_R","Defend_R","Defend_R","Bash","Reckless Charge","Rampage","True Grit","Fire Breathing+1","Inflame+1","Uppercut+1","Metallicize","Carnage+1","Bludgeon+1","Havoc+1","Thunderclap","Evolve","Barricade+1","Double Tap","Body Slam","Trip","Mind Blast"],"special_seed":0,"relics":["Burning Blood","Torii","Ornamental Fan","Vajra","Lantern","MawBank","Paper Frog","Mark of Pain","Darkstone Periapt","Bottled Tornado","Strawberry","Lee\u0027s Waffle","Oddly Smooth Stone","Du-Vu Doll","White Beast Statue"],"potions_floor_usage":[40,40],"damage_taken":[{"damage":12.0,"enemies":"Cultist","floor":1.0,"turns":4.0},{"damage":0.0,"enemies":"Small Slimes","floor":3.0,"turns":2.0},{"damage":1.0,"enemies":"Jaw Worm","floor":4.0,"turns":3.0},{"damage":46.0,"enemies":"Gremlin Nob","floor":6.0,"turns":5.0},{"damage":24.0,"enemies":"Large Slime","floor":8.0,"turns":5.0},{"damage":16.0,"enemies":"Lagavulin","floor":10.0,"turns":5.0},{"damage":1.0,"enemies":"2 Fungi Beasts","floor":13.0,"turns":3.0},{"damage":19.0,"enemies":"Hexaghost","floor":16.0,"turns":9.0},{"damage":10.0,"enemies":"3 Byrds","floor":18.0,"turns":4.0},{"damage":22.0,"enemies":"Chosen","floor":19.0,"turns":4.0},{"damage":28.0,"enemies":"Shelled Parasite and Fungi","floor":20.0,"turns":4.0},{"damage":11.0,"enemies":"Book of Stabbing","floor":24.0,"turns":4.0},{"damage":1.0,"enemies":"Centurion and Healer","floor":28.0,"turns":5.0},{"damage":10.0,"enemies":"Gremlin Leader","floor":30.0,"turns":2.0},{"damage":21.0,"enemies":"3 Cultists","floor":31.0,"turns":5.0},{"damage":42.0,"enemies":"Champ","floor":33.0,"turns":9.0},{"damage":24.0,"enemies":"3 Shapes","floor":35.0,"turns":5.0},{"damage":12.0,"enemies":"Orb Walker","floor":36.0,"turns":3.0},{"damage":74,"enemies":"Giant Head","floor":40,"turns":6}],"seed_played":"7568307227900074302","potions_obtained":[{"floor":6.0,"key":"AttackPotion"},{"floor":8.0,"key":"Weak Potion"},{"floor":13.0,"key":"Energy Potion"},{"floor":16.0,"key":"Explosive Potion"},{"floor":19.0,"key":"Regen Potion"},{"floor":24.0,"key":"FairyPotion"},{"floor":33.0,"key":"Energy Potion"},{"floor":35.0,"key":"Explosive Potion"},{"floor":36.0,"key":"Strength Potion"}],"is_trial":false,"path_per_floor":["M","$","M","M","?","E","R","M","T","E","R","T","M","?","R","B",null,"M","M","M","?","?","R","E","R","T","$","M","R","E","M","R","B",null,"M","M","?","?","$","E"],"character_chosen":"IRONCLAD","items_purchased":["Rampage","Lee\u0027s Waffle","Oddly Smooth Stone","Mind Blast"],"campfire_rested":2,"item_purchase_floors":[2,27,27,39],"current_hp_per_floor":[62,62,68,68,63,23,43,25,25,15,15,15,20,20,40,27,58,54,38,28,42,42,42,37,37,44,82,82,82,78,63,63,27,68,50,44,66,66,66,0],"gold":4,"neow_bonus":"ONE_RARE_RELIC","is_prod":false,"is_daily":false,"chose_seed":false,"campfire_upgraded":5,"win_rate":0,"timestamp":1548872780,"path_taken":["M","$","M","?","?","E","R","M","T","E","R","?","M","?","R","BOSS","M","M","M","?","?","R","E","R","T","$","M","R","E","M","R","BOSS","M","M","?","?","$","E"],"build_version":"2019-01-23","purchased_purges":2,"victory":false,"max_hp_per_floor":[68,68,68,68,68,68,68,68,68,68,68,68,68,68,68,68,68,68,68,68,68,68,68,68,68,75,82,82,82,82,82,82,82,82,82,82,88,88,88,88],"card_choices":[{"not_picked":["Heavy Blade","Battle Trance"],"picked":"Reckless Charge","floor":1.0},{"not_picked":["Dropkick","Sentinel"],"picked":"True Grit","floor":3.0},{"not_picked":["Perfected Strike","Heavy Blade"],"picked":"Fire Breathing","floor":4.0},{"not_picked":["Rampage","Clash"],"picked":"Inflame","floor":6.0},{"not_picked":["Corruption","Pommel Strike"],"picked":"Uppercut","floor":8.0},{"not_picked":["Ghostly Armor","Heavy Blade"],"picked":"Metallicize","floor":10.0},{"not_picked":["Anger","Clothesline"],"picked":"Carnage","floor":13.0},{"not_picked":["Fiend Fire","Demon Form"],"picked":"Bludgeon","floor":16.0},{"not_picked":["Body Slam","Ghostly Armor"],"picked":"Havoc+1","floor":18.0},{"not_picked":["Carnage+1","Perfected Strike"],"picked":"Thunderclap","floor":19.0},{"not_picked":["Armaments","Spot Weakness","Blood for Blood"],"picked":"SKIP","floor":20.0},{"not_picked":["Clash","Seeing Red"],"picked":"Evolve","floor":24.0},{"not_picked":["Headbutt","Thunderclap"],"picked":"Barricade","floor":28.0},{"not_picked":["Perfected Strike","Clash+1","Reaper"],"picked":"SKIP","floor":30.0},{"not_picked":["Bloodletting+1","Sword Boomerang","Havoc"],"picked":"SKIP","floor":31.0},{"not_picked":["Demon Form","Barricade"],"picked":"Double Tap","floor":33.0},{"not_picked":["True Grit","Corruption","Clash"],"picked":"SKIP","floor":35.0},{"not_picked":["Reckless Charge+1","Warcry"],"picked":"Body Slam","floor":36.0},{"not_picked":["Discovery","Madness"],"picked":"Trip","floor":38.0}],"player_experience":972841,"relics_obtained":[{"floor":6.0,"key":"Vajra"},{"floor":9.0,"key":"Lantern"},{"floor":10.0,"key":"MawBank"},{"floor":12.0,"key":"Paper Frog"},{"floor":24.0,"key":"Bottled Tornado"},{"floor":26.0,"key":"Strawberry"},{"floor":30.0,"key":"Du-Vu Doll"}],"event_choices":[{"damage_healed":0.0,"max_hp_gain":0.0,"max_hp_loss":0.0,"gold_gain":0.0,"event_name":"Scrap Ooze","player_choice":"Success","floor":5.0,"gold_loss":0.0,"damage_taken":5.0,"relics_obtained":["Ornamental Fan"]},{"damage_healed":0.0,"max_hp_gain":0.0,"max_hp_loss":0.0,"gold_gain":0.0,"event_name":"Living Wall","player_choice":"Grow","floor":14.0,"gold_loss":0.0,"damage_taken":0.0,"cards_upgraded":["Carnage"]},{"damage_healed":14.0,"max_hp_gain":0.0,"max_hp_loss":0.0,"gold_gain":0.0,"event_name":"The Library","player_choice":"Heal","floor":21.0,"gold_loss":0.0,"damage_taken":0.0},{"damage_healed":0.0,"max_hp_gain":0.0,"max_hp_loss":0.0,"gold_gain":0.0,"event_name":"Addict","player_choice":"Obtained Relic","floor":22.0,"gold_loss":85.0,"damage_taken":0.0,"relics_obtained":["Darkstone Periapt"]},{"damage_healed":16.0,"max_hp_gain":0.0,"max_hp_loss":0.0,"gold_gain":0.0,"event_name":"Winding Halls","player_choice":"Writhe","floor":37.0,"gold_loss":0.0,"damage_taken":0.0,"cards_obtained":["Writhe"]},{"damage_healed":0.0,"max_hp_gain":0.0,"max_hp_loss":0.0,"gold_gain":0.0,"event_name":"SensoryStone","player_choice":"Memory 1","floor":38.0,"gold_loss":0.0,"damage_taken":0.0}],"is_beta":false,"boss_relics":[{"not_picked":["Sozu","Black Blood"],"picked":"Mark of Pain"},{"not_picked":["Fusion Hammer","Black Star"],"picked":"White Beast Statue"}],"items_purged_floors":[27,39],"is_endless":false,"potions_floor_spawned":[6,8,13,16,19,24,33,35,36],"killed_by":"Giant Head","ascension_level":20}