{"gold_per_floor":[118,118,128,93,93,93,107,107,189,189,200,210,17,51,51,147,147,164,184,199,214,160,194,206,233,263,263,291,291,320,46,46,151,151,169,269,269,280,280,280,299,314,314,314,324,30,30,46,46,46],"floor_reached":51,"playtime":6783,"items_purged":["Defend_B"],"score":737,"play_id":"7161b189-16f7-420f-859d-99d7dc632706","local_time":"20180810235618","is_ascension_mode":true,"campfire_choices":[{"data":"Hologram","floor":6.0,"key":"SMITH"},{"data":"Dualcast","floor":10.0,"key":"SMITH"},{"data":"Redo","floor":15.0,"key":"SMITH"},{"floor":29.0,"key":"REST"},{"floor":32.0,"key":"REST"},{"floor":40.0,"key":"REST"},{"data":"Thunder Strike","floor":44,"key":"SMITH"},{"floor":47,"key":"DIG"},{"floor":49,"key":"REST"}],"neow_cost":"TEN_PERCENT_HP_LOSS","seed_source_timestamp":1975104097396660,"circlet_count":0,"master_deck":["Strike_B","Strike_B","Strike_B","Defend_B","Defend_B","Zap+1","Dualcast+1","Hologram+1","Conserve Battery","Conserve Battery+1","Hologram","Secret Technique","Redo+1","Thunder Strike+1","Redo","Skim+1","Hologram","Tempest","Ball Lightning","Electrodynamics","Conserve Battery+1","Madness","Madness"],"special_seed":0,"relics":["Cracked Core","Dead Branch","Gambling Chip","Thread and Needle","Mercury Hourglass","Vajra","Empty Cage","Girya","Orichalcum","Tiny Chest","Bag of Marbles","Singing Bowl","DollysMirror","Lizard Tail","Shovel","Mummified Hand","Lantern"],"potions_floor_usage":[50],"damage_taken":[{"damage":4.0,"enemies":"Small Slimes","floor":1.0,"turns":3.0},{"damage":1.0,"enemies":"Jaw Worm","floor":3.0,"turns":5.0},{"damage":0.0,"enemies":"2 Louse","floor":7.0,"turns":2.0},{"damage":0.0,"enemies":"Blue Slaver","floor":11.0,"turns":2.0},{"damage":0.0,"enemies":"2 Fungi Beasts","floor":12.0,"turns":2.0},{"damage":0.0,"enemies":"3 Sentries","floor":14.0,"turns":4.0},{"damage":11.0,"enemies":"The Guardian","floor":16.0,"turns":11.0},{"damage":0.0,"enemies":"Shell Parasite","floor":18.0,"turns":2.0},{"damage":6.0,"enemies":"2 Thieves","floor":19.0,"turns":3.0},{"damage":3.0,"enemies":"Chosen and Byrds","floor":20.0,"turns":4.0},{"damage":0.0,"enemies":"Sentry and Sphere","floor":21.0,"turns":3.0},{"damage":8.0,"enemies":"Book of Stabbing","floor":23.0,"turns":5.0},{"damage":0.0,"enemies":"Snake Plant","floor":24.0,"turns":4.0},{"damage":30.0,"enemies":"Gremlin Leader","floor":25.0,"turns":4.0},{"damage":14.0,"enemies":"Slavers","floor":28.0,"turns":5.0},{"damage":10.0,"enemies":"Book of Stabbing","floor":30.0,"turns":5.0},{"damage":9.0,"enemies":"Automaton","floor":33.0,"turns":8.0},{"damage":3.0,"enemies":"Flame Bruiser 1 Orb","floor":35.0,"turns":4.0},{"damage":16.0,"enemies":"3 Darklings","floor":38.0,"turns":3.0},{"damage":31,"enemies":"Maw","floor":41,"turns":7},{"damage":0,"enemies":"Sphere and 2 Shapes","floor":42,"turns":3},{"damage":0,"enemies":"Transient","floor":45,"turns":5},{"damage":0,"enemies":"3 Darklings","floor":48,"turns":2},{"damage":70,"enemies":"Donu and Deca","floor":50,"turns":7}],"seed_played":"-6726846405220578053","potions_obtained":[{"floor":1.0,"key":"Poison Potion"},{"floor":11.0,"key":"Ancient Potion"},{"floor":12.0,"key":"Weak Potion"},{"floor":24.0,"key":"FocusPotion"},{"floor":41,"key":"Regen Potion"},{"floor":42,"key":"Block Potion"}],"is_trial":false,"path_per_floor":["M","?","M","?","?","R","M","T","T","R","M","M","$","E","R","B",null,"M","M","M","M","$","E","M","E","T","?","E","R","E","$","R","B",null,"M","?","?","M","?","R","M","M","T","R","M","$","R","M","R","B"],"character_chosen":"DEFECT","items_purchased":["Secret Technique","Hologram","DollysMirror","Mummified Hand","Weak Potion"],"campfire_rested":4,"item_purchase_floors":[13,22,31,46,46],"current_hp_per_floor":[64,39,38,55,55,55,55,55,55,55,55,55,55,55,55,44,68,68,62,59,59,59,51,51,21,21,21,7,27,17,17,37,30,70,69,69,60,46,48,70,41,43,43,43,45,45,45,47,72,17],"gold":46,"neow_bonus":"ONE_RARE_RELIC","is_prod":false,"is_daily":false,"chose_seed":false,"campfire_upgraded":4,"win_rate":0,"timestamp":1533959778,"path_taken":["M","?","M","?","?","R","?","?","T","R","M","M","$","E","R","BOSS","M","M","?","M","$","E","M","E","T","?","E","R","E","?","R","BOSS","M","?","?","?","?","R","M","M","T","R","M","?","R","?","R","BOSS"],"build_version":"2018-08-09","purchased_purges":1,"victory":true,"max_hp_per_floor":[68,68,68,68,68,68,68,68,68,68,68,68,68,68,68,68,68,68,68,68,68,68,68,68,68,68,68,68,68,68,68,68,70,70,72,72,72,74,76,76,78,80,80,80,82,82,82,84,84,84],"card_choices":[{"not_picked":["Storm","Compile Driver"],"picked":"Hologram","floor":1.0},{"not_picked":["Scrape","Steam Power"],"picked":"Conserve Battery","floor":3.0},{"not_picked":["Consume","Heatsinks","Sweeping Beam"],"picked":"SKIP","floor":7.0},{"not_picked":["Chaos","Steam"],"picked":"Conserve Battery","floor":11.0},{"not_picked":["Rip and Tear","Consume"],"picked":"Hologram","floor":12.0},{"not_picked":["Beam Cell","Cold Snap"],"picked":"Redo","floor":14.0},{"not_picked":["Biased Cognition","Hyperbeam"],"picked":"Thunder Strike","floor":16.0},{"not_picked":["Turbo","Compile Driver","Sweeping Beam+1"],"picked":"SKIP","floor":18.0},{"not_picked":["Gash","Rebound","Stack"],"picked":"SKIP","floor":19.0},{"not_picked":["Streamline","Storm"],"picked":"Redo","floor":20.0},{"not_picked":["Barrage","Undo"],"picked":"Skim+1","floor":21.0},{"not_picked":["Storm+1","Darkness"],"picked":"Tempest","floor":23.0},{"not_picked":["Reboot","Chaos","Conserve Battery"],"picked":"SKIP","floor":24.0},{"not_picked":["Compile Driver","Hologram","Auto Shields+1"],"picked":"SKIP","floor":25.0},{"not_picked":["White Noise","Beam Cell+1"],"picked":"Ball Lightning","floor":28.0},{"not_picked":["Melter","Chill+1"],"picked":"Electrodynamics","floor":30.0},{"not_picked":["Amplify","Meteor Strike","Rainbow"],"picked":"Singing Bowl","floor":33.0},{"not_picked":["Turbo+1","Go for the Eyes+1","White Noise+1"],"picked":"Singing Bowl","floor":35.0},{"not_picked":["Gash","Conserve Battery","Hello World"],"picked":"Singing Bowl","floor":38.0},{"not_picked":["Magnetism","Deep Breath","Thinking Ahead"],"picked":"Singing Bowl","floor":39.0},{"not_picked":["Conserve Battery","Gash","Undo"],"picked":"Singing Bowl","floor":41},{"not_picked":["Sweeping Beam","Coolheaded+1","Turbo+1"],"picked":"Singing Bowl","floor":42},{"not_picked":["Sweeping Beam+1","Barrage","Consume+1"],"picked":"Singing Bowl","floor":45},{"not_picked":["Melter+1","Leap","BootSequence+1"],"picked":"Singing Bowl","floor":48}],"player_experience":206978,"relics_obtained":[{"floor":8.0,"key":"Thread and Needle"},{"floor":9.0,"key":"Mercury Hourglass"},{"floor":14.0,"key":"Vajra"},{"floor":23.0,"key":"Girya"},{"floor":25.0,"key":"Orichalcum"},{"floor":26.0,"key":"Tiny Chest"},{"floor":28.0,"key":"Bag of Marbles"},{"floor":30.0,"key":"Singing Bowl"},{"floor":43,"key":"Shovel"},{"floor":47,"key":"Lantern"}],"event_choices":[{"event_name":"Scrap Ooze","player_choice":"success","floor":2.0,"damage_taken":25.0},{"event_name":"The Cleric","player_choice":"Healed","floor":4.0,"damage_taken":0.0},{"event_name":"Living Wall","player_choice":"Grow","floor":5.0,"damage_taken":0.0},{"event_name":"Accursed Blacksmith","player_choice":"Forge","floor":27.0,"damage_taken":0.0},{"event_name":"Golden Shrine","player_choice":"Pray","floor":36.0,"damage_taken":0.0},{"event_name":"Winding Halls","player_choice":"Embrace Madness","floor":37.0,"damage_taken":0.0},{"event_name":"SensoryStone","player_choice":"Memory 1","floor":39.0,"damage_taken":0.0}],"is_beta":false,"boss_relics":[{"not_picked":["Calling Bell","Astrolabe"],"picked":"Empty Cage"},{"not_picked":["Coffee Dripper","FrozenCore"],"picked":"Lizard Tail"}],"items_purged_floors":[31],"is_endless":false,"potions_floor_spawned":[1,11,12,20,24,25,41,42,48],"ascension_level":1}