{"gold_per_floor":[112,128,140,71,91,91,116,116,165,179,179,206,206,206,206,310,310,328,185,198,214,227,227,227],"floor_reached":24,"playtime":1394,"items_purged":[],"score":208,"play_id":"4d7de242-3aa8-4f62-9832-29e992e9301b","local_time":"20190131192000","is_ascension_mode":false,"campfire_choices":[{"floor":6,"key":"REST"},{"data":"Footwork","floor":8,"key":"SMITH"},{"data":"Poisoned Stab","floor":11,"key":"SMITH"},{"floor":13,"key":"REST"},{"floor":15,"key":"REST"},{"floor":23,"key":"REST"}],"neow_cost":"NONE","seed_source_timestamp":1813723147226225,"circlet_count":0,"master_deck":["Defend_G","Defend_G","Defend_G","Defend_G","Defend_G","Strike_G","Strike_G","Strike_G","Strike_G+1","Strike_G+1","Survivor","Neutralize+1","Die Die Die","Footwork+1","Bane","Terror+1","After Image","Poisoned Stab+1","Bouncing Flask"],"relics":["Ring of the Snake","Letter Opener","Whetstone","Potion Belt","Runic Pyramid","Vajra"],"potions_floor_usage":[7,16],"damage_taken":[{"damage":6,"enemies":"Cultist","floor":1,"turns":3},{"damage":4,"enemies":"Jaw Worm","floor":2,"turns":4},{"damage":2,"enemies":"2 Louse","floor":3,"turns":3},{"damage":9,"enemies":"Red Slaver","floor":5,"turns":3},{"damage":18,"enemies":"3 Sentries","floor":7,"turns":9},{"damage":0,"enemies":"2 Fungi Beasts","floor":10,"turns":2},{"damage":24,"enemies":"Gremlin Nob","floor":12,"turns":5},{"damage":29,"enemies":"Hexaghost","floor":16,"turns":8},{"damage":10,"enemies":"Spheric Guardian","floor":18,"turns":4},{"damage":0,"enemies":"Shell Parasite","floor":20,"turns":4},{"damage":24,"enemies":"Sentry and Sphere","floor":21,"turns":7},{"damage":17,"enemies":"Cultist and Chosen","floor":22,"turns":5},{"damage":44,"enemies":"Gremlin Leader","floor":24,"turns":4}],"seed_played":"-4038601859551813750","potions_obtained":[{"floor":3,"key":"Dexterity Potion"},{"floor":5,"key":"Regen Potion"},{"floor":10,"key":"Swift Potion"},{"floor":18,"key":"SkillPotion"}],"is_trial":false,"path_per_floor":["M","M","M","$","M","R","E","R","T","M","R","E","R","?","R","B",null,"M","$","M","M","M","R","E"],"character_chosen":"THE_SILENT","items_purchased":["Terror","Vajra"],"campfire_rested":4,"item_purchase_floors":[4,19],"current_hp_per_floor":[64,60,58,58,49,70,52,52,52,52,52,28,49,35,56,42,70,60,60,60,36,19,40,0],"gold":227,"neow_bonus":"ONE_RANDOM_RARE_CARD","is_prod":false,"is_daily":false,"chose_seed":false,"campfire_upgraded":2,"win_rate":0.0,"timestamp":1548922800,"path_taken":["M","M","M","$","M","R","E","R","T","?","R","E","R","?","R","BOSS","M","$","M","M","M","R","E"],"build_version":"2019-01-23","purchased_purges":0,"victory":false,"max_hp_per_floor":[70,70,70,70,70,70,70,70,70,70,70,70,70,70,70,70,70,70,70,70,70,70,70,70],"card_choices":[{"not_picked":["Sucker Punch","Prepared"],"picked":"Footwork","floor":1},{"not_picked":["Deflect","Sucker Punch"],"picked":"Bane","floor":2},{"not_picked":["Sucker Punch","Acrobatics","Prepared"],"picked":"SKIP","floor":3},{"not_picked":["Sucker Punch","Infinite Blades","Dash"],"picked":"SKIP","floor":5},{"not_picked":["Backflip","Acrobatics"],"picked":"After Image","floor":7},{"not_picked":["Prepared","PiercingWail"],"picked":"Poisoned Stab","floor":10},{"not_picked":["Tactician","Deadly Poison"],"picked":"Bouncing Flask","floor":12},{"not_picked":["Expertise","Slice","Dagger Throw"],"picked":"SKIP","floor":18},{"not_picked":["Backflip","Underhanded Strike","Dagger Throw"],"picked":"SKIP","floor":20},{"not_picked":["Outmaneuver","Deflect","Leg Sweep"],"picked":"SKIP","floor":21},{"not_picked":["Acrobatics","Skewer","Dash"],"picked":"SKIP","floor":22}],"player_experience":119778,"relics_obtained":[{"floor":7,"key":"Letter Opener"},{"floor":9,"key":"Whetstone"},{"floor":12,"key":"Potion Belt"}],"event_choices":[{"damage_healed":0,"gold_gain":0,"player_choice":"Entered Light","damage_taken":14,"max_hp_gain":0,"max_hp_loss":0,"event_name":"Shining Light","floor":14,"gold_loss":0,"cards_upgraded":["Strike_G","Terror"]}],"is_beta":false,"boss_relics":[{"not_picked":["Fusion Hammer","Coffee Dripper"],"picked":"Runic Pyramid"}],"items_purged_floors":[],"is_endless":false,"potions_floor_spawned":[3,5,10,18],"killed_by":"Gremlin Leader","ascension_level":0}