{"gold_per_floor":[118,83,83,8,19,19,52,64,64,64,64,64,399,412,412,412],"floor_reached":16,"playtime":563,"items_purged":["Strike_G"],"score":205,"play_id":"a48a7870-91eb-4070-bf0a-adc9878a9584","local_time":"20180929200445","is_ascension_mode":true,"campfire_choices":[{"data":"Backstab","floor":6,"key":"SMITH"},{"data":"Prepared","floor":10,"key":"SMITH"},{"data":"Underhanded Strike","floor":12,"key":"SMITH"},{"data":"Dash","floor":15,"key":"SMITH"}],"neow_cost":"","seed_source_timestamp":76639995917545,"circlet_count":0,"master_deck":["Defend_G+1","Defend_G","Defend_G+1","Defend_G","Strike_G","Strike_G","Strike_G","Strike_G","Survivor","Neutralize","AscendersBane","Backstab+1","Underhanded Strike+1","Dagger Throw","Escape Plan","Prepared+1","Dash+1"],"relics":["Ring of the Snake","War Paint","Meat on the Bone","Old Coin"],"potions_floor_usage":[13,16],"damage_taken":[{"damage":5,"enemies":"Jaw Worm","floor":1,"turns":7},{"damage":0,"enemies":"Small Slimes","floor":5,"turns":4},{"damage":19,"enemies":"3 Sentries","floor":7,"turns":12},{"damage":0,"enemies":"2 Louse","floor":8,"turns":2},{"damage":2,"enemies":"Lagavulin","floor":13,"turns":5},{"damage":4,"enemies":"Exordium Thugs","floor":14,"turns":4},{"damage":57,"enemies":"Slime Boss","floor":16,"turns":9}],"seed_played":"1126112446855740159","potions_obtained":[{"floor":1,"key":"Dexterity Potion"},{"floor":8,"key":"Strength Potion"}],"is_trial":false,"path_per_floor":["M","?","?","$","M","R","E","M","T","R","$","R","E","M","R"],"character_chosen":"THE_SILENT","items_purchased":[],"campfire_rested":0,"item_purchase_floors":[],"current_hp_per_floor":[54,66,66,66,66,66,47,47,47,47,47,47,45,41,41,0],"gold":412,"neow_bonus":"","is_prod":false,"is_daily":false,"chose_seed":false,"campfire_upgraded":4,"win_rate":0,"timestamp":1538244285,"path_taken":["M","?","?","?","M","R","E","M","T","R","$","R","E","M","R","BOSS"],"build_version":"2018-09-27","purchased_purges":1,"victory":false,"max_hp_per_floor":[66,66,66,66,66,66,66,66,66,66,66,66,66,66,66,66],"card_choices":[{"not_picked":["Escape Plan","Underhanded Strike"],"picked":"Backstab","floor":1},{"not_picked":["Distraction","Deflect"],"picked":"Dagger Throw","floor":5},{"not_picked":["Dagger Spray","Catalyst"],"picked":"Escape Plan","floor":7},{"not_picked":["Bane","Dodge and Roll"],"picked":"Prepared","floor":8},{"not_picked":["Slice","Corpse Explosion"],"picked":"Dash","floor":13},{"not_picked":["Dagger Throw","Deflect","Quick Slash"],"picked":"SKIP","floor":14}],"player_experience":784675,"relics_obtained":[{"floor":7,"key":"War Paint"},{"floor":9,"key":"Meat on the Bone"},{"floor":13,"key":"Old Coin"}],"event_choices":[{"event_name":"The Cleric","player_choice":"Healed","floor":2,"damage_taken":0},{"event_name":"Transmorgrifier","player_choice":"Transform","floor":3,"damage_taken":0}],"is_beta":false,"boss_relics":[],"items_purged_floors":[4],"is_endless":false,"potions_floor_spawned":[1,8],"killed_by":"Slime Boss","ascension_level":18}