{"gold_per_floor":[109,122,138,152,172,172,202,202,202,202,202,16,16,30,30,127,127,109,128,128,0,12,12],"floor_reached":23,"playtime":9164,"items_purged":["Strike_R"],"score":241,"play_id":"509933b5-928b-4501-959d-e870316d3f8a","local_time":"20190316155238","is_ascension_mode":true,"campfire_choices":[{"floor":6,"key":"REST"},{"data":"Barricade","floor":8,"key":"SMITH"},{"floor":11,"key":"REST"},{"data":"Combust","floor":13,"key":"SMITH"},{"data":"Metallicize","floor":15,"key":"SMITH"}],"neow_cost":"NONE","seed_source_timestamp":245801864524758,"circlet_count":0,"master_deck":["Strike_R","Strike_R","Defend_R","Defend_R","Defend_R","Defend_R","Bash","Metallicize+1","Sword Boomerang","Shrug It Off","Barricade+1","Combust+1","Shrug It Off","Disarm","Evolve","Double Tap","Body Slam","Reckless Charge","J.A.X.","Clothesline+1"],"relics":["Burning Blood","Unceasing Top","Art of War","Runic Pyramid"],"potions_floor_usage":[5,7,7,19,22],"damage_taken":[{"damage":6,"enemies":"Cultist","floor":1,"turns":3},{"damage":4,"enemies":"2 Louse","floor":2,"turns":3},{"damage":1,"enemies":"Small Slimes","floor":3,"turns":4},{"damage":13,"enemies":"Blue Slaver","floor":4,"turns":5},{"damage":26,"enemies":"Exordium Thugs","floor":5,"turns":9},{"damage":33,"enemies":"Gremlin Nob","floor":7,"turns":5},{"damage":1,"enemies":"Large Slime","floor":14,"turns":7},{"damage":43,"enemies":"Slime Boss","floor":16,"turns":11},{"damage":32,"enemies":"2 Thieves","floor":18,"turns":5},{"damage":2,"enemies":"Shell Parasite","floor":19,"turns":11},{"damage":38,"enemies":"Shelled Parasite and Fungi","floor":22,"turns":7},{"damage":25,"enemies":"Gremlin Leader","floor":23,"turns":2}],"seed_played":"3791694413333757200","potions_obtained":[{"floor":2,"key":"Poison Potion"},{"floor":3,"key":"GamblersBrew"},{"floor":4,"key":"Ancient Potion"},{"floor":14,"key":"BloodPotion"},{"floor":19,"key":"AttackPotion"}],"is_trial":false,"path_per_floor":["M","?","?","?","M"],"character_chosen":"IRONCLAD","items_purchased":["Disarm","Evolve"],"campfire_rested":2,"item_purchase_floors":[12,12],"current_hp_per_floor":[80,80,80,73,53,77,50,50,50,43,67,67,67,72,72,35,69,43,55,55,55,23,0],"gold":12,"neow_bonus":"TRANSFORM_CARD","is_prod":false,"is_daily":false,"chose_seed":false,"campfire_upgraded":3,"win_rate":0,"timestamp":1552773158,"path_taken":["M","?","M","M","M","R","E","R","T","?","R","$","R","M","R","BOSS","M","M","?","?","?","E"],"build_version":"2019-01-23","purchased_purges":1,"victory":false,"max_hp_per_floor":[80,80,80,80,80,80,80,80,80,80,80,80,80,80,80,80,80,80,80,80,80,80,80],"card_choices":[{"not_picked":["Fire Breathing","Intimidate"],"picked":"Sword Boomerang","floor":1},{"not_picked":["Twin Strike","Body Slam"],"picked":"Shrug It Off","floor":2},{"not_picked":["Power Through","Blood for Blood","Clash"],"picked":"SKIP","floor":3},{"not_picked":["Anger","Clash"],"picked":"Barricade","floor":4},{"not_picked":["Spot Weakness","Heavy Blade"],"picked":"Combust","floor":5},{"not_picked":["Wild Strike","Inflame"],"picked":"Shrug It Off","floor":7},{"not_picked":["Anger","Twin Strike","Second Wind"],"picked":"SKIP","floor":14},{"not_picked":["Exhume","Feed"],"picked":"Double Tap","floor":16},{"not_picked":["Second Wind+1","Pommel Strike+1"],"picked":"Body Slam","floor":18},{"not_picked":["Flex","Thunderclap"],"picked":"Reckless Charge","floor":19},{"not_picked":["Sever Soul","Juggernaut"],"picked":"Clothesline+1","floor":22}],"player_experience":270676,"relics_obtained":[{"floor":7,"key":"Unceasing Top"},{"floor":9,"key":"Art of War"}],"event_choices":[{"cards_removed":["Strike_R"],"damage_healed":0,"gold_gain":0,"player_choice":"Card Removal","damage_taken":7,"max_hp_gain":0,"max_hp_loss":0,"event_name":"Golden Wing","floor":10,"gold_loss":0},{"damage_healed":0,"gold_gain":0,"player_choice":"Obtain J.A.X.","damage_taken":0,"max_hp_gain":0,"max_hp_loss":0,"event_name":"Drug Dealer","floor":20,"gold_loss":0,"cards_obtained":["J.A.X."]},{"damage_healed":0,"gold_gain":0,"player_choice":"Paid Fearfully","damage_taken":0,"max_hp_gain":0,"max_hp_loss":0,"event_name":"Masked Bandits","floor":21,"gold_loss":128}],"is_beta":false,"boss_relics":[{"not_picked":["Runic Dome","Orrery"],"picked":"Runic Pyramid"}],"items_purged_floors":[12],"is_endless":false,"potions_floor_spawned":[2,3,4,14,19],"killed_by":"Gremlin Leader","ascension_level":5}