{"gold_per_floor":[115,115,133,147,147,147,163,163,186,186,186,211,211,227,227,327,327,337,63,79,95,111,111,138,138,138,163,163,176,176,209,209,312,312,322,17,31,31,51,51,78,78,78,78,126,160,40,40,40,40,40,40,40,74,74],"floor_reached":56,"playtime":2462,"items_purged":["Pain"],"score":1572,"play_id":"2f2d4fa9-f582-4ab9-b594-b80a01ab1c84","local_time":"20190214232354","is_ascension_mode":true,"campfire_choices":[{"data":"Sunder","floor":6.0,"key":"SMITH"},{"data":"Beam Cell","floor":8.0,"key":"SMITH"},{"data":"Zap","floor":10.0,"key":"SMITH"},{"data":"Dualcast","floor":15.0,"key":"SMITH"},{"data":"Chaos","floor":23.0,"key":"SMITH"},{"data":"Hologram","floor":28.0,"key":"SMITH"},{"data":"Seek","floor":32.0,"key":"SMITH"},{"data":"Rainbow","floor":40,"key":"SMITH"},{"data":"Thunder Strike","floor":42,"key":"SMITH"},{"floor":44,"key":"RECALL"},{"data":"Creative AI","floor":49,"key":"SMITH"},{"data":"Multi-Cast","floor":52,"key":"SMITH"}],"neow_cost":"NONE","seed_source_timestamp":0,"circlet_count":0,"master_deck":["Zap+1","Dualcast+1","Sunder+1","Chill","Self Repair+1","Beam Cell+1","Seek+1","Doom and Gloom","Electrodynamics","Barrage","Genetic Algorithm","Conserve Battery","Steam+1","Hologram+1","Chaos+1","Rainbow+1","Glacier+1","Chaos+1","Chill","Thunder Strike+1","Multi-Cast+1","Cold Snap+1","Chill+1","Creative AI+1","Conserve Battery+1"],"special_seed":0,"relics":["Lizard Tail","Centennial Puzzle","Orichalcum","Lantern","WarpedTongs","Pandora\u0027s Box","DollysMirror","Strawberry","Shuriken","Torii","Blue Candle","Nuclear Battery","Incense Burner","The Courier","Mummified Hand","StoneCalendar","Blood Vial","War Paint","Pocketwatch"],"potions_floor_usage":[54,55,55,55,55,55,55],"damage_taken":[{"damage":6.0,"enemies":"2 Louse","floor":1.0,"turns":3.0},{"damage":6.0,"enemies":"Jaw Worm","floor":3.0,"turns":3.0},{"damage":0.0,"enemies":"Small Slimes","floor":4.0,"turns":3.0},{"damage":8.0,"enemies":"Looter","floor":7.0,"turns":4.0},{"damage":7.0,"enemies":"3 Sentries","floor":12.0,"turns":5.0},{"damage":8.0,"enemies":"Red Slaver","floor":14.0,"turns":3.0},{"damage":35.0,"enemies":"The Guardian","floor":16.0,"turns":9.0},{"damage":22.0,"enemies":"2 Thieves","floor":18.0,"turns":2.0},{"damage":3.0,"enemies":"3 Byrds","floor":20.0,"turns":2.0},{"damage":6.0,"enemies":"Centurion and Healer","floor":21.0,"turns":6.0},{"damage":9.0,"enemies":"Sentry and Sphere","floor":22.0,"turns":4.0},{"damage":12.0,"enemies":"Book of Stabbing","floor":24.0,"turns":5.0},{"damage":17.0,"enemies":"Gremlin Leader","floor":27.0,"turns":6.0},{"damage":1.0,"enemies":"Cultist and Chosen","floor":29.0,"turns":6.0},{"damage":0.0,"enemies":"Slavers","floor":31.0,"turns":3.0},{"damage":21.0,"enemies":"Collector","floor":33.0,"turns":8.0},{"damage":1,"enemies":"3 Darklings","floor":35,"turns":3},{"damage":1,"enemies":"Orb Walker","floor":37,"turns":3},{"damage":1,"enemies":"Sphere and 2 Shapes","floor":39,"turns":3},{"damage":15,"enemies":"Reptomancer","floor":41,"turns":7},{"damage":1,"enemies":"2 Orb Walkers","floor":45,"turns":3},{"damage":2,"enemies":"Nemesis","floor":46,"turns":7},{"damage":44,"enemies":"Time Eater","floor":50,"turns":10},{"damage":19,"enemies":"Shield and Spear","floor":54,"turns":7},{"damage":72,"enemies":"The Heart","floor":55,"turns":14}],"seed_played":"-3331495174916803687","potions_obtained":[{"floor":3.0,"key":"EssenceOfSteel"},{"floor":7.0,"key":"Strength Potion"},{"floor":16.0,"key":"LiquidBronze"},{"floor":20.0,"key":"AttackPotion"},{"floor":24.0,"key":"Energy Potion"},{"floor":27.0,"key":"EssenceOfSteel"},{"floor":31.0,"key":"Fire Potion"},{"floor":33.0,"key":"EntropicBrew"},{"floor":54,"key":"Dexterity Potion"}],"is_trial":false,"path_per_floor":["M","?","M","M","?","R","M","R","T","R","?","E","?","M","R","B",null,"M","$","M","M","M","R","E","?","T","E","R","M","?","E","R","B",null,"M","$","M","T","M","R","E","R","T","R","?","E","$","?","R","B",null,"R","$","E","B",null],"character_chosen":"DEFECT","items_purchased":["DollysMirror","Incense Burner","War Paint"],"campfire_rested":0,"item_purchase_floors":[19,36,47],"current_hp_per_floor":[69,62,56,56,41,41,43,43,43,43,43,46,46,48,48,23,75,53,53,60,64,65,65,70,70,70,63,63,72,92,92,92,81,92,92,92,92,92,92,92,87,87,87,87,92,92,92,87,87,53,87,87,87,78,18],"gold":74,"neow_bonus":"BOSS_RELIC","is_prod":false,"is_daily":false,"chose_seed":false,"campfire_upgraded":11,"win_rate":0,"timestamp":1550183034,"path_taken":["M","?","M","M","?","R","M","R","T","R","?","E","?","?","R","BOSS","M","$","M","M","M","R","E","?","T","E","R","?","?","E","R","BOSS","M","$","M","?","M","R","E","R","T","R","?","E","$","?","R","BOSS","R","$","E","BOSS"],"build_version":"2019-01-23","purchased_purges":1,"victory":true,"max_hp_per_floor":[75,75,75,75,75,75,75,75,75,75,75,75,75,75,75,75,75,75,75,75,75,75,75,82,82,82,82,82,82,92,92,92,92,92,92,92,92,92,92,92,92,92,92,92,92,92,92,87,87,87,87,87,87,87,87],"card_choices":[{"not_picked":["Hologram","Redo"],"picked":"Sunder","floor":1.0},{"not_picked":["Compile Driver","Melter"],"picked":"Chill","floor":3.0},{"not_picked":["Gash","Steam"],"picked":"Self Repair","floor":4.0},{"not_picked":["Leap","Barrage"],"picked":"Beam Cell","floor":7.0},{"not_picked":["Aggregate","Steam"],"picked":"Seek","floor":12.0},{"not_picked":["Steam Power","Gash"],"picked":"Doom and Gloom","floor":14.0},{"not_picked":["Buffer","All For One"],"picked":"Electrodynamics","floor":16.0},{"not_picked":["Static Discharge","Lockon+1","Barrage"],"picked":"SKIP","floor":18.0},{"not_picked":["BootSequence","Stack"],"picked":"Glacier","floor":20.0},{"not_picked":["Conserve Battery","Leap","Coolheaded+1"],"picked":"SKIP","floor":21.0},{"not_picked":["Barrage","White Noise"],"picked":"Chaos+1","floor":22.0},{"not_picked":["Conserve Battery","Chaos","Rebound+1"],"picked":"SKIP","floor":24.0},{"not_picked":["Undo+1","Coolheaded"],"picked":"Chill","floor":27.0},{"not_picked":["Coolheaded","Stack","Doom and Gloom"],"picked":"SKIP","floor":29.0},{"not_picked":["Leap","Steam Power"],"picked":"Thunder Strike","floor":31.0},{"not_picked":["Machine Learning","Rainbow"],"picked":"Multi-Cast","floor":33.0},{"not_picked":["Rip and Tear+1","Streamline","Cold Snap+1"],"picked":"SKIP","floor":35},{"not_picked":["Rebound+1","Turbo"],"picked":"Cold Snap+1","floor":37},{"not_picked":["Ball Lightning","Doom and Gloom","Steam Power"],"picked":"SKIP","floor":39},{"not_picked":["Aggregate+1","Rip and Tear","Redo+1"],"picked":"SKIP","floor":41},{"not_picked":["Conserve Battery","Turbo"],"picked":"Chill+1","floor":45},{"not_picked":["Glacier+1","Cold Snap+1"],"picked":"Creative AI","floor":46},{"not_picked":["Melter","Redo+1"],"picked":"Conserve Battery+1","floor":54}],"player_experience":1078666,"relics_obtained":[{"floor":9.0,"key":"Centennial Puzzle"},{"floor":12.0,"key":"Lantern"},{"floor":24.0,"key":"Strawberry"},{"floor":26.0,"key":"Shuriken"},{"floor":27.0,"key":"Torii"},{"floor":31.0,"key":"Blue Candle"},{"floor":38,"key":"The Courier"},{"floor":41,"key":"Mummified Hand"},{"floor":45,"key":"StoneCalendar"},{"floor":46,"key":"Blood Vial"},{"floor":54,"key":"Pocketwatch"}],"event_choices":[{"cards_removed":["Strike_B"],"damage_healed":0.0,"max_hp_gain":0.0,"max_hp_loss":0.0,"gold_gain":0.0,"event_name":"Golden Wing","player_choice":"Card Removal","floor":2.0,"gold_loss":0.0,"damage_taken":7.0},{"damage_healed":0.0,"max_hp_gain":0.0,"max_hp_loss":0.0,"gold_gain":0.0,"event_name":"Shining Light","player_choice":"Entered Light","floor":5.0,"gold_loss":0.0,"damage_taken":15.0,"cards_upgraded":["Defend_B","Self Repair"]},{"damage_healed":0.0,"max_hp_gain":0.0,"max_hp_loss":0.0,"gold_gain":0.0,"event_name":"Big Fish","player_choice":"Box","floor":11.0,"gold_loss":0.0,"damage_taken":0.0,"relics_obtained":["Orichalcum"],"cards_obtained":["Regret"]},{"damage_healed":0.0,"max_hp_gain":0.0,"max_hp_loss":0.0,"gold_gain":0.0,"event_name":"Accursed Blacksmith","player_choice":"Rummage","floor":13.0,"gold_loss":0.0,"damage_taken":0.0,"relics_obtained":["WarpedTongs"],"cards_obtained":["Pain"]},{"cards_removed":["Regret"],"damage_healed":0.0,"max_hp_gain":0.0,"max_hp_loss":0.0,"gold_gain":0.0,"event_name":"Purifier","player_choice":"Purged","floor":25.0,"gold_loss":0.0,"damage_taken":0.0},{"cards_removed":["Rainbow"],"damage_healed":10.0,"max_hp_gain":10.0,"max_hp_loss":0.0,"gold_gain":0.0,"event_name":"Bonfire Elementals","player_choice":"Offered Rare","floor":30.0,"gold_loss":0.0,"damage_taken":0.0},{"damage_healed":0,"gold_gain":0,"player_choice":"Fight","damage_taken":0,"max_hp_gain":0,"max_hp_loss":0,"event_name":"Mysterious Sphere","floor":45,"gold_loss":0},{"damage_healed":0,"gold_gain":0,"player_choice":"Max HP","damage_taken":0,"max_hp_gain":0,"max_hp_loss":5,"event_name":"Winding Halls","floor":48,"gold_loss":0}],"is_beta":false,"boss_relics":[{"not_picked":["Snecko Eye","Orrery"],"picked":"Pandora\u0027s Box"},{"not_picked":["Sozu","Cursed Key"],"picked":"Nuclear Battery"}],"items_purged_floors":[19],"is_endless":false,"potions_floor_spawned":[3,7,16,20,24,27,31,33,39,41,54],"ascension_level":1}