{"gold_per_floor":[117,117,217,108,108,108,122,141,167,167,167,167,167,190,190,309,309,330,353,10,24,43,43,57,57,83,83,83,83,98,111,111,237,237,253,276,3,27,43,43,43,64,135,33,366,385,385,396,396,396],"floor_reached":51,"playtime":2973,"items_purged":["Strike_R","Strike_R","Strike_R"],"score":873,"play_id":"fd0ce817-c834-45cb-a424-b96732e3a59e","local_time":"20180810030805","is_ascension_mode":true,"campfire_choices":[{"data":"Bash","floor":6,"key":"SMITH"},{"floor":12,"key":"REST"},{"floor":15,"key":"REST"},{"data":"Barricade","floor":23,"key":"SMITH"},{"data":"Inflame","floor":29,"key":"SMITH"},{"floor":32,"key":"REST"},{"data":"1","floor":40,"key":"LIFT"},{"data":"2","floor":49,"key":"LIFT"}],"neow_cost":"PERCENT_DAMAGE","seed_source_timestamp":81817560336392,"circlet_count":0,"master_deck":["Defend_R+1","Defend_R+1","Bash+1","Inflame+1","Barricade+1","Shrug It Off+1","Pommel Strike+1","True Grit+1","Clash+1","Clash","Juggernaut","Shrug It Off","Metallicize","Whirlwind+1","Jack Of All Trades","Flex+1"],"relics":["Burning Blood","Girya","War Paint","Mummified Hand","Sozu","Meat on the Bone","Bag of Preparation","Fusion Hammer","Anchor","Gremlin Horn","Incense Burner"],"potions_floor_usage":[16,16],"damage_taken":[{"damage":13,"enemies":"Jaw Worm","floor":1,"turns":7},{"damage":0,"enemies":"Small Slimes","floor":7,"turns":3},{"damage":1,"enemies":"Cultist","floor":8,"turns":3},{"damage":9,"enemies":"Large Slime","floor":14,"turns":6},{"damage":72,"enemies":"Hexaghost","floor":16,"turns":11},{"damage":27,"enemies":"3 Byrds","floor":18,"turns":5},{"damage":10,"enemies":"Spheric Guardian","floor":19,"turns":14},{"damage":4,"enemies":"Cultist and Chosen","floor":21,"turns":9},{"damage":9,"enemies":"Centurion and Healer","floor":22,"turns":10},{"damage":19,"enemies":"Snecko","floor":24,"turns":6},{"damage":3,"enemies":"Cultist and Chosen","floor":30,"turns":4},{"damage":4,"enemies":"Snake Plant","floor":31,"turns":3},{"damage":65,"enemies":"Collector","floor":33,"turns":16},{"damage":0,"enemies":"3 Shapes","floor":35,"turns":3},{"damage":1,"enemies":"3 Darklings","floor":36,"turns":4},{"damage":0,"enemies":"Spire Growth","floor":38,"turns":3},{"damage":0,"enemies":"Sphere and 2 Shapes","floor":39,"turns":5},{"damage":2,"enemies":"Flame Bruiser 2 Orb","floor":42,"turns":7},{"damage":0,"enemies":"3 Darklings","floor":46,"turns":3},{"damage":0,"enemies":"Transient","floor":48,"turns":5},{"damage":50,"enemies":"Awakened One","floor":50,"turns":11}],"seed_played":"-4626604727708798586","potions_obtained":[{"floor":1,"key":"PowerPotion"},{"floor":8,"key":"Fire Potion"}],"is_trial":false,"path_per_floor":["M","?","?","$","?","R","M","M","T","?","?","R","?","M","R","B",null,"M","M","$","M","M","R","M","?","T","$","?","R","M","M","R","B",null,"M","M","$","M","M","R","?","M","T","$","?","M","?","M","R","B"],"character_chosen":"IRONCLAD","items_purchased":["Inflame","Meat on the Bone","Anchor","Jack Of All Trades"],"campfire_rested":3,"item_purchase_floors":[4,20,37,44],"current_hp_per_floor":[44,44,44,44,37,37,43,48,48,36,36,58,58,55,74,8,58,37,33,33,47,44,44,43,43,43,43,43,43,46,48,70,23,61,67,72,72,74,74,74,74,74,74,74,74,74,74,74,74,42],"gold":396,"neow_bonus":"ONE_RARE_RELIC","is_prod":false,"is_daily":false,"chose_seed":false,"campfire_upgraded":3,"win_rate":0,"timestamp":1533884885,"path_taken":["M","?","?","?","?","R","M","?","T","?","?","R","?","M","R","BOSS","M","M","$","M","M","R","M","?","T","?","?","R","?","M","R","BOSS","M","M","$","M","M","R","?","M","T","?","?","?","?","M","R","BOSS"],"build_version":"2018-08-09","purchased_purges":3,"victory":true,"max_hp_per_floor":[80,80,80,80,80,80,80,80,80,80,74,74,74,74,74,74,74,74,74,74,74,74,74,74,74,74,74,74,74,74,74,74,74,74,74,74,74,74,74,74,74,74,74,74,74,74,74,74,74,74],"card_choices":[{"not_picked":["Entrench","Heavy Blade","Battle Trance"],"picked":"SKIP","floor":1},{"not_picked":["Pommel Strike","Intimidate","Searing Blow"],"picked":"SKIP","floor":7},{"not_picked":["Combust","Blood for Blood","Hemokinesis"],"picked":"SKIP","floor":8},{"not_picked":["Battle Trance","Twin Strike","Feel No Pain"],"picked":"SKIP","floor":14},{"not_picked":["Limit Break","Demon Form"],"picked":"Barricade","floor":16},{"not_picked":["Shockwave","Pummel"],"picked":"Shrug It Off+1","floor":18},{"not_picked":["Headbutt","Perfected Strike+1"],"picked":"Pommel Strike+1","floor":19},{"not_picked":["Intimidate","Ghostly Armor+1"],"picked":"True Grit+1","floor":21},{"not_picked":["Spot Weakness+1","Infernal Blade","Iron Wave"],"picked":"SKIP","floor":22},{"not_picked":["Clothesline","Wild Strike"],"picked":"Clash+1","floor":24},{"not_picked":["Reckless Charge","Immolate","Shrug It Off"],"picked":"SKIP","floor":30},{"not_picked":["Pummel","Cleave","Clash"],"picked":"SKIP","floor":31},{"not_picked":["Pummel","Cleave"],"picked":"Clash","floor":31},{"not_picked":["Berserk","Feed"],"picked":"Juggernaut","floor":33},{"not_picked":["Wild Strike","Twin Strike+1"],"picked":"Shrug It Off","floor":35},{"not_picked":["Sword Boomerang","Clash","Perfected Strike"],"picked":"SKIP","floor":36},{"not_picked":["Spot Weakness+1","Impervious"],"picked":"Metallicize","floor":38},{"not_picked":["Flex+1","Reckless Charge+1","Armaments+1"],"picked":"SKIP","floor":39},{"not_picked":["Sever Soul+1","Spot Weakness"],"picked":"Whirlwind+1","floor":42},{"not_picked":["Second Wind+1","Headbutt+1","Anger"],"picked":"SKIP","floor":46},{"not_picked":["Headbutt+1","Feel No Pain"],"picked":"Flex+1","floor":48}],"player_experience":183926,"relics_obtained":[{"floor":9,"key":"War Paint"},{"floor":26,"key":"Bag of Preparation"},{"floor":43,"key":"Gremlin Horn"}],"event_choices":[{"event_name":"Liars Game","player_choice":"disagreed","floor":2,"damage_taken":0},{"event_name":"Golden Shrine","player_choice":"Pray","floor":3,"damage_taken":0},{"event_name":"Golden Wing","player_choice":"Card Removal","floor":5,"damage_taken":0},{"event_name":"Scrap Ooze","player_choice":"success","floor":10,"damage_taken":12},{"event_name":"Golden Idol","player_choice":"Lose Max HP","floor":11,"damage_taken":0},{"event_name":"Living Wall","player_choice":"Forget","floor":13,"damage_taken":0},{"event_name":"Back to Basics","player_choice":"Elegance","floor":25,"damage_taken":0},{"event_name":"Vampires","player_choice":"Ignored","floor":28,"damage_taken":0},{"event_name":"Transmorgrifier","player_choice":"Transform","floor":41,"damage_taken":0},{"event_name":"The Moai Head","player_choice":"Gave Idol","floor":45,"damage_taken":0},{"event_name":"WeMeetAgain","player_choice":"Card","floor":47,"damage_taken":0}],"is_beta":false,"boss_relics":[{"not_picked":["Pandora\u0027s Box","Philosopher\u0027s Stone"],"picked":"Sozu"},{"not_picked":["Velvet Choker","Runic Cube"],"picked":"Fusion Hammer"}],"items_purged_floors":[4,20,37],"is_endless":false,"potions_floor_spawned":[1,8,18,19,31,33,36,42,48],"ascension_level":7}