{"gold_per_floor":[364,381,381,400,475,475,508,6,6,6,50,68,82,102,102,197,197,216,229,248,263,286,286,326,326],"floor_reached":25,"playtime":903,"items_purged":["Injury"],"score":531,"play_id":"57a90824-6147-43c0-a9fc-8d88993a9863","local_time":"20180920013047","is_ascension_mode":true,"campfire_choices":[{"data":"Zap","floor":6,"key":"SMITH"},{"data":"1","floor":10,"key":"LIFT"},{"data":"Defragment","floor":15,"key":"SMITH"},{"floor":23,"key":"REST"}],"neow_cost":"TEN_PERCENT_HP_LOSS","seed_source_timestamp":193081847204450,"circlet_count":0,"master_deck":["Strike_B","Strike_B","Strike_B","Strike_B","Defend_B","Defend_B","Defend_B","Defend_B","Zap+1","Dualcast","AscendersBane","Sunder","BootSequence","Ball Lightning","Echo Form","Swift Strike","Defragment","Sweeping Beam","Defragment+1","Seek","Chill","Steam"],"relics":["Cracked Core","Golden Idol","Du-Vu Doll","Oddly Smooth Stone","Tiny Chest","Girya","Bottled Flame","Nuclear Battery","Anchor"],"potions_floor_usage":[7,16,18,20,24],"damage_taken":[{"damage":2,"enemies":"Cultist","floor":1,"turns":4},{"damage":2,"enemies":"2 Louse","floor":2,"turns":2},{"damage":0,"enemies":"Jaw Worm","floor":4,"turns":3},{"damage":8,"enemies":"3 Sentries","floor":7,"turns":6},{"damage":16,"enemies":"Lagavulin","floor":11,"turns":6},{"damage":3,"enemies":"3 Louse","floor":12,"turns":2},{"damage":0,"enemies":"Looter","floor":13,"turns":2},{"damage":0,"enemies":"Blue Slaver","floor":14,"turns":2},{"damage":0,"enemies":"Slime Boss","floor":16,"turns":5},{"damage":0,"enemies":"Chosen","floor":18,"turns":3},{"damage":9,"enemies":"Spheric Guardian","floor":19,"turns":4},{"damage":4,"enemies":"Snecko","floor":20,"turns":5},{"damage":0,"enemies":"Cultist and Chosen","floor":21,"turns":5},{"damage":18,"enemies":"Centurion and Healer","floor":22,"turns":6},{"damage":34,"enemies":"Slavers","floor":24,"turns":5},{"damage":27,"enemies":"Colosseum Slavers","floor":25,"turns":3}],"seed_played":"5469577369174604911","potions_obtained":[{"floor":1,"key":"Block Potion"},{"floor":7,"key":"SpeedPotion"},{"floor":13,"key":"Energy Potion"},{"floor":14,"key":"Fire Potion"},{"floor":18,"key":"Weak Potion"},{"floor":22,"key":"Swift Potion"}],"is_trial":false,"path_per_floor":["M","M","?","M","?","R","E","$","T","R","E","M","M","M","R","B",null,"M","M","M","M","M","R","E"],"character_chosen":"DEFECT","items_purchased":["Oddly Smooth Stone","Tiny Chest","Swift Strike"],"campfire_rested":1,"item_purchase_floors":[8,8,8],"current_hp_per_floor":[62,60,60,60,49,49,41,41,41,41,25,22,22,22,22,22,54,54,45,41,41,23,42,8,0],"gold":326,"neow_bonus":"TWO_FIFTY_GOLD","is_prod":false,"is_daily":false,"chose_seed":false,"campfire_upgraded":2,"win_rate":0,"timestamp":1537399847,"path_taken":["M","?","?","M","?","R","E","$","T","R","E","M","?","M","R","BOSS","M","M","M","M","?","R","E","?"],"build_version":"2018-09-06","purchased_purges":1,"victory":false,"max_hp_per_floor":[64,64,64,64,64,64,64,64,64,64,64,64,64,64,64,64,64,64,64,64,64,64,64,64,64],"card_choices":[{"not_picked":["Sweeping Beam","Stack"],"picked":"Sunder","floor":1},{"not_picked":["Go for the Eyes","Barrage"],"picked":"BootSequence","floor":2},{"not_picked":["Beam Cell","Storm"],"picked":"Ball Lightning","floor":4},{"not_picked":["Genetic Algorithm","Gash"],"picked":"Echo Form","floor":7},{"not_picked":["Doom and Gloom","Hologram"],"picked":"Defragment","floor":11},{"not_picked":["Storm","Turbo","Static Discharge"],"picked":"SKIP","floor":12},{"not_picked":["Chaos","Conserve Battery"],"picked":"Sweeping Beam","floor":13},{"not_picked":["Streamline","Skim"],"picked":"Defragment","floor":14},{"not_picked":["Biased Cognition","Thunder Strike"],"picked":"Seek","floor":16},{"not_picked":["Compile Driver","Undo"],"picked":"Chill","floor":18},{"not_picked":["Leap","Hologram","Redo"],"picked":"SKIP","floor":19},{"not_picked":["Ball Lightning","Rebound","Cold Snap"],"picked":"SKIP","floor":20},{"not_picked":["Chaos","Gash+1","Coolheaded"],"picked":"SKIP","floor":21},{"not_picked":["Reinforced Body","Storm+1"],"picked":"Steam","floor":22},{"not_picked":["Double Energy","Chill","Stack"],"picked":"SKIP","floor":24}],"player_experience":749479,"relics_obtained":[{"floor":7,"key":"Du-Vu Doll"},{"floor":9,"key":"Girya"},{"floor":11,"key":"Bottled Flame"},{"floor":24,"key":"Anchor"}],"event_choices":[{"event_name":"Golden Idol","player_choice":"Take Wound","floor":3,"damage_taken":0},{"event_name":"World of Goop","player_choice":"Gather Gold","floor":5,"damage_taken":0},{"event_name":"Colosseum","player_choice":"Fight","floor":25,"damage_taken":0}],"is_beta":false,"boss_relics":[{"not_picked":["Runic Pyramid","FrozenCore"],"picked":"Nuclear Battery"}],"items_purged_floors":[8],"is_endless":false,"potions_floor_spawned":[1,7,13,14,18,22],"killed_by":"Colosseum Slavers","ascension_level":17}