{"gold_per_floor":[117,132,207,222,235,262,262,296,296,296,446,471,471,471,471,471],"floor_reached":16,"playtime":544,"items_purged":[],"score":236,"play_id":"d25f58c1-6a3e-4a57-8386-074861367507","local_time":"20181108225712","is_ascension_mode":true,"campfire_choices":[{"floor":7.0,"key":"REST"},{"floor":10.0,"key":"REST"},{"floor":13.0,"key":"REST"},{"data":"Neutralize","floor":15,"key":"SMITH"}],"neow_cost":"NONE","seed_source_timestamp":85337170933813,"circlet_count":0,"master_deck":["AscendersBane","Defend_G","Defend_G","Defend_G","Defend_G","Defend_G","Strike_G","Strike_G","Strike_G","Strike_G","Strike_G","Survivor","Neutralize+1","Choke","All Out Attack","Leg Sweep","Backflip","Footwork","Escape Plan","Doubt","Finisher"],"special_seed":0,"relics":["Ring of the Snake","Juzu Bracelet","Tough Bandages","StoneCalendar","WingedGreaves"],"potions_floor_usage":[],"damage_taken":[{"damage":6.0,"enemies":"Cultist","floor":1.0,"turns":5.0},{"damage":7.0,"enemies":"2 Louse","floor":2.0,"turns":2.0},{"damage":3.0,"enemies":"Jaw Worm","floor":4.0,"turns":4.0},{"damage":8.0,"enemies":"Looter","floor":5.0,"turns":2.0},{"damage":6.0,"enemies":"3 Sentries","floor":6.0,"turns":6.0},{"damage":44.0,"enemies":"Gremlin Nob","floor":8.0,"turns":6.0},{"damage":12.0,"enemies":"3 Sentries","floor":12.0,"turns":7.0},{"damage":32,"enemies":"Slime Boss","floor":16,"turns":11}],"seed_played":"-1756269411107971571","potions_obtained":[{"floor":1.0,"key":"Strength Potion"},{"floor":2.0,"key":"Energy Potion"},{"floor":8.0,"key":"Dexterity Potion"}],"is_trial":false,"path_per_floor":["M","M","?","M","M","E","R","E","T","R","?","E","R","?","R","B"],"character_chosen":"THE_SILENT","items_purchased":[],"campfire_rested":3,"item_purchase_floors":[],"current_hp_per_floor":[59,52,41,38,30,24,45,1,1,22,22,10,31,31,31,0],"gold":471,"neow_bonus":"TEN_PERCENT_HP_BONUS","is_prod":false,"is_daily":false,"chose_seed":false,"campfire_upgraded":1,"win_rate":0,"timestamp":1541714232,"path_taken":["M","M","?","M","M","E","R","E","T","R","?","E","R","?","R","BOSS"],"build_version":"2018-11-01","purchased_purges":0,"victory":false,"max_hp_per_floor":[72,72,72,72,72,72,72,72,72,72,72,72,72,72,72,72],"card_choices":[{"not_picked":["Concentrate","Reflex"],"picked":"Choke","floor":1.0},{"not_picked":["Crippling Poison","Reflex"],"picked":"All Out Attack","floor":2.0},{"not_picked":["Deadly Poison","Catalyst"],"picked":"Leg Sweep","floor":4.0},{"not_picked":["Caltrops","Concentrate"],"picked":"Backflip","floor":5.0},{"not_picked":["Quick Slash","Burst"],"picked":"Footwork","floor":6.0},{"not_picked":["Bouncing Flask","Catalyst"],"picked":"Escape Plan","floor":8.0},{"not_picked":["Choke","Tools of the Trade"],"picked":"Finisher","floor":12.0}],"player_experience":867915,"relics_obtained":[{"floor":6.0,"key":"Juzu Bracelet"},{"floor":8.0,"key":"Tough Bandages"},{"floor":9.0,"key":"StoneCalendar"},{"floor":12.0,"key":"WingedGreaves"}],"event_choices":[{"damage_healed":0.0,"max_hp_gain":0.0,"max_hp_loss":0.0,"gold_gain":75.0,"event_name":"World of Goop","player_choice":"Gather Gold","floor":3.0,"gold_loss":0.0,"damage_taken":11.0},{"damage_healed":0.0,"max_hp_gain":0.0,"max_hp_loss":0.0,"gold_gain":150.0,"event_name":"Liars Game","player_choice":"AGREE","floor":11.0,"gold_loss":0.0,"damage_taken":0.0,"cards_obtained":["Doubt"]},{"damage_healed":0,"gold_gain":30,"player_choice":"Searched \u00272\u0027 times","damage_taken":0,"max_hp_gain":0,"max_hp_loss":0,"event_name":"Dead Adventurer","floor":14,"gold_loss":0}],"is_beta":false,"boss_relics":[],"items_purged_floors":[],"is_endless":false,"potions_floor_spawned":[1,2,5,8],"killed_by":"Slime Boss","ascension_level":20}