{"gold_per_floor":[118,130,149,168,181,213,232,232,279,304,316,396,408,437,449,556,568,597,205,224,236,236,236,247,247],"floor_reached":25,"playtime":2110,"items_purged":[],"score":234,"play_id":"912dd942-77e7-4645-9152-56442abbf055","local_time":"20190131185629","is_ascension_mode":false,"campfire_choices":[{"floor":8,"key":"REST"},{"floor":13,"key":"REST"},{"floor":15,"key":"REST"},{"floor":23,"key":"REST"}],"neow_cost":"NONE","seed_source_timestamp":1811594075166955,"circlet_count":0,"master_deck":["Defend_G","Defend_G","Defend_G","Defend_G","Defend_G","Strike_G","Strike_G","Strike_G","Strike_G","Strike_G","Survivor","Neutralize+1","Poisoned Stab","Accuracy","Poisoned Stab","Backstab","Blade Dance","Corpse Explosion","Noxious Fumes","Poisoned Stab+1","Shame"],"relics":["Ring of the Snake","Centennial Puzzle","MawBank","Question Card","White Beast Statue","PreservedInsect","Ornamental Fan","theJungle:PaperFaux"],"potions_floor_usage":[5,6,6,16,25,25],"damage_taken":[{"damage":1,"enemies":"Cultist","floor":1,"turns":4},{"damage":7,"enemies":"Small Slimes","floor":2,"turns":4},{"damage":0,"enemies":"2 Louse","floor":3,"turns":2},{"damage":10,"enemies":"Large Slime","floor":4,"turns":7},{"damage":5,"enemies":"2 Fungi Beasts","floor":5,"turns":5},{"damage":10,"enemies":"Lagavulin","floor":6,"turns":7},{"damage":9,"enemies":"Exordium Thugs","floor":7,"turns":5},{"damage":13,"enemies":"Exordium Wildlife","floor":10,"turns":6},{"damage":4,"enemies":"Blue Slaver","floor":14,"turns":3},{"damage":42,"enemies":"The Guardian","floor":16,"turns":12},{"damage":20,"enemies":"Shell Parasite","floor":18,"turns":6},{"damage":8,"enemies":"theJungle:MUSHROOMGANG","floor":20,"turns":3},{"damage":43,"enemies":"theJungle:SlimyTreeVines","floor":21,"turns":7},{"damage":19,"enemies":"theJungle:JungleHuntersEncounter","floor":24,"turns":7},{"damage":10,"enemies":"Snake Plant","floor":25,"turns":1}],"seed_played":"5135158463313043267","potions_obtained":[{"floor":2,"key":"SpeedPotion"},{"floor":3,"key":"SpeedPotion"},{"floor":4,"key":"Energy Potion"},{"floor":5,"key":"Dexterity Potion"},{"floor":18,"key":"Swift Potion"},{"floor":20,"key":"SpeedPotion"},{"floor":21,"key":"Strength Potion"},{"floor":24,"key":"SteroidPotion"}],"is_trial":false,"path_per_floor":["M","M","M","M","M","E","M","R","T","M","?","?","R","M","R","B",null,"M","$","M","M","?","R","M","M"],"character_chosen":"THE_SILENT","items_purchased":["PreservedInsect","Ornamental Fan"],"campfire_rested":4,"item_purchase_floors":[19,19],"current_hp_per_floor":[69,62,62,52,47,37,28,49,49,36,29,29,50,46,67,25,70,50,50,42,5,5,26,7,0],"gold":247,"neow_bonus":"UPGRADE_CARD","is_prod":false,"is_daily":false,"chose_seed":false,"campfire_upgraded":0,"win_rate":0.0,"timestamp":1548921389,"path_taken":["M","?","M","M","M","E","M","R","T","M","?","?","R","M","R","BOSS","M","$","M","M","?","R","M","M"],"build_version":"2019-01-23","purchased_purges":0,"victory":false,"max_hp_per_floor":[70,70,70,70,70,70,70,70,70,70,70,70,70,70,70,70,70,70,70,70,70,70,70,70,70],"card_choices":[{"not_picked":["Dagger Throw","Flechettes","Expertise"],"picked":"SKIP","floor":1},{"not_picked":["PiercingWail","Reflex","All Out Attack"],"picked":"SKIP","floor":2},{"not_picked":["Dagger Spray","Dagger Throw"],"picked":"Poisoned Stab","floor":3},{"not_picked":["Blur","Choke"],"picked":"Accuracy","floor":4},{"not_picked":["Expertise","Dodge and Roll"],"picked":"Poisoned Stab","floor":5},{"not_picked":["Acrobatics","Grand Finale","PiercingWail"],"picked":"SKIP","floor":6},{"not_picked":["Acrobatics","Masterful Stab"],"picked":"Backstab","floor":7},{"not_picked":["PiercingWail","Backflip","Underhanded Strike"],"picked":"SKIP","floor":10},{"not_picked":["Caltrops","Masterful Stab","Accuracy"],"picked":"Blade Dance","floor":14},{"not_picked":["Phantasmal Killer","Doppelganger","Wraith Form v2"],"picked":"Corpse Explosion","floor":16},{"not_picked":["Escape Plan+1","Prepared","Expertise","Reflex"],"picked":"SKIP","floor":18},{"not_picked":["Calculated Gamble","Slice","Reflex"],"picked":"Noxious Fumes","floor":20},{"not_picked":["Blur+1","Backflip","Cloak And Dagger"],"picked":"Poisoned Stab+1","floor":21},{"not_picked":["Backflip","Blur","Bane","Cloak And Dagger"],"picked":"SKIP","floor":24}],"player_experience":117668,"relics_obtained":[{"floor":6,"key":"Centennial Puzzle"},{"floor":9,"key":"MawBank"}],"event_choices":[{"damage_healed":0,"gold_gain":0,"player_choice":"Success","damage_taken":7,"relics_obtained":["Question Card"],"max_hp_gain":0,"max_hp_loss":0,"event_name":"Scrap Ooze","floor":11,"gold_loss":0},{"damage_healed":0,"gold_gain":68,"player_choice":"Gained Gold","damage_taken":0,"max_hp_gain":0,"max_hp_loss":0,"event_name":"Golden Wing","floor":12,"gold_loss":0}],"is_beta":false,"boss_relics":[{"not_picked":["Lizard Tail","Tiny House"],"picked":"White Beast Statue"}],"items_purged_floors":[],"is_endless":false,"potions_floor_spawned":[2,3,4,5,18,20,21,24],"killed_by":"Snake Plant","ascension_level":0}