{"gold_per_floor":[114,130,305,323,334,334,353,387,457,532,545,545,571,636,636,636],"floor_reached":16,"playtime":634,"items_purged":[],"score":118,"play_id":"3fbb79fb-6334-4d9c-a3f1-18859a1af8de","local_time":"20190212161257","is_ascension_mode":true,"campfire_choices":[{"data":"Glacier","floor":6.0,"key":"SMITH"},{"data":"Zap","floor":12,"key":"SMITH"},{"data":"Dualcast","floor":15,"key":"SMITH"}],"neow_cost":"NONE","seed_source_timestamp":70985608518225,"circlet_count":0,"master_deck":["Strike_B","Strike_B","Strike_B","Strike_B","Defend_B","Defend_B","Defend_B","Defend_B","Zap+1","Dualcast+1","Glacier+1","Doubt","Electrodynamics"],"special_seed":0,"relics":["Runic Dome","Emotion Chip","Gremlin Horn","Bird Faced Urn","Centennial Puzzle"],"potions_floor_usage":[8,11,13],"damage_taken":[{"damage":1.0,"enemies":"2 Louse","floor":1.0,"turns":2.0},{"damage":0.0,"enemies":"Jaw Worm","floor":2.0,"turns":4.0},{"damage":0.0,"enemies":"Small Slimes","floor":4.0,"turns":4.0},{"damage":9.0,"enemies":"Blue Slaver","floor":5.0,"turns":6.0},{"damage":3,"enemies":"Exordium Thugs","floor":7,"turns":6},{"damage":6,"enemies":"Lagavulin","floor":8,"turns":9},{"damage":0,"enemies":"Looter","floor":11,"turns":3},{"damage":1,"enemies":"3 Sentries","floor":13,"turns":12},{"damage":19,"enemies":"Lagavulin Event","floor":14,"turns":6},{"damage":31,"enemies":"Hexaghost","floor":16,"turns":12}],"seed_played":"1412592269721149983","potions_obtained":[{"floor":2.0,"key":"Swift Potion"},{"floor":4.0,"key":"EssenceOfSteel"},{"floor":5.0,"key":"FocusPotion"},{"floor":11,"key":"FocusPotion"},{"floor":13,"key":"GamblersBrew"}],"is_trial":false,"path_per_floor":["M","M","?","M","M","R","M","E","T","?","M","R","E","?","R","B"],"character_chosen":"DEFECT","items_purchased":[],"campfire_rested":0,"item_purchase_floors":[],"current_hp_per_floor":[74,74,74,74,65,65,62,56,56,45,45,45,44,27,27,0],"gold":636,"neow_bonus":"BOSS_RELIC","is_prod":false,"is_daily":false,"chose_seed":false,"campfire_upgraded":3,"win_rate":0,"timestamp":1549984377,"path_taken":["M","M","?","M","M","R","M","E","T","?","M","R","E","?","R","BOSS"],"build_version":"2019-01-23","purchased_purges":0,"victory":false,"max_hp_per_floor":[75,75,75,75,75,75,75,75,75,75,75,75,75,75,75,75],"card_choices":[{"not_picked":["Cold Snap","Reprogram"],"picked":"Glacier","floor":1.0},{"not_picked":["Gash","Redo","Hologram"],"picked":"SKIP","floor":2.0},{"not_picked":["Stack","Chaos","BootSequence"],"picked":"SKIP","floor":4.0},{"not_picked":["Buffer","Sweeping Beam","Streamline"],"picked":"SKIP","floor":5.0},{"not_picked":["Ball Lightning","Stack","Sweeping Beam"],"picked":"SKIP","floor":7},{"not_picked":["Auto Shields","Steam","Storm"],"picked":"SKIP","floor":8},{"not_picked":["Gash","Cold Snap","Steam"],"picked":"SKIP","floor":11},{"not_picked":["Conserve Battery","Static Discharge"],"picked":"Electrodynamics","floor":13}],"player_experience":1060607,"relics_obtained":[{"floor":8,"key":"Emotion Chip"},{"floor":9,"key":"Gremlin Horn"},{"floor":13,"key":"Bird Faced Urn"}],"event_choices":[{"damage_healed":0.0,"max_hp_gain":0.0,"max_hp_loss":0.0,"gold_gain":175.0,"event_name":"Liars Game","player_choice":"AGREE","floor":3.0,"gold_loss":0.0,"damage_taken":0.0,"cards_obtained":["Doubt"]},{"damage_healed":0,"gold_gain":75,"player_choice":"Gather Gold","damage_taken":11,"max_hp_gain":0,"max_hp_loss":0,"event_name":"World of Goop","floor":10,"gold_loss":0},{"damage_healed":0,"gold_gain":0,"player_choice":"Searched \u00273\u0027 times","damage_taken":0,"relics_obtained":["Centennial Puzzle"],"max_hp_gain":0,"max_hp_loss":0,"event_name":"Dead Adventurer","floor":14,"gold_loss":0}],"is_beta":false,"boss_relics":[],"items_purged_floors":[],"is_endless":false,"potions_floor_spawned":[2,4,5,11,13],"killed_by":"Hexaghost","ascension_level":1}