{"gold_per_floor":[215,140,160,160,185,185,224,224,247,272,272,272,297,333,333,333],"floor_reached":16,"playtime":1194,"items_purged":["Strike_B"],"score":121,"play_id":"e0d2f4c9-9a61-4c89-ab95-efd2bcb74278","local_time":"20190122154724","is_ascension_mode":true,"campfire_choices":[{"floor":6.0,"key":"REST"},{"floor":8,"key":"REST"},{"floor":12,"key":"REST"},{"floor":15,"key":"REST"}],"neow_cost":"NONE","seed_source_timestamp":1549821112667,"circlet_count":0,"master_deck":["Strike_B","Strike_B+1","Strike_B+1","Defend_B","Defend_B","Defend_B","Defend_B","Zap","Dualcast","Hologram","Machine Learning","Redo","Redo"],"special_seed":0,"relics":["Cracked Core","Golden Idol","Whetstone","Lantern","Bottled Lightning"],"potions_floor_usage":[14,16],"damage_taken":[{"damage":7.0,"enemies":"Jaw Worm","floor":1.0,"turns":3.0},{"damage":9.0,"enemies":"2 Louse","floor":3.0,"turns":3.0},{"damage":0.0,"enemies":"Small Slimes","floor":5.0,"turns":2.0},{"damage":52,"enemies":"Lagavulin","floor":7,"turns":7},{"damage":11,"enemies":"Exordium Thugs","floor":10,"turns":4},{"damage":0,"enemies":"Blue Slaver","floor":13,"turns":3},{"damage":30,"enemies":"Gremlin Nob","floor":14,"turns":4},{"damage":40,"enemies":"The Guardian","floor":16,"turns":9}],"seed_played":"-6502661548627371717","potions_obtained":[{"floor":3.0,"key":"Strength Potion"},{"floor":5.0,"key":"SpeedPotion"},{"floor":7,"key":"LiquidBronze"}],"is_trial":false,"path_per_floor":["M","$","M","?","M","R","E","R","T","M","?","R","M","E","R","B"],"character_chosen":"DEFECT","items_purchased":[],"campfire_rested":4,"item_purchase_floors":[],"current_hp_per_floor":[68,68,59,41,41,63,11,33,33,22,22,44,44,14,36,0],"gold":333,"neow_bonus":"HUNDRED_GOLD","is_prod":false,"is_daily":false,"chose_seed":false,"campfire_upgraded":0,"win_rate":0,"timestamp":1548190044,"path_taken":["M","$","M","?","M","R","E","R","T","M","?","R","M","E","R","BOSS"],"build_version":"2019-01-17v2","purchased_purges":1,"victory":false,"max_hp_per_floor":[75,75,75,75,75,75,75,75,75,75,75,75,75,75,75,75],"card_choices":[{"not_picked":["Leap","Stack"],"picked":"Hologram","floor":1.0},{"not_picked":["Barrage","Go for the Eyes","Conserve Battery"],"picked":"SKIP","floor":3.0},{"not_picked":["Barrage","Beam Cell"],"picked":"Machine Learning","floor":5.0},{"not_picked":["Reinforced Body","Scrape"],"picked":"Redo","floor":7},{"not_picked":["Steam Power","Hologram"],"picked":"Redo","floor":10},{"not_picked":["Leap","Redo","Go for the Eyes"],"picked":"SKIP","floor":13},{"not_picked":["Machine Learning","All For One","Redo"],"picked":"SKIP","floor":14}],"player_experience":256485,"relics_obtained":[{"floor":7,"key":"Whetstone"},{"floor":9,"key":"Lantern"},{"floor":14,"key":"Bottled Lightning"}],"event_choices":[{"damage_healed":0.0,"max_hp_gain":0.0,"max_hp_loss":0.0,"gold_gain":0.0,"event_name":"Golden Idol","player_choice":"Take Damage","floor":4.0,"gold_loss":0.0,"damage_taken":18.0,"relics_obtained":["Golden Idol"]},{"damage_healed":0,"gold_gain":0,"player_choice":"Ignored","damage_taken":0,"max_hp_gain":0,"max_hp_loss":0,"event_name":"Liars Game","floor":11,"gold_loss":0}],"is_beta":false,"boss_relics":[],"items_purged_floors":[2],"is_endless":false,"potions_floor_spawned":[3,5,7],"killed_by":"The Guardian","ascension_level":2}