{"gold_per_floor":[115,115,125,144,144,144,205,225,225,237,259,286,298,328,340,352],"floor_reached":16,"playtime":719,"items_purged":[],"score":136,"play_id":"868ea809-229c-4f34-8b32-09da9ea46ed6","local_time":"20180812010926","is_ascension_mode":true,"campfire_choices":[{"data":"Bash","floor":6,"key":"SMITH"},{"floor":10,"key":"REST"},{"floor":15,"key":"REST"}],"neow_cost":"NONE","seed_source_timestamp":244903237025622,"circlet_count":0,"master_deck":["Strike_R","Strike_R","Strike_R","Strike_R","Defend_R","Defend_R","Defend_R","Defend_R","Bash+1","Disarm","Evolve"],"relics":["Burning Blood","Pear","Regal Pillow","MawBank"],"potions_floor_usage":[7,16],"damage_taken":[{"damage":2,"enemies":"2 Louse","floor":1,"turns":3},{"damage":8,"enemies":"Jaw Worm","floor":3,"turns":5},{"damage":1,"enemies":"Cultist","floor":4,"turns":4},{"damage":69,"enemies":"Lagavulin Event","floor":7,"turns":7},{"damage":20,"enemies":"Large Slime","floor":8,"turns":8},{"damage":18,"enemies":"Red Slaver","floor":11,"turns":8},{"damage":12,"enemies":"Looter","floor":12,"turns":4},{"damage":14,"enemies":"2 Fungi Beasts","floor":14,"turns":5},{"damage":86,"enemies":"Hexaghost","floor":16,"turns":11}],"seed_played":"5737892799461341583","potions_obtained":[{"floor":1,"key":"Strength Potion"},{"floor":4,"key":"Regen Potion"},{"floor":12,"key":"PowerPotion"}],"is_trial":false,"path_per_floor":["M","?","M","M","?","R","?","M","T","R","M","M","$","M","R"],"character_chosen":"IRONCLAD","items_purchased":[],"campfire_rested":2,"item_purchase_floors":[],"current_hp_per_floor":[76,76,74,79,89,89,40,26,26,68,56,50,50,42,84,0],"gold":352,"neow_bonus":"REMOVE_CARD","is_prod":false,"is_daily":false,"chose_seed":false,"campfire_upgraded":1,"win_rate":0,"timestamp":1534050566,"path_taken":["M","?","M","M","?","R","?","M","T","R","M","M","$","M","R","BOSS"],"build_version":"2018-08-09","purchased_purges":0,"victory":false,"max_hp_per_floor":[80,80,80,80,90,90,90,90,90,90,90,90,90,90,90,90],"card_choices":[{"not_picked":["Uppercut","Warcry","Rage"],"picked":"SKIP","floor":1},{"not_picked":["Thunderclap","Body Slam"],"picked":"Disarm","floor":3},{"not_picked":["Pommel Strike","Fiend Fire","Burning Pact"],"picked":"SKIP","floor":4},{"not_picked":["Anger","Entrench","Twin Strike"],"picked":"SKIP","floor":8},{"not_picked":["Flex","Wild Strike","Carnage"],"picked":"SKIP","floor":11},{"not_picked":["Perfected Strike","Bloodletting"],"picked":"Evolve","floor":12},{"not_picked":["Perfected Strike","Evolve","Flex"],"picked":"SKIP","floor":14}],"player_experience":201443,"relics_obtained":[{"floor":7,"key":"Regal Pillow"},{"floor":9,"key":"MawBank"}],"event_choices":[{"event_name":"Liars Game","player_choice":"disagreed","floor":2,"damage_taken":0},{"event_name":"WeMeetAgain","player_choice":"Potion","floor":5,"damage_taken":0},{"event_name":"Dead Adventurer","player_choice":"Searched \u00273\u0027 times","floor":7,"damage_taken":0}],"is_beta":false,"boss_relics":[],"items_purged_floors":[],"is_endless":false,"potions_floor_spawned":[1,4,12],"killed_by":"Hexaghost","ascension_level":9}