{"gold_per_floor":[109,109,34,34,34,34,48,48,74,89,103,3,26,42,42,42],"floor_reached":16,"playtime":333,"items_purged":["Strike_R","Strike_R"],"score":92,"play_id":"086e8026-454c-4bea-ae41-5cb34b98a034","local_time":"20180802224518","is_ascension_mode":false,"campfire_choices":[{"data":"Bash","floor":6,"key":"SMITH"},{"data":"Strike_R","floor":8,"key":"SMITH"},{"floor":15,"key":"REST"}],"neow_cost":"NONE","seed_source_timestamp":159909663813846,"circlet_count":0,"master_deck":["Strike_R+1","Strike_R+1","Strike_R+1","Defend_R","Defend_R","Defend_R","Bash+1"],"relics":["Burning Blood","Golden Idol","Whetstone"],"potions_floor_usage":[13,16,16,16],"damage_taken":[{"damage":7,"enemies":"Small Slimes","floor":1,"turns":3},{"damage":7,"enemies":"2 Louse","floor":7,"turns":2},{"damage":1,"enemies":"Jaw Worm","floor":10,"turns":3},{"damage":19,"enemies":"2 Fungi Beasts","floor":11,"turns":3},{"damage":4,"enemies":"Large Slime","floor":13,"turns":6},{"damage":8,"enemies":"Red Slaver","floor":14,"turns":4},{"damage":78,"enemies":"Hexaghost","floor":16,"turns":9}],"seed_played":"3902450152822854010","potions_obtained":[{"floor":1,"key":"FearPotion"},{"floor":14,"key":"AttackPotion"}],"is_trial":false,"path_per_floor":["M","?","$","?","$","R","M","R","T","M","M","$","M","M","R"],"character_chosen":"IRONCLAD","items_purchased":[],"campfire_rested":1,"item_purchase_floors":[],"current_hp_per_floor":[79,79,79,59,59,59,58,58,58,63,50,50,52,50,74,0],"gold":42,"neow_bonus":"THREE_SMALL_POTIONS","is_prod":false,"is_daily":false,"chose_seed":false,"campfire_upgraded":2,"win_rate":0,"timestamp":1533264318,"path_taken":["M","?","$","?","$","R","M","R","T","M","?","?","M","M","R","BOSS"],"build_version":"2018-07-26","purchased_purges":2,"victory":false,"max_hp_per_floor":[80,80,80,80,80,80,80,80,80,80,80,80,80,80,80,80],"card_choices":[{"not_picked":["Corruption","Uppercut","Pummel"],"picked":"SKIP","floor":1},{"not_picked":["Feel No Pain","Perfected Strike","Fire Breathing"],"picked":"SKIP","floor":7},{"not_picked":["Iron Wave","Rage","Warcry"],"picked":"SKIP","floor":10},{"not_picked":["Limit Break","Heavy Blade","Iron Wave"],"picked":"SKIP","floor":11},{"not_picked":["Cleave","Perfected Strike","Fire Breathing"],"picked":"SKIP","floor":13},{"not_picked":["Body Slam","Fire Breathing","Armaments"],"picked":"SKIP","floor":14}],"player_experience":147813,"relics_obtained":[{"floor":9,"key":"Whetstone"}],"event_choices":[{"event_name":"Living Wall","player_choice":"Forget","floor":2,"damage_taken":0},{"event_name":"Golden Idol","player_choice":"Take Damage","floor":4,"damage_taken":0}],"is_beta":false,"boss_relics":[],"items_purged_floors":[3,12],"is_endless":false,"potions_floor_spawned":[1,11,14],"killed_by":"Hexaghost","ascension_level":0}