{"gold_per_floor":[10,21,21,96,96,96,113,141,191,225,225,238,238,278,278,278],"floor_reached":16,"playtime":505,"items_purged":[],"score":236,"play_id":"ec993a0f-9494-4bb8-8d43-49e5ca1a2ee0","local_time":"20190227223636","is_ascension_mode":true,"campfire_choices":[{"data":"Beam Cell","floor":6,"key":"SMITH"},{"floor":11,"key":"REST"},{"floor":15,"key":"REST"}],"neow_cost":"NO_GOLD","seed_source_timestamp":113662535787047,"circlet_count":0,"master_deck":["AscendersBane","Strike_B","Strike_B","Strike_B","Strike_B","Defend_B","Defend_B","Defend_B","Defend_B","Zap","Dualcast","Melter","Beam Cell+1","Turbo","Core Surge","Self Repair"],"relics":["Cracked Core","Potion Belt","Art of War","DataDisk","Golden Idol","Emotion Chip"],"potions_floor_usage":[8,10,14],"damage_taken":[{"damage":0,"enemies":"2 Louse","floor":1,"turns":2},{"damage":0,"enemies":"Small Slimes","floor":2,"turns":3},{"damage":1,"enemies":"Cultist","floor":7,"turns":3},{"damage":27,"enemies":"Lagavulin","floor":8,"turns":8},{"damage":35,"enemies":"3 Sentries","floor":10,"turns":6},{"damage":1,"enemies":"Exordium Thugs","floor":12,"turns":3},{"damage":8,"enemies":"Gremlin Nob","floor":14,"turns":3},{"damage":44,"enemies":"The Guardian","floor":16,"turns":8}],"seed_played":"-478337442833323034","potions_obtained":[{"floor":1,"key":"SkillPotion"},{"floor":8,"key":"Explosive Potion"},{"floor":10,"key":"SkillPotion"},{"floor":14,"key":"FearPotion"}],"is_trial":false,"path_per_floor":["M","M","?","?","?","R","M","E","T","E","R","M","?","E","R","B"],"character_chosen":"DEFECT","items_purchased":[],"campfire_rested":2,"item_purchase_floors":[],"current_hp_per_floor":[78,78,78,67,67,67,66,39,39,4,29,28,28,20,43,0],"gold":278,"neow_bonus":"TWENTY_PERCENT_HP_BONUS","is_prod":false,"is_daily":false,"chose_seed":false,"campfire_upgraded":1,"win_rate":0,"timestamp":1551303396,"path_taken":["M","M","?","?","?","R","M","E","T","E","R","M","?","E","R","BOSS"],"build_version":"2019-01-23","purchased_purges":0,"victory":false,"max_hp_per_floor":[85,85,85,85,85,85,85,85,85,85,85,85,77,77,77,77],"card_choices":[{"not_picked":["Sweeping Beam","Cold Snap"],"picked":"Melter","floor":1},{"not_picked":["Redo","Capacitor"],"picked":"Beam Cell","floor":2},{"not_picked":["Rebound","Meteor Strike"],"picked":"Turbo","floor":7},{"not_picked":["Steam","Leap"],"picked":"Core Surge","floor":8},{"not_picked":["Redo","Barrage","Rebound"],"picked":"SKIP","floor":10},{"not_picked":["Reinforced Body","Beam Cell","Streamline"],"picked":"SKIP","floor":12},{"not_picked":["Cold Snap","Heatsinks"],"picked":"Self Repair","floor":14}],"player_experience":1151728,"relics_obtained":[{"floor":8,"key":"Potion Belt"},{"floor":9,"key":"Art of War"},{"floor":10,"key":"DataDisk"},{"floor":14,"key":"Emotion Chip"}],"event_choices":[{"damage_healed":0,"gold_gain":0,"player_choice":"Leave","damage_taken":0,"max_hp_gain":0,"max_hp_loss":0,"event_name":"The Cleric","floor":3,"gold_loss":0},{"damage_healed":0,"gold_gain":75,"player_choice":"Gather Gold","damage_taken":11,"max_hp_gain":0,"max_hp_loss":0,"event_name":"World of Goop","floor":4,"gold_loss":0},{"damage_healed":0,"gold_gain":0,"player_choice":"Ignored","damage_taken":0,"max_hp_gain":0,"max_hp_loss":0,"event_name":"Liars Game","floor":5,"gold_loss":0},{"damage_healed":0,"gold_gain":0,"player_choice":"Lose Max HP","damage_taken":0,"relics_obtained":["Golden Idol"],"max_hp_gain":0,"max_hp_loss":8,"event_name":"Golden Idol","floor":13,"gold_loss":0}],"is_beta":false,"boss_relics":[],"items_purged_floors":[],"is_endless":false,"potions_floor_spawned":[1,8,10,14],"killed_by":"The Guardian","ascension_level":20}