{"gold_per_floor":[115,190,205,258,136,136,148,175,199,217,182,182,82,111,111,211,211,227,239,41,41,55,55],"floor_reached":23,"playtime":1916,"items_purged":["Strike_B","Strike_B","Strike_B"],"score":189,"play_id":"b919e2e3-7ead-4d0e-a77e-6cd3e0171042","local_time":"20190205202547","is_ascension_mode":false,"campfire_choices":[{"data":"Streamline","floor":6.0,"key":"SMITH"},{"data":"Fusion","floor":12.0,"key":"SMITH"},{"floor":15.0,"key":"REST"}],"neow_cost":"NONE","seed_source_timestamp":776750516315268,"circlet_count":0,"master_deck":["Strike_B","Defend_B","Defend_B","Defend_B","Defend_B","Zap","Dualcast","Fusion+1","Streamline+1","Rebound","Auto Shields","Glacier","Machine Learning","Gash","Gash","FTL","Leap"],"special_seed":0,"relics":["Cracked Core"],"potions_floor_usage":[23,23],"damage_taken":[{"damage":6.0,"enemies":"Jaw Worm","floor":1.0,"turns":3.0},{"damage":0.0,"enemies":"Small Slimes","floor":3.0,"turns":2.0},{"damage":0.0,"enemies":"2 Louse","floor":7.0,"turns":2.0},{"damage":9.0,"enemies":"The Mushroom Lair","floor":8.0,"turns":4.0},{"damage":10.0,"enemies":"Looter","floor":10.0,"turns":3.0},{"damage":17.0,"enemies":"3 Sentries","floor":14.0,"turns":7.0},{"damage":40.0,"enemies":"Hexaghost","floor":16.0,"turns":13.0},{"damage":17.0,"enemies":"Spheric Guardian","floor":18.0,"turns":4.0},{"damage":14.0,"enemies":"Shell Parasite","floor":19.0,"turns":6.0},{"damage":40.0,"enemies":"3 Cultists","floor":22.0,"turns":7.0},{"damage":27,"enemies":"Book of Stabbing","floor":23,"turns":5}],"seed_played":"5279919305265677578","potions_obtained":[{"floor":0.0,"key":"Regen Potion"},{"floor":0.0,"key":"FearPotion"},{"floor":0.0,"key":"FairyPotion"},{"floor":1.0,"key":"Block Potion"},{"floor":8.0,"key":"SpeedPotion"}],"is_trial":false,"path_per_floor":["M","?","M","T","$","R","M","?","T","M","?","R","$","E","R","B",null,"M","M","$","?","M","E"],"character_chosen":"DEFECT","items_purchased":["Streamline","FTL"],"campfire_rested":1,"item_purchase_floors":[5,20],"current_hp_per_floor":[69,58,58,58,58,58,58,49,49,39,57,57,57,40,62,22,75,58,44,44,44,4,0],"gold":55,"neow_bonus":"THREE_SMALL_POTIONS","is_prod":false,"is_daily":false,"chose_seed":false,"campfire_upgraded":2,"win_rate":0,"timestamp":1549416347,"path_taken":["M","?","M","?","$","R","M","?","T","M","?","R","$","E","R","BOSS","M","M","$","?","M","E"],"build_version":"2019-01-23","purchased_purges":3,"victory":false,"max_hp_per_floor":[75,75,75,75,75,75,75,75,75,75,75,75,75,75,75,75,75,75,75,75,75,75,75],"card_choices":[{"not_picked":["Doom and Gloom","Redo","FTL"],"picked":"SKIP","floor":1.0},{"not_picked":["Hologram","Redo"],"picked":"Fusion","floor":3.0},{"not_picked":["All For One","Rip and Tear"],"picked":"Rebound","floor":7.0},{"not_picked":["Go for the Eyes","Scrape"],"picked":"Auto Shields","floor":10.0},{"not_picked":["Stack","White Noise"],"picked":"Glacier","floor":14.0},{"not_picked":["Core Surge","Fission"],"picked":"Machine Learning","floor":16.0},{"not_picked":["Chill+1","BootSequence"],"picked":"Gash","floor":18.0},{"not_picked":["Loop","Sweeping Beam"],"picked":"Gash","floor":19.0},{"not_picked":["Redo","Steam+1"],"picked":"Leap","floor":22.0}],"player_experience":374334,"relics_obtained":[],"event_choices":[{"damage_healed":0.0,"max_hp_gain":0.0,"max_hp_loss":0.0,"gold_gain":75.0,"event_name":"World of Goop","player_choice":"Gather Gold","floor":2.0,"gold_loss":0.0,"damage_taken":11.0},{"damage_healed":0.0,"max_hp_gain":0.0,"max_hp_loss":0.0,"gold_gain":0.0,"event_name":"Mushrooms","player_choice":"Fought Mushrooms","floor":8.0,"gold_loss":0.0,"damage_taken":0.0},{"damage_healed":18.0,"max_hp_gain":0.0,"max_hp_loss":0.0,"gold_gain":0.0,"event_name":"The Cleric","player_choice":"Healed","floor":11.0,"gold_loss":35.0,"damage_taken":0.0},{"damage_healed":0.0,"max_hp_gain":0.0,"max_hp_loss":0.0,"gold_gain":0.0,"event_name":"The Mausoleum","player_choice":"Ignored","floor":21.0,"gold_loss":0.0,"damage_taken":0.0}],"is_beta":false,"boss_relics":[{"not_picked":["Pandora\u0027s Box","White Beast Statue","Fusion Hammer"]}],"items_purged_floors":[5,13,20],"is_endless":false,"potions_floor_spawned":[1,3,8,16,18],"killed_by":"Book of Stabbing","ascension_level":0}