{"gold_per_floor":[111,111,123,52,66,95,95,121,167,195,206,206,225,240,240,335,335,351,368,12,12,27,27,52,52,52,72,107,107,28,48,48,146,146,160,70,82,96,112,112,145,145,145,178,197,217,230,242,242,242],"floor_reached":51,"playtime":8297,"items_purged":["Strike_G"],"score":960,"play_id":"9c362e32-f4aa-4b61-9fe4-1569459f69a4","local_time":"20190302163554","is_ascension_mode":true,"campfire_choices":[{"data":"Footwork","floor":7,"key":"SMITH"},{"floor":12,"key":"REST"},{"data":"Leg Sweep","floor":15,"key":"SMITH"},{"floor":23,"key":"REST"},{"floor":29,"key":"REST"},{"floor":32,"key":"REST"},{"floor":40,"key":"REST"},{"floor":42,"key":"REST"},{"floor":49,"key":"REST"}],"neow_cost":"NONE","seed_source_timestamp":695548119423535,"circlet_count":0,"master_deck":["Defend_G","Defend_G","Defend_G","Defend_G","Defend_G","Strike_G","Survivor","Neutralize","Deep Breath","Blade Dance","Footwork+1","Infinite Blades","Acrobatics","Dagger Throw","Leg Sweep+1","Acrobatics","Adrenaline","Endless Agony","Prepared","Accuracy+1","Panache","Backflip","Deflect","Slice","Noxious Fumes","Footwork","Cloak And Dagger","Footwork","A Thousand Cuts","Prepared+1","Footwork+1","Prepared+1","Adrenaline"],"relics":["Ring of the Snake","Matryoshka","Lantern","Vajra","Orichalcum","Thread and Needle","WristBlade","Snake Skull","Bag of Marbles","Molten Egg 2","Dodecahedron","Busted Crown","Strawberry","Nunchaku","Prayer Wheel"],"potions_floor_usage":[8,13,19,28,39,50,50],"damage_taken":[{"damage":2,"enemies":"Small Slimes","floor":1,"turns":6},{"damage":0,"enemies":"Cultist","floor":3,"turns":4},{"damage":4,"enemies":"Jaw Worm","floor":5,"turns":4},{"damage":15,"enemies":"3 Sentries","floor":6,"turns":12},{"damage":11,"enemies":"Lagavulin","floor":8,"turns":10},{"damage":18,"enemies":"3 Sentries","floor":10,"turns":8},{"damage":7,"enemies":"Exordium Thugs","floor":11,"turns":5},{"damage":5,"enemies":"Large Slime","floor":13,"turns":6},{"damage":0,"enemies":"Gremlin Gang","floor":14,"turns":4},{"damage":3,"enemies":"The Guardian","floor":16,"turns":15},{"damage":0,"enemies":"Shell Parasite","floor":18,"turns":7},{"damage":23,"enemies":"3 Byrds","floor":19,"turns":8},{"damage":16,"enemies":"Snecko","floor":22,"turns":5},{"damage":23,"enemies":"Gremlin Leader","floor":24,"turns":7},{"damage":0,"enemies":"Centurion and Healer","floor":27,"turns":4},{"damage":13,"enemies":"Slavers","floor":28,"turns":6},{"damage":14,"enemies":"Snake Plant","floor":31,"turns":4},{"damage":3,"enemies":"Automaton","floor":33,"turns":10},{"damage":0,"enemies":"3 Shapes","floor":35,"turns":3},{"damage":0,"enemies":"Orb Walker","floor":37,"turns":3},{"damage":9,"enemies":"Spire Growth","floor":38,"turns":5},{"damage":12,"enemies":"Maw","floor":39,"turns":8},{"damage":20,"enemies":"Nemesis","floor":41,"turns":7},{"damage":0,"enemies":"Giant Head","floor":44,"turns":9},{"damage":0,"enemies":"3 Darklings","floor":45,"turns":3},{"damage":0,"enemies":"Sphere and 2 Shapes","floor":46,"turns":3},{"damage":0,"enemies":"Writhing Mass","floor":47,"turns":6},{"damage":9,"enemies":"3 Darklings","floor":48,"turns":5},{"damage":28,"enemies":"Awakened One","floor":50,"turns":17}],"seed_played":"-5131635405176461315","potions_obtained":[{"floor":2,"key":"Weak Potion"},{"floor":2,"key":"Ancient Potion"},{"floor":2,"key":"SpeedPotion"},{"floor":5,"key":"GamblersBrew"},{"floor":13,"key":"SmokeBomb"},{"floor":14,"key":"Weak Potion"},{"floor":24,"key":"PowerPotion"},{"floor":28,"key":"SteroidPotion"},{"floor":33,"key":"Explosive Potion"},{"floor":38,"key":"Regen Potion"},{"floor":39,"key":"Explosive Potion"}],"is_trial":false,"path_per_floor":["M","?","M","$","M","E","R","E","T","E","M","R","M","M","R","B",null,"M","M","$","?","M","R","E","?","T","M","E","R","$","M","R","B",null,"M","?","M","M","M","R","E","R","T","E","M","M","M","M","R","B",null],"character_chosen":"THE_SILENT","items_purchased":["Infinite Blades","Accuracy","Panache","Backflip","Footwork"],"campfire_rested":7,"item_purchase_floors":[4,20,20,20,30],"current_hp_per_floor":[68,68,68,68,64,49,49,38,38,20,13,34,29,29,29,26,59,59,36,36,36,20,41,18,18,18,18,5,26,26,12,33,30,60,60,60,60,51,54,70,57,77,77,77,77,77,77,68,77,49],"gold":242,"neow_bonus":"RANDOM_COLORLESS","is_prod":false,"is_daily":false,"chose_seed":false,"campfire_upgraded":2,"win_rate":0,"timestamp":1551540954,"path_taken":["M","?","M","$","M","E","R","E","T","E","M","R","M","?","R","BOSS","M","M","$","?","?","R","E","?","T","M","E","R","?","M","R","BOSS","M","?","?","M","M","R","E","R","T","E","M","M","M","?","R","BOSS"],"build_version":"2019-01-23","purchased_purges":1,"victory":true,"max_hp_per_floor":[70,70,70,70,70,70,70,70,70,70,70,70,70,70,70,70,70,70,70,70,70,70,70,70,70,70,70,70,70,70,70,70,70,70,70,70,70,70,70,70,77,77,77,77,77,77,77,77,77,77],"card_choices":[{"not_picked":["PiercingWail","Dagger Throw"],"picked":"Blade Dance","floor":1},{"not_picked":["Underhanded Strike","Dodge and Roll"],"picked":"Footwork","floor":3},{"not_picked":["Sucker Punch","Deadly Poison"],"picked":"Acrobatics","floor":5},{"not_picked":["Bane","Dodge and Roll"],"picked":"Dagger Throw","floor":6},{"not_picked":["Night Terror","Quick Slash","Dodge and Roll"],"picked":"SKIP","floor":8},{"not_picked":["Underhanded Strike","Bane"],"picked":"Leg Sweep","floor":10},{"not_picked":["Outmaneuver","Skewer"],"picked":"Acrobatics","floor":11},{"not_picked":["Outmaneuver","Dodge and Roll","Underhanded Strike"],"picked":"SKIP","floor":13},{"not_picked":["Deadly Poison","Heel Hook","Dagger Throw"],"picked":"SKIP","floor":14},{"not_picked":["Grand Finale","Corpse Explosion"],"picked":"Adrenaline","floor":16},{"not_picked":["Predator","Flying Knee"],"picked":"Endless Agony","floor":18},{"not_picked":["Quick Slash+1","Flechettes"],"picked":"Prepared","floor":19},{"not_picked":["Acrobatics+1","Bouncing Flask"],"picked":"Slice","floor":22},{"not_picked":["Escape Plan","Acrobatics+1"],"picked":"Noxious Fumes","floor":24},{"not_picked":["Terror","PiercingWail"],"picked":"Footwork","floor":27},{"not_picked":["Choke+1","Leg Sweep"],"picked":"Cloak And Dagger","floor":28},{"not_picked":["Distraction","Acrobatics+1","Expertise"],"picked":"SKIP","floor":31},{"not_picked":["Corpse Explosion","Grand Finale+1"],"picked":"A Thousand Cuts","floor":33},{"not_picked":["Dagger Spray+1"],"picked":"SKIP","floor":35},{"not_picked":[],"picked":"Prepared+1","floor":37},{"not_picked":["Quick Slash+1"],"picked":"SKIP","floor":38},{"not_picked":["Riddle With Holes+1"],"picked":"SKIP","floor":39},{"not_picked":[],"picked":"Footwork+1","floor":41},{"not_picked":["PiercingWail"],"picked":"SKIP","floor":44},{"not_picked":[],"picked":"Prepared+1","floor":45},{"not_picked":["Bane+1"],"picked":"SKIP","floor":45},{"not_picked":["Outmaneuver"],"picked":"SKIP","floor":46},{"not_picked":["Distraction+1"],"picked":"SKIP","floor":46},{"not_picked":[],"picked":"Adrenaline","floor":47},{"not_picked":["Dagger Throw+1"],"picked":"SKIP","floor":47},{"not_picked":["Dodge and Roll+1"],"picked":"SKIP","floor":48},{"not_picked":["Skewer+1"],"picked":"SKIP","floor":48}],"player_experience":401922,"relics_obtained":[{"floor":6,"key":"Matryoshka"},{"floor":8,"key":"Lantern"},{"floor":9,"key":"Vajra"},{"floor":9,"key":"Orichalcum"},{"floor":10,"key":"Thread and Needle"},{"floor":24,"key":"Snake Skull"},{"floor":26,"key":"Bag of Marbles"},{"floor":26,"key":"Molten Egg 2"},{"floor":28,"key":"Dodecahedron"},{"floor":41,"key":"Strawberry"},{"floor":43,"key":"Nunchaku"},{"floor":44,"key":"Prayer Wheel"}],"event_choices":[{"damage_healed":0,"gold_gain":0,"player_choice":"Got Potions","damage_taken":0,"max_hp_gain":0,"max_hp_loss":0,"event_name":"Lab","floor":2,"gold_loss":0},{"damage_healed":0,"gold_gain":0,"cards_transformed":["Strike_G"],"player_choice":"Transformed","damage_taken":0,"max_hp_gain":0,"max_hp_loss":0,"event_name":"Transmorgrifier","floor":21,"gold_loss":0,"cards_obtained":["Deflect"]},{"cards_removed":["Strike_G"],"damage_healed":0,"gold_gain":0,"player_choice":"Purged","damage_taken":0,"max_hp_gain":0,"max_hp_loss":0,"event_name":"Purifier","floor":25,"gold_loss":0},{"cards_removed":["Strike_G"],"damage_healed":0,"gold_gain":0,"player_choice":"Upgrade and Remove","damage_taken":0,"max_hp_gain":0,"max_hp_loss":0,"event_name":"Designer","floor":36,"gold_loss":90,"cards_upgraded":["Accuracy"]}],"is_beta":false,"boss_relics":[{"not_picked":["Sozu","HoveringKite"],"picked":"WristBlade"},{"not_picked":["Eternal Feather","Cursed Key"],"picked":"Busted Crown"}],"items_purged_floors":[20],"is_endless":false,"potions_floor_spawned":[5,6,13,14,24,28,33,38,39,45,46],"ascension_level":5}