{"gold_per_floor":[362,362,379,1,21,55,55,81,105,105,85,10,10,21,21,94,94,106,156,156,170,180,180,194,212,212,212,14,31,31,62,62,62],"floor_reached":33,"playtime":1313,"items_purged":["Strike_R"],"score":481,"play_id":"8fcee998-bbc4-45e1-89ba-1078da2f5b8e","local_time":"20180926133725","is_ascension_mode":true,"campfire_choices":[{"data":"Body Slam","floor":7,"key":"SMITH"},{"data":"Pommel Strike","floor":10,"key":"SMITH"},{"data":"Bash","floor":13,"key":"SMITH"},{"data":"Metallicize","floor":15,"key":"SMITH"},{"data":"Feed","floor":23,"key":"SMITH"},{"data":"Shrug It Off","floor":27,"key":"SMITH"},{"floor":30,"key":"REST"},{"floor":32,"key":"REST"}],"neow_cost":"CURSE","seed_source_timestamp":405641278232158,"circlet_count":0,"master_deck":["Strike_R","Strike_R","Strike_R","Strike_R","Defend_R","Defend_R","Defend_R","Defend_R","Bash+1","AscendersBane","Shrug It Off+1","Body Slam+1","Metallicize+1","Rampage","Pommel Strike+1","Spot Weakness","Feed+1","Headbutt+1","Thunderclap+1","Ghostly Armor","Fiend Fire"],"relics":["Burning Blood","PreservedInsect","Red Skull","Happy Flower","Anchor","Blood Vial","White Beast Statue","Darkstone Periapt","Toolbox","Girya"],"potions_floor_usage":[16,20,22,24,25,29,31],"damage_taken":[{"damage":5,"enemies":"2 Louse","floor":1,"turns":4},{"damage":5,"enemies":"Small Slimes","floor":3,"turns":3},{"damage":7,"enemies":"Jaw Worm","floor":5,"turns":5},{"damage":25,"enemies":"3 Sentries","floor":6,"turns":7},{"damage":21,"enemies":"Gremlin Nob","floor":8,"turns":4},{"damage":1,"enemies":"Large Slime","floor":14,"turns":4},{"damage":27,"enemies":"The Guardian","floor":16,"turns":9},{"damage":0,"enemies":"Chosen","floor":18,"turns":4},{"damage":34,"enemies":"Colosseum Slavers","floor":20,"turns":5},{"damage":18,"enemies":"3 Byrds","floor":21,"turns":6},{"damage":0,"enemies":"Snake Plant","floor":22,"turns":3},{"damage":15,"enemies":"Sentry and Sphere","floor":24,"turns":4},{"damage":36,"enemies":"Snecko","floor":25,"turns":6},{"damage":2,"enemies":"Centurion and Healer","floor":29,"turns":5},{"damage":24,"enemies":"Gremlin Leader","floor":31,"turns":5},{"damage":70,"enemies":"Automaton","floor":33,"turns":10}],"seed_played":"-6611407953916422215","potions_obtained":[{"floor":1,"key":"SpeedPotion"},{"floor":6,"key":"FairyPotion"},{"floor":11,"key":"BloodPotion"},{"floor":16,"key":"SkillPotion"},{"floor":21,"key":"Weak Potion"},{"floor":22,"key":"PowerPotion"},{"floor":24,"key":"Explosive Potion"},{"floor":25,"key":"Block Potion"},{"floor":29,"key":"SkillPotion"},{"floor":31,"key":"Explosive Potion"}],"is_trial":false,"path_per_floor":["M","?","M","$","M","E","R","E","T","R","?","$","R","M","R","B",null,"M","?","?","M","M","R","M","M","T","R","$","M","R","E","R"],"character_chosen":"IRONCLAD","items_purchased":["PreservedInsect","Metallicize","Red Skull","Toolbox"],"campfire_rested":2,"item_purchase_floors":[4,4,4,28],"current_hp_per_floor":[69,62,63,63,62,43,43,28,28,28,28,28,28,35,35,23,60,71,71,45,35,46,46,39,11,11,11,11,17,40,24,47,0],"gold":62,"neow_bonus":"TWO_FIFTY_GOLD","is_prod":false,"is_daily":false,"chose_seed":false,"campfire_upgraded":6,"win_rate":0,"timestamp":1537961845,"path_taken":["M","?","M","$","M","E","R","E","T","R","?","?","R","?","R","BOSS","M","?","?","?","M","R","M","M","T","R","$","M","R","E","R","BOSS"],"build_version":"2018-09-20","purchased_purges":1,"victory":false,"max_hp_per_floor":[75,72,72,72,72,72,72,72,72,72,72,72,72,72,72,72,72,75,75,75,75,78,78,78,78,78,78,78,78,78,78,78,78],"card_choices":[{"not_picked":["Flex","Clash"],"picked":"Shrug It Off","floor":1},{"not_picked":["Heavy Blade","Pommel Strike"],"picked":"Body Slam","floor":3},{"not_picked":["Infernal Blade","Reaper"],"picked":"Rampage","floor":5},{"not_picked":["Sever Soul","Flex","Rampage"],"picked":"SKIP","floor":6},{"not_picked":["Hemokinesis","Perfected Strike"],"picked":"Pommel Strike","floor":8},{"not_picked":["Heavy Blade","Clothesline"],"picked":"Spot Weakness","floor":14},{"not_picked":["Berserk","Reaper"],"picked":"Feed","floor":16},{"not_picked":["Whirlwind+1","Carnage+1"],"picked":"Headbutt+1","floor":18},{"not_picked":["Shrug It Off","Heavy Blade","Carnage"],"picked":"SKIP","floor":21},{"not_picked":["True Grit","Dual Wield+1"],"picked":"Thunderclap+1","floor":22},{"not_picked":["Disarm","Carnage","Sentinel"],"picked":"SKIP","floor":24},{"not_picked":["Cleave","Hemokinesis","Corruption"],"picked":"SKIP","floor":25},{"not_picked":["Sword Boomerang","Reckless Charge"],"picked":"Ghostly Armor","floor":29},{"not_picked":["Perfected Strike","Whirlwind"],"picked":"Fiend Fire","floor":31}],"player_experience":764964,"relics_obtained":[{"floor":6,"key":"Happy Flower"},{"floor":8,"key":"Anchor"},{"floor":9,"key":"Blood Vial"},{"floor":26,"key":"Darkstone Periapt"},{"floor":31,"key":"Girya"}],"event_choices":[{"event_name":"Golden Wing","player_choice":"Card Removal","floor":2,"damage_taken":0},{"event_name":"The Woman in Blue","player_choice":"Bought 1 Potion","floor":11,"damage_taken":0},{"event_name":"Nest","player_choice":"Stole From Cult","floor":19,"damage_taken":0},{"event_name":"Colosseum","player_choice":"Fight","floor":20,"damage_taken":0},{"event_name":"Colosseum","player_choice":"Fled From Nobs","floor":20,"damage_taken":0}],"is_beta":false,"boss_relics":[{"not_picked":["Ectoplasm","Calling Bell"],"picked":"White Beast Statue"}],"items_purged_floors":[12],"is_endless":false,"potions_floor_spawned":[1,6,8,16,18,20,21,22,24,25,29,31],"killed_by":"Automaton","ascension_level":15}