{"gold_per_floor":[217,54,66,66,31,31,51,51,77,77,102,141,166,206,218,302,314,344,336,362,392,83,112,112,141,166,184,184,184,214,230,230,307,307,324,224,224,224,10,10,23,23,23,23,40,71,71,88,88,88,88,88,88,7,40,40],"floor_reached":57,"playtime":4529,"items_purged":["Strike_G","Strike_G","Strike_G"],"score":2721,"play_id":"bbc2e8c8-baac-4f85-a276-1f19fead72c2","local_time":"20190317212348","is_ascension_mode":true,"campfire_choices":[{"data":"Flechettes","floor":6.0,"key":"SMITH"},{"data":"Neutralize","floor":8.0,"key":"SMITH"},{"data":"Caltrops","floor":15.0,"key":"SMITH"},{"data":"Noxious Fumes","floor":24.0,"key":"SMITH"},{"floor":28.0,"key":"REST"},{"data":"Footwork","floor":32.0,"key":"SMITH"},{"data":"Footwork","floor":40.0,"key":"SMITH"},{"floor":47,"key":"RECALL"},{"data":"Calculated Gamble","floor":49,"key":"SMITH"},{"data":"Deflect","floor":53,"key":"SMITH"}],"neow_cost":"NONE","seed_source_timestamp":42524604346239,"circlet_count":0,"master_deck":["AscendersBane","Defend_G","Defend_G","Defend_G+1","Defend_G","Defend_G","Strike_G","Strike_G","Survivor","Neutralize+1","Deflect+1","Flechettes+1","Well Laid Plans","Caltrops+1","Deflect","Die Die Die","Footwork+1","Cloak And Dagger","Deadly Poison+1","Noxious Fumes+1","PiercingWail","Burst+1","Backflip+1","Prepared+1","Deflect+1","Deflect","Corpse Explosion","Footwork+1","Noxious Fumes+1","Dark Shackles","Injury","Crippling Poison+1","Calculated Gamble+1","PiercingWail"],"special_seed":0,"relics":["Ring of the Snake","Centennial Puzzle","MawBank","Meat on the Bone","Regal Pillow","Runic Pyramid","Letter Opener","Bottled Lightning","Vajra","War Paint","Cursed Key","Oddly Smooth Stone","Dodecahedron"],"potions_floor_usage":[56,56],"damage_taken":[{"damage":6.0,"enemies":"Jaw Worm","floor":1.0,"turns":6.0},{"damage":0.0,"enemies":"Small Slimes","floor":3.0,"turns":4.0},{"damage":0.0,"enemies":"2 Louse","floor":7.0,"turns":3.0},{"damage":17.0,"enemies":"Gremlin Gang","floor":11.0,"turns":5.0},{"damage":7.0,"enemies":"Lagavulin","floor":12.0,"turns":7.0},{"damage":2.0,"enemies":"Large Slime","floor":13.0,"turns":5.0},{"damage":11.0,"enemies":"3 Sentries","floor":14.0,"turns":10.0},{"damage":29.0,"enemies":"Hexaghost","floor":16.0,"turns":12.0},{"damage":2.0,"enemies":"Shell Parasite","floor":18.0,"turns":7.0},{"damage":4.0,"enemies":"Chosen","floor":20.0,"turns":5.0},{"damage":19.0,"enemies":"Sentry and Sphere","floor":21.0,"turns":6.0},{"damage":15.0,"enemies":"Book of Stabbing","floor":23.0,"turns":5.0},{"damage":25.0,"enemies":"Slavers","floor":25.0,"turns":5.0},{"damage":4.0,"enemies":"Snake Plant","floor":27.0,"turns":5.0},{"damage":19.0,"enemies":"Gremlin Leader","floor":30.0,"turns":8.0},{"damage":10.0,"enemies":"Snecko","floor":31.0,"turns":5.0},{"damage":30.0,"enemies":"Collector","floor":33.0,"turns":11.0},{"damage":0.0,"enemies":"Orb Walker","floor":35.0,"turns":3.0},{"damage":0.0,"enemies":"3 Darklings","floor":41.0,"turns":4.0},{"damage":0,"enemies":"Maw","floor":45,"turns":8},{"damage":0,"enemies":"Nemesis","floor":46,"turns":9},{"damage":0,"enemies":"Transient","floor":48,"turns":6},{"damage":13,"enemies":"Awakened One","floor":50,"turns":15},{"damage":19,"enemies":"Donu and Deca","floor":51,"turns":8},{"damage":18,"enemies":"Shield and Spear","floor":55,"turns":7},{"damage":42,"enemies":"The Heart","floor":56,"turns":11}],"seed_played":"-7768109958999482537","potions_obtained":[{"floor":1.0,"key":"Strength Potion"},{"floor":11.0,"key":"SteroidPotion"},{"floor":14.0,"key":"Explosive Potion"},{"floor":16.0,"key":"Poison Potion"},{"floor":30.0,"key":"AttackPotion"},{"floor":33.0,"key":"SpeedPotion"},{"floor":41.0,"key":"Poison Potion"},{"floor":46,"key":"Dexterity Potion"}],"is_trial":false,"path_per_floor":["M","$","M","?","?","R","M","R","T","?","M","E","M","E","R","B",null,"M","?","M","M","$","E","R","E","T","M","R","?","E","M","R","B",null,"M","$","?","?","$","R","M","T","T","?","M","E","R","M","R","B","B",null,"R","$","E","B",null],"character_chosen":"THE_SILENT","items_purchased":["Flechettes","Well Laid Plans","GhostInAJar","Burst","Dark Shackles","LiquidBronze"],"campfire_rested":1,"item_purchase_floors":[2,2,22,22,39,54],"current_hp_per_floor":[53,53,53,58,71,71,71,71,71,60,43,36,46,47,47,30,61,59,59,55,36,36,33,33,20,20,28,64,64,45,47,47,29,61,61,61,61,61,61,61,61,61,61,61,61,61,61,61,61,48,41,64,64,64,46,16],"gold":40,"neow_bonus":"HUNDRED_GOLD","is_prod":false,"is_daily":false,"chose_seed":false,"campfire_upgraded":8,"win_rate":0,"timestamp":1552883028,"path_taken":["M","$","M","?","?","R","M","R","T","?","M","E","M","E","R","BOSS","M","?","?","M","$","E","R","E","T","M","R","?","E","M","R","BOSS","M","$","?","?","$","R","?","?","T","?","M","E","R","M","R","BOSS","BOSS","R","$","E","BOSS"],"build_version":"2019-03-15","purchased_purges":3,"victory":true,"max_hp_per_floor":[66,66,66,71,71,71,71,71,71,71,71,71,71,71,71,71,71,71,71,71,71,71,71,71,71,71,71,71,71,71,71,71,71,71,71,71,71,71,71,71,71,71,71,71,71,71,71,71,71,71,71,71,71,71,71,71],"card_choices":[{"not_picked":["Escape Plan","Reflex"],"picked":"Deflect","floor":1.0},{"not_picked":["Tactician","Backflip"],"picked":"Caltrops","floor":3.0},{"not_picked":["Quick Slash","Dodge and Roll"],"picked":"Deflect","floor":7.0},{"not_picked":["Deflect","Flying Knee"],"picked":"Die Die Die","floor":11.0},{"not_picked":["Acrobatics","Backflip"],"picked":"Footwork","floor":12.0},{"not_picked":["Well Laid Plans","Slice","Bullet Time"],"picked":"SKIP","floor":13.0},{"not_picked":["Infinite Blades","Accuracy"],"picked":"Cloak And Dagger","floor":14.0},{"not_picked":["Burst","Night Terror"],"picked":"Die Die Die","floor":16.0},{"not_picked":["Quick Slash+1","Poisoned Stab"],"picked":"Deadly Poison+1","floor":18.0},{"not_picked":["Dagger Throw","Slice"],"picked":"Noxious Fumes","floor":20.0},{"not_picked":["Skewer","Dagger Spray"],"picked":"PiercingWail","floor":21.0},{"not_picked":["Flechettes","Sucker Punch"],"picked":"Backflip+1","floor":23.0},{"not_picked":["Underhanded Strike+1","Blade Dance"],"picked":"Prepared+1","floor":25.0},{"not_picked":["Terror","Acrobatics","Quick Slash"],"picked":"SKIP","floor":27.0},{"not_picked":["Slice","Poisoned Stab"],"picked":"Deflect+1","floor":30.0},{"not_picked":["Dodge and Roll","Bane"],"picked":"Deflect","floor":31.0},{"not_picked":["Phantasmal Killer","Grand Finale"],"picked":"Corpse Explosion","floor":33.0},{"not_picked":["Noxious Fumes","Backflip"],"picked":"Footwork","floor":35.0},{"not_picked":["Acrobatics","Flying Knee","Reflex"],"picked":"SKIP","floor":41.0},{"not_picked":["Terror","Cloak And Dagger"],"picked":"Crippling Poison+1","floor":45},{"not_picked":["Flechettes","Crippling Poison"],"picked":"Calculated Gamble","floor":46},{"not_picked":["Quick Slash","Deadly Poison","Acrobatics"],"picked":"SKIP","floor":48},{"not_picked":["Dodge and Roll","Venomology"],"picked":"PiercingWail","floor":55}],"player_experience":1388496,"relics_obtained":[{"floor":9.0,"key":"Centennial Puzzle"},{"floor":12.0,"key":"Meat on the Bone"},{"floor":14.0,"key":"Regal Pillow"},{"floor":23.0,"key":"Letter Opener"},{"floor":25.0,"key":"Bottled Lightning"},{"floor":26.0,"key":"Vajra"},{"floor":30.0,"key":"War Paint"},{"floor":46,"key":"Oddly Smooth Stone"},{"floor":55,"key":"Dodecahedron"}],"event_choices":[{"damage_healed":0.0,"max_hp_gain":5.0,"max_hp_loss":0.0,"gold_gain":0.0,"event_name":"Big Fish","player_choice":"Donut","floor":4.0,"gold_loss":0.0,"damage_taken":0.0},{"damage_healed":17.0,"max_hp_gain":0.0,"max_hp_loss":0.0,"gold_gain":0.0,"event_name":"The Cleric","player_choice":"Healed","floor":5.0,"gold_loss":35.0,"damage_taken":0.0},{"damage_healed":0.0,"max_hp_gain":0.0,"max_hp_loss":0.0,"gold_gain":0.0,"event_name":"Scrap Ooze","player_choice":"Success","floor":10.0,"gold_loss":0.0,"damage_taken":11.0,"relics_obtained":["MawBank"]},{"damage_healed":0.0,"max_hp_gain":0.0,"max_hp_loss":0.0,"gold_gain":0.0,"event_name":"The Woman in Blue","player_choice":"Bought 1 Potion","floor":19.0,"gold_loss":0.0,"damage_taken":0.0},{"damage_healed":0.0,"max_hp_gain":0.0,"max_hp_loss":0.0,"gold_gain":0.0,"event_name":"Cursed Tome","player_choice":"Ignored","floor":29.0,"gold_loss":0.0,"damage_taken":0.0},{"damage_healed":0.0,"max_hp_gain":0.0,"max_hp_loss":0.0,"gold_gain":0.0,"event_name":"Mysterious Sphere","player_choice":"Ignored","floor":37.0,"gold_loss":0.0,"damage_taken":0.0},{"damage_healed":0.0,"max_hp_gain":0.0,"max_hp_loss":0.0,"gold_gain":0.0,"event_name":"Duplicator","player_choice":"Copied","floor":38.0,"gold_loss":0.0,"damage_taken":0.0,"cards_obtained":["Noxious Fumes"]},{"cards_removed":["Die Die Die"],"damage_healed":0,"gold_gain":0,"player_choice":"Removed Attack","damage_taken":0,"max_hp_gain":0,"max_hp_loss":0,"event_name":"Falling","floor":44,"gold_loss":0}],"is_beta":true,"boss_relics":[{"not_picked":["Calling Bell","Black Star"],"picked":"Runic Pyramid"},{"not_picked":["Pandora\u0027s Box","WristBlade"],"picked":"Cursed Key"}],"items_purged_floors":[22,36,39],"is_endless":false,"potions_floor_spawned":[1,11,14,16,18,20,30,33,41,45,46],"ascension_level":20}