{"gold_per_floor":[111,111,129,129,129,143,143,157,157,157,191,210,210,245,245,340,340,356,366,366,382,481,497,507,507,530,530,565,565,576,588,588,588],"floor_reached":33,"playtime":1750,"items_purged":[],"score":293,"play_id":"6093dc94-4e82-407c-9558-c5071ca724be","local_time":"20180718205428","is_ascension_mode":true,"campfire_choices":[{"data":"Infernal Blade","floor":7,"key":"SMITH"},{"data":"Bash","floor":10,"key":"SMITH"},{"floor":13,"key":"REST"},{"data":"Strike_R","floor":15,"key":"SMITH"},{"floor":27,"key":"REST"},{"floor":29,"key":"REST"},{"floor":32,"key":"REST"}],"neow_cost":"NONE","seed_source_timestamp":26830993752448,"circlet_count":0,"master_deck":["Strike_R","Strike_R+1","Defend_R","Defend_R","Defend_R","Bash+1","Infernal Blade+1","Pommel Strike","Dual Wield"],"relics":["Burning Blood","Ornamental Fan","Torii","Mercury Hourglass","Lizard Tail","Happy Flower","Centennial Puzzle"],"potions_floor_usage":[11,11,11,16,16,21,24,31,33],"damage_taken":[{"damage":1,"enemies":"Jaw Worm","floor":1,"turns":4},{"damage":7,"enemies":"Small Slimes","floor":3,"turns":3},{"damage":1,"enemies":"Cultist","floor":6,"turns":3},{"damage":6,"enemies":"Blue Slaver","floor":8,"turns":4},{"damage":29,"enemies":"Lagavulin","floor":11,"turns":8},{"damage":2,"enemies":"Red Slaver","floor":12,"turns":4},{"damage":20,"enemies":"Gremlin Nob","floor":14,"turns":4},{"damage":29,"enemies":"The Guardian","floor":16,"turns":11},{"damage":27,"enemies":"Shell Parasite","floor":18,"turns":10},{"damage":1,"enemies":"Spheric Guardian","floor":19,"turns":3},{"damage":12,"enemies":"Slaver and Parasite","floor":21,"turns":6},{"damage":17,"enemies":"Centurion and Healer","floor":23,"turns":5},{"damage":87,"enemies":"Cultist and Chosen","floor":24,"turns":10},{"damage":60,"enemies":"Slavers","floor":28,"turns":5},{"damage":0,"enemies":"Snecko","floor":30,"turns":1},{"damage":14,"enemies":"Snake Plant","floor":31,"turns":4},{"damage":66,"enemies":"Collector","floor":33,"turns":5}],"seed_played":"773504172935514858","potions_obtained":[{"floor":4,"key":"SteroidPotion"},{"floor":4,"key":"Dexterity Potion"},{"floor":4,"key":"SkillPotion"},{"floor":8,"key":"Block Potion"},{"floor":11,"key":"Explosive Potion"},{"floor":12,"key":"Regen Potion"},{"floor":14,"key":"Fire Potion"},{"floor":19,"key":"BloodPotion"},{"floor":23,"key":"Swift Potion"},{"floor":28,"key":"Poison Potion"}],"is_trial":false,"path_per_floor":["M","?","M","?","?","M","R","M","T","R","E","M","R","E","R","B",null,"M","M","?","M","?","M","M","?","T","R","E","R","M","M","R"],"character_chosen":"IRONCLAD","items_purchased":[],"campfire_rested":4,"item_purchase_floors":[],"current_hp_per_floor":[80,73,72,72,72,77,77,77,77,77,54,58,80,66,66,58,80,59,64,64,58,58,47,16,42,42,66,12,36,42,34,58,0],"gold":588,"neow_bonus":"TRANSFORM_CARD","is_prod":false,"is_daily":false,"chose_seed":false,"campfire_upgraded":3,"win_rate":0,"timestamp":1531961668,"path_taken":["M","?","M","?","?","M","R","?","T","R","E","M","R","E","R","BOSS","M","M","?","M","?","M","M","?","T","R","E","R","M","M","R","BOSS"],"build_version":"2018-07-12","purchased_purges":0,"victory":false,"max_hp_per_floor":[80,80,80,80,80,80,80,80,80,80,80,80,80,80,80,80,80,80,80,80,80,80,80,80,80,80,80,80,80,80,80,80,80],"card_choices":[{"not_picked":["Pommel Strike","Perfected Strike","Infernal Blade"],"picked":"SKIP","floor":1},{"not_picked":["Headbutt","Feel No Pain","Anger"],"picked":"SKIP","floor":3},{"not_picked":["Shrug It Off","Iron Wave","Wild Strike"],"picked":"SKIP","floor":6},{"not_picked":["Burning Pact","Whirlwind","Iron Wave"],"picked":"SKIP","floor":8},{"not_picked":["Inflame","Brutality","Flex"],"picked":"SKIP","floor":11},{"not_picked":["True Grit","Armaments","Feel No Pain"],"picked":"SKIP","floor":12},{"not_picked":["Perfected Strike","Metallicize","Warcry"],"picked":"SKIP","floor":14},{"not_picked":["Pummel","Armaments"],"picked":"Pommel Strike","floor":18},{"not_picked":["True Grit","Clash"],"picked":"Dual Wield","floor":19},{"not_picked":["Anger","True Grit","Bloodletting"],"picked":"SKIP","floor":21},{"not_picked":["Sword Boomerang","Sentinel","Rage+1"],"picked":"SKIP","floor":23},{"not_picked":["Sword Boomerang+1","Twin Strike","Cleave"],"picked":"SKIP","floor":24},{"not_picked":["Headbutt","Metallicize","Flex"],"picked":"SKIP","floor":28},{"not_picked":["Feel No Pain","Armaments","Perfected Strike+1"],"picked":"SKIP","floor":30},{"not_picked":["Thunderclap","Flex","Sword Boomerang+1"],"picked":"SKIP","floor":31}],"player_experience":121214,"relics_obtained":[{"floor":9,"key":"Ornamental Fan"},{"floor":11,"key":"Torii"},{"floor":14,"key":"Mercury Hourglass"},{"floor":26,"key":"Happy Flower"},{"floor":28,"key":"Centennial Puzzle"}],"event_choices":[{"event_name":"Golden Wing","player_choice":"Card Removal","floor":2,"damage_taken":0},{"event_name":"The Lab","player_choice":"Got Potions","floor":4,"damage_taken":0},{"event_name":"Living Wall","player_choice":"Forget","floor":5,"damage_taken":0},{"event_name":"Back to Basics","player_choice":"Elegance","floor":20,"damage_taken":0},{"event_name":"Nest","player_choice":"Stole From Cult","floor":22,"damage_taken":0},{"event_name":"The Library","player_choice":"Heal","floor":25,"damage_taken":0}],"boss_relics":[{"not_picked":["White Beast Statue","Cursed Key"],"picked":"Lizard Tail"}],"items_purged_floors":[],"is_endless":false,"potions_floor_spawned":[8,11,12,14,19,23,28],"killed_by":"Collector","ascension_level":1}