{"gold_per_floor":[18,18,58,5,18,64,84,84,84,84,64,84,47,76,76,150,150,170,445,175,57,57,57,67,83,83,83,83,83,102,137,137,137],"floor_reached":33,"playtime":2100,"items_purged":["Regret"],"score":531,"play_id":"1e36f939-7119-4eae-a8cd-3b48bd63aec5","local_time":"20190317162450","is_ascension_mode":true,"campfire_choices":[{"floor":10,"key":"REST"},{"floor":15,"key":"REST"},{"floor":23,"key":"REST"},{"floor":27,"key":"REST"},{"data":"Disarm","floor":29,"key":"SMITH"},{"floor":32,"key":"REST"}],"neow_cost":"NO_GOLD","seed_source_timestamp":371640050493016,"circlet_count":0,"master_deck":["AscendersBane","Strike_R","Strike_R+1","Strike_R","Strike_R","Strike_R+1","Defend_R","Defend_R","Defend_R","Bash","Bandage Up+1","Magnetism+1","Metallicize","Anger","Heavy Blade","Carnage","Headbutt","Disarm+1","Power Through","Intimidate","Dark Embrace","Carnage","Carnage+1","Heavy Blade+1","Clothesline+1","Corruption","Blood for Blood+1","Feel No Pain"],"relics":["Burning Blood","Whetstone","Dodecahedron","FossilizedHelix","Snecko Eye","Molten Egg 2","Dream Catcher","Bottled Lightning","Red Mask"],"potions_floor_usage":[6,14,16,16,16,16,31,33],"damage_taken":[{"damage":29,"enemies":"Jaw Worm","floor":1,"turns":5},{"damage":8,"enemies":"Cultist","floor":3,"turns":4},{"damage":6,"enemies":"2 Louse","floor":5,"turns":3},{"damage":17,"enemies":"3 Sentries","floor":6,"turns":11},{"damage":26,"enemies":"Lots of Slimes","floor":7,"turns":5},{"damage":9,"enemies":"Exordium Thugs","floor":12,"turns":4},{"damage":19,"enemies":"Lagavulin","floor":14,"turns":7},{"damage":39,"enemies":"Hexaghost","floor":16,"turns":11},{"damage":36,"enemies":"3 Byrds","floor":18,"turns":7},{"damage":6,"enemies":"Chosen","floor":24,"turns":5},{"damage":36,"enemies":"Shelled Parasite and Fungi","floor":25,"turns":6},{"damage":18,"enemies":"Snake Plant","floor":30,"turns":3},{"damage":18,"enemies":"Masked Bandits","floor":31,"turns":5},{"damage":76,"enemies":"Collector","floor":33,"turns":9}],"seed_played":"8505210025925175931","potions_obtained":[{"floor":3,"key":"SpeedPotion"},{"floor":6,"key":"Swift Potion"},{"floor":7,"key":"Poison Potion"},{"floor":11,"key":"EntropicBrew"},{"floor":14,"key":"SkillPotion"},{"floor":30,"key":"Poison Potion"},{"floor":31,"key":"Ancient Potion"}],"is_trial":false,"path_per_floor":["M","?","M","$","M","E","M","?","T","R","?","M","$","E","R","B",null,"M","?","$","$","?","R","M","M","T","R","?","R","M","?","R","B"],"character_chosen":"IRONCLAD","items_purchased":["PowerPotion","Power Through","Molten Egg 2","Carnage+1"],"campfire_rested":5,"item_purchase_floors":[4,13,20,21],"current_hp_per_floor":[49,49,51,51,55,48,32,9,9,31,31,34,34,27,49,22,62,38,38,38,38,38,60,60,36,36,58,58,58,52,46,68,0],"gold":137,"neow_bonus":"RANDOM_COLORLESS_2","is_prod":false,"is_daily":false,"chose_seed":false,"campfire_upgraded":1,"win_rate":0,"timestamp":1552865090,"path_taken":["M","?","?","$","?","E","?","?","T","R","?","?","?","E","R","BOSS","M","?","?","$","?","R","M","?","T","R","?","R","?","?","R","BOSS"],"build_version":"2019-01-23","purchased_purges":1,"victory":false,"max_hp_per_floor":[75,75,75,75,75,75,75,75,75,75,75,75,75,75,75,75,75,75,75,75,75,75,75,75,75,75,75,75,75,75,75,75,75],"card_choices":[{"not_picked":["Clash","Pommel Strike"],"picked":"Metallicize","floor":1},{"not_picked":["Shrug It Off","Intimidate"],"picked":"Anger","floor":3},{"not_picked":["Flex","Havoc"],"picked":"Heavy Blade","floor":5},{"not_picked":["Shrug It Off","Headbutt"],"picked":"Carnage","floor":6},{"not_picked":["Hemokinesis","Second Wind"],"picked":"Headbutt","floor":7},{"not_picked":["Dual Wield","Whirlwind"],"picked":"Disarm","floor":12},{"not_picked":["Headbutt","Heavy Blade"],"picked":"Intimidate","floor":14},{"not_picked":["Bludgeon","Barricade"],"picked":"Dark Embrace","floor":16},{"not_picked":["Combust","Cleave"],"picked":"Carnage","floor":18},{"not_picked":["Battle Trance","Pommel Strike+1"],"picked":"Heavy Blade+1","floor":23},{"not_picked":["Reckless Charge+1","Pommel Strike+1","Body Slam+1"],"picked":"SKIP","floor":24},{"not_picked":["Armaments","Perfected Strike+1"],"picked":"Clothesline+1","floor":25},{"not_picked":["Dual Wield","Searing Blow+1"],"picked":"Corruption","floor":27},{"not_picked":["Armaments","Rampage+1"],"picked":"Blood for Blood+1","floor":30},{"not_picked":["Hemokinesis+1","Twin Strike+1"],"picked":"Feel No Pain","floor":32}],"player_experience":256863,"relics_obtained":[{"floor":6,"key":"Whetstone"},{"floor":9,"key":"Dodecahedron"},{"floor":14,"key":"FossilizedHelix"},{"floor":26,"key":"Bottled Lightning"},{"floor":31,"key":"Red Mask"}],"event_choices":[{"cards_removed":["Defend_R"],"damage_healed":0,"gold_gain":0,"player_choice":"Purged","damage_taken":0,"max_hp_gain":0,"max_hp_loss":0,"event_name":"Purifier","floor":2,"gold_loss":0},{"damage_healed":0,"gold_gain":0,"player_choice":"Entered Light","damage_taken":23,"max_hp_gain":0,"max_hp_loss":0,"event_name":"Shining Light","floor":8,"gold_loss":0,"cards_upgraded":["Bandage Up","Magnetism"]},{"damage_healed":0,"gold_gain":0,"player_choice":"Bought 1 Potion","damage_taken":0,"max_hp_gain":0,"max_hp_loss":0,"event_name":"The Woman in Blue","floor":11,"gold_loss":0},{"damage_healed":0,"gold_gain":275,"player_choice":"Desecrate","damage_taken":0,"max_hp_gain":0,"max_hp_loss":0,"event_name":"Golden Shrine","floor":19,"gold_loss":0,"cards_obtained":["Regret"]},{"damage_healed":0,"gold_gain":0,"player_choice":"Stole Relic","damage_taken":0,"relics_obtained":["Dream Catcher"],"max_hp_gain":0,"max_hp_loss":0,"event_name":"Addict","floor":22,"gold_loss":0,"cards_obtained":["Shame"]},{"cards_removed":["Shame"],"damage_healed":0,"gold_gain":0,"player_choice":"Purged","damage_taken":0,"max_hp_gain":0,"max_hp_loss":0,"event_name":"Purifier","floor":28,"gold_loss":0},{"damage_healed":0,"gold_gain":0,"player_choice":"Fought Bandits","damage_taken":0,"max_hp_gain":0,"max_hp_loss":0,"event_name":"Masked Bandits","floor":31,"gold_loss":0}],"is_beta":false,"boss_relics":[{"not_picked":["Lizard Tail","Sozu"],"picked":"Snecko Eye"}],"items_purged_floors":[21],"is_endless":false,"potions_floor_spawned":[3,6,7,14,30,31],"killed_by":"Collector","ascension_level":20}