{"gold_per_floor":[114,126,301,251,21,50,50,76,103,116,116,148,160,176,176,271,271,291,307,407,418,418,418,343,360,360,360,379,389,389,418,418,520,520,531,531,545,79,93,124,124,159,206,206,241,241,258,287,287,287],"floor_reached":51,"playtime":2542,"items_purged":["Strike_B","Decay"],"score":1458,"play_id":"f94b2a3c-8f85-4481-a94d-865faecc8824","local_time":"20190211231703","is_ascension_mode":true,"campfire_choices":[{"data":"Zap","floor":7,"key":"SMITH"},{"data":"Chaos","floor":11,"key":"SMITH"},{"data":"Dualcast","floor":15,"key":"SMITH"},{"data":"Darkness","floor":23,"key":"SMITH"},{"floor":27,"key":"REST"},{"data":"Multi-Cast","floor":30,"key":"SMITH"},{"data":"Creative AI","floor":32,"key":"SMITH"},{"data":"Biased Cognition","floor":41,"key":"SMITH"},{"data":"Melter","floor":44,"key":"SMITH"},{"data":"Electrodynamics","floor":46,"key":"SMITH"},{"data":"Cold Snap","floor":49,"key":"PURGE"}],"neow_cost":"NONE","seed_source_timestamp":8199129279020,"circlet_count":0,"master_deck":["AscendersBane","Zap+1","Dualcast+1","Conserve Battery+1","Electrodynamics+1","Chaos+1","Creative AI+1","Doom and Gloom","Multi-Cast+1","Sweeping Beam","Self Repair","Turbo","Rainbow+1","Leap+1","Chill","Darkness+1","Ghostly","Ghostly","Ghostly","Ghostly","Ghostly","White Noise+1","Leap+1","Melter+1","Biased Cognition+1","Dramatic Entrance","Chill","BootSequence+1","Glacier+1","Chaos+1","Coolheaded+1"],"relics":["Cracked Core","NeowsBlessing","Bag of Marbles","Vajra","Emotion Chip","Potion Belt","Omamori","Pandora\u0027s Box","Peace Pipe","Blue Candle","Dead Branch","Mummified Hand","Calling Bell","Strawberry","Shuriken","Gambling Chip","DataDisk","Lee\u0027s Waffle","Thread and Needle","Cables","War Paint","Pantograph","Art of War"],"potions_floor_usage":[8,12,19,20,20,31,45,45],"damage_taken":[{"damage":0,"enemies":"2 Louse","floor":1,"turns":1},{"damage":0,"enemies":"Jaw Worm","floor":2,"turns":1},{"damage":0,"enemies":"3 Sentries","floor":6,"turns":1},{"damage":13,"enemies":"Lagavulin","floor":8,"turns":5},{"damage":0,"enemies":"Cultist","floor":10,"turns":3},{"damage":14,"enemies":"Gremlin Nob","floor":12,"turns":3},{"damage":5,"enemies":"Lots of Slimes","floor":13,"turns":2},{"damage":0,"enemies":"2 Fungi Beasts","floor":14,"turns":2},{"damage":14,"enemies":"The Guardian","floor":16,"turns":11},{"damage":5,"enemies":"Chosen","floor":18,"turns":3},{"damage":0,"enemies":"3 Byrds","floor":19,"turns":2},{"damage":11,"enemies":"Colosseum Slavers","floor":20,"turns":2},{"damage":26,"enemies":"Colosseum Nobs","floor":20,"turns":4},{"damage":18,"enemies":"3 Cultists","floor":21,"turns":5},{"damage":12,"enemies":"Shelled Parasite and Fungi","floor":25,"turns":4},{"damage":0,"enemies":"Centurion and Healer","floor":28,"turns":6},{"damage":17,"enemies":"Snake Plant","floor":29,"turns":3},{"damage":2,"enemies":"Gremlin Leader","floor":31,"turns":6},{"damage":1,"enemies":"Champ","floor":33,"turns":13},{"damage":0,"enemies":"Orb Walker","floor":35,"turns":3},{"damage":0,"enemies":"3 Shapes","floor":37,"turns":2},{"damage":0,"enemies":"Jaw Worm Horde","floor":39,"turns":4},{"damage":0,"enemies":"Reptomancer","floor":40,"turns":4},{"damage":23,"enemies":"Nemesis","floor":42,"turns":7},{"damage":0,"enemies":"Reptomancer","floor":45,"turns":9},{"damage":0,"enemies":"Sphere and 2 Shapes","floor":47,"turns":3},{"damage":0,"enemies":"Nemesis","floor":48,"turns":7},{"damage":0,"enemies":"Donu and Deca","floor":50,"turns":8}],"seed_played":"-6092669971351926514","potions_obtained":[{"floor":1,"key":"Explosive Potion"},{"floor":2,"key":"Swift Potion"},{"floor":13,"key":"LiquidBronze"},{"floor":16,"key":"EssenceOfSteel"},{"floor":18,"key":"FearPotion"},{"floor":21,"key":"Explosive Potion"},{"floor":25,"key":"SpeedPotion"},{"floor":31,"key":"AttackPotion"},{"floor":33,"key":"Fire Potion"},{"floor":35,"key":"LiquidBronze"},{"floor":42,"key":"Block Potion"},{"floor":47,"key":"Dexterity Potion"},{"floor":48,"key":"Energy Potion"}],"is_trial":false,"path_per_floor":["M","M","?","?","$","E","R","E","T","M","R","E","M","M","R","B",null,"M","M","?","M","?","R","?","M","T","R","M","M","R","E","R","B",null,"M","?","M","$","M","E","R","E","T","R","E","R","M","E","R","B",null],"character_chosen":"DEFECT","items_purchased":["Bag of Marbles","DataDisk","Lee\u0027s Waffle"],"campfire_rested":1,"item_purchase_floors":[5,38,38],"current_hp_per_floor":[68,68,68,68,68,68,68,55,55,55,55,41,36,36,36,22,62,64,64,34,23,23,23,23,18,18,29,36,19,19,24,24,30,42,42,42,42,51,51,51,51,35,35,35,42,42,49,51,51,51],"gold":287,"neow_bonus":"THREE_ENEMY_KILL","is_prod":false,"is_daily":false,"chose_seed":false,"campfire_upgraded":9,"win_rate":0,"timestamp":1549923423,"path_taken":["M","M","?","?","?","E","R","E","T","M","R","E","?","M","R","BOSS","M","?","?","M","?","R","?","M","T","R","?","M","R","E","R","BOSS","M","?","M","$","M","E","R","E","T","R","E","R","M","E","R","BOSS"],"build_version":"2019-01-23","purchased_purges":2,"victory":true,"max_hp_per_floor":[75,75,75,75,75,75,75,75,75,75,75,75,75,75,75,75,75,75,75,75,75,37,37,37,37,37,37,37,37,37,37,37,37,44,44,44,44,51,51,51,51,51,51,51,51,51,51,51,51,51],"card_choices":[{"not_picked":["Gash","Capacitor"],"picked":"Conserve Battery","floor":1},{"not_picked":["Barrage","Beam Cell"],"picked":"Cold Snap","floor":2},{"not_picked":["Rainbow","Go for the Eyes"],"picked":"Electrodynamics","floor":6},{"not_picked":["Redo","Amplify","Stack"],"picked":"SKIP","floor":8},{"not_picked":["Hello World","Cold Snap"],"picked":"Chaos","floor":10},{"not_picked":["Leap","Auto Shields","Coolheaded"],"picked":"SKIP","floor":12},{"not_picked":["Gash","Compile Driver","Hologram"],"picked":"SKIP","floor":13},{"not_picked":["Redo","Auto Shields","Hello World"],"picked":"SKIP","floor":14},{"not_picked":["Buffer","All For One"],"picked":"Creative AI","floor":16},{"not_picked":["Ball Lightning+1","Redo"],"picked":"Leap+1","floor":18},{"not_picked":["Sweeping Beam+1","Streamline","Genetic Algorithm"],"picked":"SKIP","floor":19},{"not_picked":["Streamline","Recycle"],"picked":"Chill","floor":20},{"not_picked":["Recycle","Coolheaded"],"picked":"Darkness","floor":21},{"not_picked":["Consume+1","Steam+1"],"picked":"White Noise+1","floor":25},{"not_picked":["Hologram","Undo+1"],"picked":"Leap+1","floor":28},{"not_picked":["Chaos","Amplify"],"picked":"Melter","floor":29},{"not_picked":["Sweeping Beam","Redo","Rebound"],"picked":"SKIP","floor":31},{"not_picked":["Fission","Meteor Strike"],"picked":"Biased Cognition","floor":33},{"not_picked":["Hologram","Skim+1","Doom and Gloom"],"picked":"SKIP","floor":35},{"not_picked":["PanicButton","Blind"],"picked":"Dramatic Entrance","floor":36},{"not_picked":["Sunder+1","Doom and Gloom+1"],"picked":"Chill","floor":37},{"not_picked":["Beam Cell","Blizzard+1"],"picked":"BootSequence+1","floor":39},{"not_picked":["Rip and Tear","Beam Cell+1","Conserve Battery"],"picked":"SKIP","floor":40},{"not_picked":["Self Repair+1","Reboot"],"picked":"Glacier+1","floor":42},{"not_picked":["Turbo+1","Conserve Battery+1"],"picked":"Chaos+1","floor":45},{"not_picked":["Hologram","Beam Cell","Rebound"],"picked":"SKIP","floor":47},{"not_picked":["Loop","Rip and Tear+1"],"picked":"Coolheaded+1","floor":48}],"player_experience":1052460,"relics_obtained":[{"floor":6,"key":"Vajra"},{"floor":8,"key":"Emotion Chip"},{"floor":9,"key":"Potion Belt"},{"floor":12,"key":"Omamori"},{"floor":20,"key":"Peace Pipe"},{"floor":20,"key":"Blue Candle"},{"floor":26,"key":"Dead Branch"},{"floor":31,"key":"Mummified Hand"},{"floor":34,"key":"Strawberry"},{"floor":34,"key":"Shuriken"},{"floor":34,"key":"Gambling Chip"},{"floor":40,"key":"Thread and Needle"},{"floor":42,"key":"Cables"},{"floor":43,"key":"War Paint"},{"floor":45,"key":"Pantograph"},{"floor":48,"key":"Art of War"}],"event_choices":[{"damage_healed":0,"gold_gain":175,"player_choice":"AGREE","damage_taken":0,"max_hp_gain":0,"max_hp_loss":0,"event_name":"Liars Game","floor":3,"gold_loss":0,"cards_obtained":["Doubt"]},{"cards_removed":["Doubt"],"damage_healed":0,"gold_gain":0,"player_choice":"Card Removal","damage_taken":0,"max_hp_gain":0,"max_hp_loss":0,"event_name":"The Cleric","floor":4,"gold_loss":50},{"damage_healed":0,"gold_gain":0,"player_choice":"Fight","damage_taken":0,"max_hp_gain":0,"max_hp_loss":0,"event_name":"Colosseum","floor":20,"gold_loss":0},{"damage_healed":0,"gold_gain":0,"player_choice":"Fought Nobs","damage_taken":0,"max_hp_gain":0,"max_hp_loss":0,"event_name":"Colosseum","floor":20,"gold_loss":0},{"damage_healed":0,"gold_gain":0,"player_choice":"Became a Ghost","damage_taken":0,"max_hp_gain":0,"max_hp_loss":38,"event_name":"Ghosts","floor":22,"gold_loss":0,"cards_obtained":["Ghostly","Ghostly","Ghostly","Ghostly","Ghostly"]},{"cards_removed":["Storm"],"damage_healed":0,"gold_gain":0,"player_choice":"Gave Gold","damage_taken":0,"max_hp_gain":0,"max_hp_loss":0,"event_name":"Beggar","floor":24,"gold_loss":75},{"damage_healed":0,"gold_gain":0,"player_choice":"Memory 1","damage_taken":0,"max_hp_gain":0,"max_hp_loss":0,"event_name":"SensoryStone","floor":36,"gold_loss":0}],"is_beta":false,"boss_relics":[{"not_picked":["Coffee Dripper","Lizard Tail"],"picked":"Pandora\u0027s Box"},{"not_picked":["Black Star","Philosopher\u0027s Stone"],"picked":"Calling Bell"}],"items_purged_floors":[5,38],"is_endless":false,"potions_floor_spawned":[1,2,13,16,18,20,21,25,31,33,35,42,47,48],"ascension_level":10}