{"gold_per_floor":[115,134,134,134,284,315,333,333,358,370,382,422,448,472,484,573,585,612,624,228,143,38,38],"floor_reached":23,"playtime":741,"items_purged":["Regret"],"score":444,"play_id":"377f026e-28b9-429c-8bd6-2972ab3b1099","local_time":"20190317144744","is_ascension_mode":true,"campfire_choices":[{"data":"Bash","floor":8,"key":"SMITH"},{"floor":15,"key":"REST"}],"neow_cost":"NONE","seed_source_timestamp":367172575009976,"circlet_count":0,"master_deck":["AscendersBane","Strike_R","Strike_R","Strike_R","Strike_R","Defend_R","Defend_R","Defend_R","Defend_R","Bash+1","Corruption+1","Rage","Doubt","Sever Soul","Twin Strike","Carnage","Armaments","Flex","Juggernaut","Seeing Red","Mind Blast"],"relics":["Burning Blood","NeowsBlessing","Juzu Bracelet","MawBank","Boot","Ancient Tea Set","Lantern","Sozu","MutagenicStrength","Ginger","Paper Frog"],"potions_floor_usage":[12,14,16,16],"damage_taken":[{"damage":0,"enemies":"Cultist","floor":1,"turns":1},{"damage":0,"enemies":"Jaw Worm","floor":2,"turns":1},{"damage":0,"enemies":"Lagavulin","floor":6,"turns":1},{"damage":0,"enemies":"2 Louse","floor":7,"turns":3},{"damage":43,"enemies":"Gremlin Nob","floor":12,"turns":5},{"damage":3,"enemies":"Looter","floor":13,"turns":3},{"damage":0,"enemies":"Gremlin Gang","floor":14,"turns":3},{"damage":62,"enemies":"The Guardian","floor":16,"turns":9},{"damage":56,"enemies":"Shell Parasite","floor":18,"turns":6},{"damage":15,"enemies":"Slavers","floor":23,"turns":1}],"seed_played":"2437119478059815459","potions_obtained":[{"floor":6,"key":"Weak Potion"},{"floor":7,"key":"SteroidPotion"},{"floor":13,"key":"Explosive Potion"},{"floor":14,"key":"Block Potion"}],"is_trial":false,"path_per_floor":["M","M","?","?","?","E","M","R","T","T","?","E","M","M","R","B",null,"M","?","$","?","$","E"],"character_chosen":"IRONCLAD","items_purchased":["Ginger","Mind Blast"],"campfire_rested":1,"item_purchase_floors":[20,22],"current_hp_per_floor":[74,75,68,68,68,74,75,75,75,75,75,38,41,47,69,13,60,10,10,10,10,10,0],"gold":38,"neow_bonus":"THREE_ENEMY_KILL","is_prod":false,"is_daily":false,"chose_seed":false,"campfire_upgraded":1,"win_rate":0,"timestamp":1552859264,"path_taken":["M","M","?","?","?","E","M","R","T","?","?","E","M","M","R","BOSS","M","?","$","?","$","E"],"build_version":"2019-01-23","purchased_purges":1,"victory":false,"max_hp_per_floor":[75,75,75,75,75,75,75,75,75,75,75,75,75,75,75,75,75,75,75,75,75,75,75],"card_choices":[{"not_picked":["Iron Wave","Headbutt"],"picked":"Corruption","floor":1},{"not_picked":["Thunderclap","Anger"],"picked":"Rage","floor":2},{"not_picked":["Armaments","Wild Strike"],"picked":"Sever Soul","floor":6},{"not_picked":["Battle Trance","Combust"],"picked":"Twin Strike","floor":7},{"not_picked":["Iron Wave","Clothesline"],"picked":"Carnage","floor":12},{"not_picked":["Intimidate","Headbutt"],"picked":"Armaments","floor":13},{"not_picked":["True Grit","Havoc"],"picked":"Flex","floor":14},{"not_picked":["Double Tap","Brutality"],"picked":"Juggernaut","floor":16},{"not_picked":["Twin Strike","Clothesline"],"picked":"Seeing Red","floor":18}],"player_experience":253415,"relics_obtained":[{"floor":6,"key":"Juzu Bracelet"},{"floor":9,"key":"MawBank"},{"floor":10,"key":"Boot"},{"floor":12,"key":"Lantern"}],"event_choices":[{"cards_removed":["Strike_R"],"damage_healed":0,"gold_gain":0,"player_choice":"Card Removal","damage_taken":7,"max_hp_gain":0,"max_hp_loss":0,"event_name":"Golden Wing","floor":3,"gold_loss":0},{"damage_healed":0,"gold_gain":0,"player_choice":"Grow","damage_taken":0,"max_hp_gain":0,"max_hp_loss":0,"event_name":"Living Wall","floor":4,"gold_loss":0,"cards_upgraded":["Corruption"]},{"damage_healed":0,"gold_gain":150,"player_choice":"AGREE","damage_taken":0,"max_hp_gain":0,"max_hp_loss":0,"event_name":"Liars Game","floor":5,"gold_loss":0,"cards_obtained":["Doubt"]},{"damage_healed":0,"gold_gain":0,"player_choice":"Box","damage_taken":0,"relics_obtained":["Ancient Tea Set"],"max_hp_gain":0,"max_hp_loss":0,"event_name":"Big Fish","floor":11,"gold_loss":0,"cards_obtained":["Regret"]},{"damage_healed":0,"gold_gain":0,"player_choice":"Inject Mutagens","damage_taken":0,"relics_obtained":["MutagenicStrength"],"max_hp_gain":0,"max_hp_loss":0,"event_name":"Drug Dealer","floor":19,"gold_loss":0},{"damage_healed":0,"gold_gain":0,"player_choice":"Obtained Relic","damage_taken":0,"relics_obtained":["Paper Frog"],"max_hp_gain":0,"max_hp_loss":0,"event_name":"Addict","floor":21,"gold_loss":85}],"is_beta":false,"boss_relics":[{"not_picked":["Orrery","Runic Dome"],"picked":"Sozu"}],"items_purged_floors":[20],"is_endless":false,"potions_floor_spawned":[6,7,13,14],"killed_by":"Slavers","ascension_level":20}