{"gold_per_floor":[210,210,224,244,244,244,68,99,162,206,218,258,270,298,310,399,411,437,127,127,141,155,155,155,54,77,77,77,77,89,121,121,193,193,211,224,224,239,258,258,18,18,65,96,114,114],"floor_reached":46,"playtime":1867,"items_purged":["Injury"],"score":923,"play_id":"63e42f3d-47e6-4015-8659-cee6d3b8f650","local_time":"20180921222143","is_ascension_mode":true,"campfire_choices":[{"floor":6,"key":"REST"},{"data":"Defragment","floor":11,"key":"SMITH"},{"data":"Zap","floor":13,"key":"SMITH"},{"data":"Rip and Tear","floor":15,"key":"SMITH"},{"data":"Defragment","floor":23,"key":"SMITH"},{"data":"Lockon","floor":27,"key":"SMITH"},{"data":"Glacier","floor":29,"key":"SMITH"},{"floor":32,"key":"REST"},{"floor":40,"key":"REST"},{"data":"Scrape","floor":42,"key":"SMITH"}],"neow_cost":"NONE","seed_source_timestamp":4533015472795,"circlet_count":0,"master_deck":["Defend_B","Defend_B","Defend_B","Defend_B","Zap+1","Dualcast","AscendersBane","Rebound","Defragment+1","Glacier+1","FTL","Rip and Tear+1","Lockon+1","Ball Lightning","Core Surge","Defragment+1","FTL","Blizzard+1","Bite","Bite","Bite","Bite","Bite","Finesse","Storm","Rainbow","Scrape+1","Writhe","Go for the Eyes+1","Steam+1","Undo","Hologram+1"],"relics":["Cracked Core","Orichalcum","Omamori","MawBank","Strawberry","Centennial Puzzle","Pear","Calling Bell","Shuriken","Nunchaku","Bag of Preparation","Sundial","Regal Pillow","Spirit Poop","Ancient Tea Set","Eternal Feather","ClockworkSouvenir","Anchor","Cables"],"potions_floor_usage":[8,10,12,30,30,31,35,39,44,46],"damage_taken":[{"damage":0,"enemies":"2 Louse","floor":1,"turns":2},{"damage":1,"enemies":"Cultist","floor":3,"turns":3},{"damage":4,"enemies":"Jaw Worm","floor":4,"turns":3},{"damage":13,"enemies":"Gremlin Nob","floor":8,"turns":7},{"damage":3,"enemies":"3 Sentries","floor":10,"turns":8},{"damage":5,"enemies":"Lagavulin","floor":12,"turns":6},{"damage":0,"enemies":"Large Slime","floor":14,"turns":4},{"damage":19,"enemies":"Hexaghost","floor":16,"turns":8},{"damage":15,"enemies":"2 Thieves","floor":18,"turns":5},{"damage":3,"enemies":"Chosen","floor":21,"turns":4},{"damage":17,"enemies":"Centurion and Healer","floor":22,"turns":4},{"damage":11,"enemies":"Cultist and Chosen","floor":30,"turns":5},{"damage":30,"enemies":"Gremlin Leader","floor":31,"turns":6},{"damage":55,"enemies":"Collector","floor":33,"turns":11},{"damage":11,"enemies":"Orb Walker","floor":35,"turns":4},{"damage":29,"enemies":"3 Darklings","floor":36,"turns":7},{"damage":46,"enemies":"Maw","floor":38,"turns":7},{"damage":16,"enemies":"Sphere and 2 Shapes","floor":39,"turns":6},{"damage":55,"enemies":"2 Orb Walkers","floor":44,"turns":4},{"damage":35,"enemies":"Transient","floor":45,"turns":6},{"damage":19,"enemies":"Giant Head","floor":46,"turns":5}],"seed_played":"-4951636550188604399","potions_obtained":[{"floor":2,"key":"Block Potion"},{"floor":2,"key":"Weak Potion"},{"floor":8,"key":"Block Potion"},{"floor":10,"key":"Fire Potion"},{"floor":21,"key":"SteroidPotion"},{"floor":22,"key":"PowerPotion"},{"floor":30,"key":"SpeedPotion"},{"floor":31,"key":"Regen Potion"},{"floor":38,"key":"Poison Potion"},{"floor":39,"key":"SkillPotion"},{"floor":45,"key":"SkillPotion"}],"is_trial":false,"path_per_floor":["M","?","M","M","?","R","$","E","T","E","R","E","R","M","R","B",null,"M","$","?","M","M","R","?","$","T","R","?","R","M","E","R","B",null,"M","M","?","M","M","R","$","R","T","E","M"],"character_chosen":"DEFECT","items_purchased":["Omamori","Bag of Preparation","Defragment","Finesse","ClockworkSouvenir"],"campfire_rested":3,"item_purchase_floors":[7,19,19,25,41],"current_hp_per_floor":[64,64,63,59,24,45,45,32,39,36,36,41,41,41,41,22,72,59,59,59,58,43,43,43,43,43,43,43,43,40,20,61,28,73,78,61,79,43,31,88,88,88,88,33,2,0],"gold":114,"neow_bonus":"HUNDRED_GOLD","is_prod":false,"is_daily":false,"chose_seed":false,"campfire_upgraded":7,"win_rate":0,"timestamp":1537561303,"path_taken":["M","?","M","M","?","R","$","E","T","E","R","E","R","M","R","BOSS","M","$","?","M","M","R","?","?","T","R","?","R","M","E","R","BOSS","M","M","?","M","M","R","$","R","T","E","?","E"],"build_version":"2018-09-20","purchased_purges":1,"victory":false,"max_hp_per_floor":[71,71,71,71,71,71,71,71,78,78,78,88,88,88,88,88,88,88,88,88,88,88,88,88,88,88,88,88,88,88,88,88,88,88,88,88,88,88,88,88,88,88,88,88,88,88],"card_choices":[{"not_picked":["Leap","Reinforced Body"],"picked":"Rebound","floor":1},{"not_picked":["Go for the Eyes","Sweeping Beam"],"picked":"Defragment","floor":3},{"not_picked":["Sweeping Beam","Stack"],"picked":"Glacier","floor":4},{"not_picked":["Genetic Algorithm","Self Repair"],"picked":"FTL","floor":8},{"not_picked":["Static Discharge","Steam Power"],"picked":"Rip and Tear","floor":10},{"not_picked":["Leap","Tempest"],"picked":"Lockon","floor":12},{"not_picked":["Rebound","Gash"],"picked":"Ball Lightning","floor":14},{"not_picked":["Echo Form","Hyperbeam"],"picked":"Core Surge","floor":16},{"not_picked":["Turbo","Aggregate","Streamline"],"picked":"SKIP","floor":18},{"not_picked":["Coolheaded","Recycle"],"picked":"FTL","floor":21},{"not_picked":["Genetic Algorithm","Rebound"],"picked":"Blizzard+1","floor":22},{"not_picked":["Compile Driver","Hologram","Ball Lightning"],"picked":"SKIP","floor":30},{"not_picked":["Gash","Sweeping Beam"],"picked":"Storm","floor":31},{"not_picked":["Amplify","All For One"],"picked":"Rainbow","floor":33},{"not_picked":["Leap","Beam Cell","Steam Power"],"picked":"SKIP","floor":35},{"not_picked":["Recycle","Rebound"],"picked":"Scrape","floor":36},{"not_picked":["Steam","Sweeping Beam"],"picked":"Go for the Eyes+1","floor":38},{"not_picked":["Hello World","Go for the Eyes+1"],"picked":"Steam+1","floor":39},{"not_picked":["Compile Driver","Turbo"],"picked":"Undo","floor":44},{"not_picked":["Compile Driver","Aggregate"],"picked":"Hologram+1","floor":45}],"player_experience":751679,"relics_obtained":[{"floor":8,"key":"MawBank"},{"floor":9,"key":"Strawberry"},{"floor":10,"key":"Centennial Puzzle"},{"floor":12,"key":"Pear"},{"floor":17,"key":"Blood Vial"},{"floor":17,"key":"Shuriken"},{"floor":17,"key":"Nunchaku"},{"floor":26,"key":"Regal Pillow"},{"floor":31,"key":"Ancient Tea Set"},{"floor":43,"key":"Anchor"},{"floor":44,"key":"Cables"}],"event_choices":[{"event_name":"The Lab","player_choice":"Got Potions","floor":2,"damage_taken":0},{"event_name":"Scrap Ooze","player_choice":"success","floor":5,"damage_taken":35},{"event_name":"The Mausoleum","player_choice":"Yes","floor":20,"damage_taken":0},{"event_name":"Vampires","player_choice":"Became a vampire (Vial)","floor":24,"damage_taken":0},{"event_name":"Bonfire Elementals","player_choice":"CURSE","floor":28,"damage_taken":0},{"event_name":"Winding Halls","player_choice":"Writhe","floor":37,"damage_taken":0}],"is_beta":false,"boss_relics":[{"not_picked":["Philosopher\u0027s Stone","Pandora\u0027s Box"],"picked":"Calling Bell"},{"not_picked":["Fusion Hammer","Empty Cage"],"picked":"Eternal Feather"}],"items_purged_floors":[19],"is_endless":false,"potions_floor_spawned":[8,10,21,22,30,31,38,39,45],"killed_by":"Giant Head","ascension_level":17}