{"gold_per_floor":[119,119,119,119,136,136,163,163,188,13,13,45,58,91,91,165,165,184,197,197,197,197,197,212,229,229,229,229,29,47,73,73,73],"floor_reached":33,"playtime":1778,"items_purged":["Strike_G"],"score":492,"play_id":"36107009-b25e-49f2-a4d8-5ddcfec49d9c","local_time":"20190306232233","is_ascension_mode":true,"campfire_choices":[{"data":"Neutralize","floor":6.0,"key":"SMITH"},{"floor":8.0,"key":"REST"},{"data":"Dagger Spray","floor":11.0,"key":"SMITH"},{"floor":15.0,"key":"REST"},{"data":"RitualDagger","floor":23.0,"key":"SMITH"},{"data":"Catalyst","floor":27.0,"key":"SMITH"},{"floor":32.0,"key":"REST"}],"neow_cost":"CURSE","seed_source_timestamp":1734661824813230,"circlet_count":0,"master_deck":["AscendersBane","Defend_G","Defend_G","Defend_G","Defend_G+1","Defend_G+1","Strike_G","Survivor+1","Neutralize+1","Bouncing Flask+1","Choke","Bane","Sucker Punch","Deflect","Dagger Spray+1","Catalyst+1","Cloak And Dagger","Dodge and Roll","Corpse Explosion","Poisoned Stab","Infinite Blades","RitualDagger+1","Poisoned Stab","Terror+1","Catalyst"],"special_seed":0,"relics":["Ring of the Snake","Bottled Flame","Bag of Preparation","Regal Pillow","Smiling Mask","War Paint","Eternal Feather","FossilizedHelix","Kunai","ClockworkSouvenir","WingedGreaves"],"potions_floor_usage":[],"damage_taken":[{"damage":4.0,"enemies":"2 Louse","floor":1.0,"turns":3.0},{"damage":1.0,"enemies":"Jaw Worm","floor":5.0,"turns":3.0},{"damage":31.0,"enemies":"Gremlin Nob","floor":7.0,"turns":6.0},{"damage":15.0,"enemies":"Lagavulin","floor":12.0,"turns":5.0},{"damage":0.0,"enemies":"Cultist","floor":13.0,"turns":2.0},{"damage":14.0,"enemies":"3 Sentries","floor":14.0,"turns":6.0},{"damage":11.0,"enemies":"The Guardian","floor":16.0,"turns":10.0},{"damage":10.0,"enemies":"Shell Parasite","floor":18.0,"turns":5.0},{"damage":4.0,"enemies":"Spheric Guardian","floor":19.0,"turns":3.0},{"damage":15.0,"enemies":"Chosen and Byrds","floor":24.0,"turns":5.0},{"damage":7.0,"enemies":"3 Cultists","floor":25.0,"turns":3.0},{"damage":0.0,"enemies":"Snake Plant","floor":30.0,"turns":2.0},{"damage":19.0,"enemies":"Book of Stabbing","floor":31.0,"turns":4.0},{"damage":69,"enemies":"Collector","floor":33,"turns":5}],"seed_played":"2896056751098735746","potions_obtained":[{"floor":5.0,"key":"Regen Potion"},{"floor":13.0,"key":"GhostInAJar"},{"floor":25.0,"key":"Poison Potion"}],"is_trial":false,"path_per_floor":["M","?","?","T","M","R","E","R","T","$","R","E","M","E","R","B",null,"M","M","?","?","?","R","M","M","T","R","T","$","M","E","R","B"],"character_chosen":"THE_SILENT","items_purchased":["Dagger Spray","Block Potion","ClockworkSouvenir"],"campfire_rested":3,"item_purchase_floors":[10,10,29],"current_hp_per_floor":[55,35,35,35,34,34,18,37,37,37,37,22,22,8,42,31,57,47,43,43,43,37,49,34,27,27,39,39,39,39,20,66,0],"gold":73,"neow_bonus":"TRANSFORM_TWO_CARDS","is_prod":false,"is_daily":false,"chose_seed":false,"campfire_upgraded":4,"win_rate":0,"timestamp":1551932553,"path_taken":["M","?","?","?","M","R","E","R","T","$","R","E","M","E","R","BOSS","M","?","?","?","?","R","M","M","T","R","?","$","M","E","R","BOSS"],"build_version":"2019-01-23","purchased_purges":1,"victory":false,"max_hp_per_floor":[66,66,66,66,66,66,66,66,66,66,66,66,66,66,66,66,66,66,66,66,66,66,66,66,66,66,66,66,66,66,66,66,66],"card_choices":[{"not_picked":["Acrobatics","Bouncing Flask"],"picked":"Bane","floor":1.0},{"not_picked":["Deflect","Backflip"],"picked":"Sucker Punch","floor":5.0},{"not_picked":["Quick Slash","Setup"],"picked":"Deflect","floor":7.0},{"not_picked":["Sucker Punch","Terror"],"picked":"Catalyst","floor":12.0},{"not_picked":["Blade Dance","Slice"],"picked":"Cloak And Dagger","floor":13.0},{"not_picked":["Reflex","Crippling Poison"],"picked":"Dodge and Roll","floor":14.0},{"not_picked":["Die Die Die","Adrenaline"],"picked":"Corpse Explosion","floor":16.0},{"not_picked":["Backflip","Slice"],"picked":"Poisoned Stab","floor":18.0},{"not_picked":["Endless Agony","Predator+1"],"picked":"Infinite Blades","floor":19.0},{"not_picked":["Deflect","Concentrate"],"picked":"Poisoned Stab","floor":24.0},{"not_picked":["Dagger Spray","Blade Dance"],"picked":"Terror+1","floor":25.0},{"not_picked":["Caltrops","Bouncing Flask"],"picked":"Catalyst","floor":30.0},{"not_picked":["Slice+1","Deflect","Quick Slash+1"],"picked":"SKIP","floor":31.0}],"player_experience":630538,"relics_obtained":[{"floor":4.0,"key":"Bottled Flame"},{"floor":7.0,"key":"Bag of Preparation"},{"floor":9.0,"key":"Regal Pillow"},{"floor":12.0,"key":"Smiling Mask"},{"floor":14.0,"key":"War Paint"},{"floor":26.0,"key":"FossilizedHelix"},{"floor":28.0,"key":"Kunai"},{"floor":31.0,"key":"WingedGreaves"}],"event_choices":[{"damage_healed":0.0,"max_hp_gain":0.0,"max_hp_loss":0.0,"gold_gain":0.0,"event_name":"Shining Light","player_choice":"Entered Light","floor":2.0,"gold_loss":0.0,"damage_taken":20.0,"cards_upgraded":["Defend_G","Defend_G"]},{"cards_removed":["Normality"],"damage_healed":0.0,"max_hp_gain":0.0,"max_hp_loss":0.0,"gold_gain":0.0,"event_name":"Living Wall","player_choice":"Forget","floor":3.0,"gold_loss":0.0,"damage_taken":0.0},{"cards_removed":["Strike_G"],"damage_healed":0.0,"max_hp_gain":0.0,"max_hp_loss":0.0,"gold_gain":0.0,"event_name":"Back to Basics","player_choice":"Elegance","floor":20.0,"gold_loss":0.0,"damage_taken":0.0},{"damage_healed":0.0,"max_hp_gain":0.0,"max_hp_loss":0.0,"gold_gain":0.0,"event_name":"Cursed Tome","player_choice":"Ignored","floor":21.0,"gold_loss":0.0,"damage_taken":0.0},{"damage_healed":0.0,"max_hp_gain":0.0,"max_hp_loss":0.0,"gold_gain":0.0,"event_name":"Nest","player_choice":"Joined the Cult","floor":22.0,"gold_loss":0.0,"damage_taken":6.0,"cards_obtained":["RitualDagger"]}],"is_beta":false,"boss_relics":[{"not_picked":["Velvet Choker","WristBlade"],"picked":"Eternal Feather"}],"items_purged_floors":[10],"is_endless":false,"potions_floor_spawned":[5,13,25],"killed_by":"Collector","ascension_level":15}