{"gold_per_floor":[118,43,43,118,218,251,271,285,334,347,363,374,388,403,403,403],"floor_reached":16,"playtime":770,"items_purged":["Strike_R"],"score":106,"play_id":"e3e47811-90d2-4ece-a13c-d6cd8b09b206","local_time":"20180716191910","is_ascension_mode":false,"campfire_choices":[{"floor":15,"key":"REST"}],"neow_cost":"","seed_source_timestamp":174152098069790,"circlet_count":0,"master_deck":["Strike_R","Strike_R","Strike_R","Defend_R","Defend_R","Defend_R","Defend_R","Bash"],"relics":["Burning Blood","Boot","Vajra"],"potions_floor_usage":[10,12,16,16,16],"damage_taken":[{"damage":4,"enemies":"2 Louse","floor":1,"turns":3},{"damage":35,"enemies":"3 Sentries","floor":6,"turns":13},{"damage":2,"enemies":"Small Slimes","floor":7,"turns":4},{"damage":1,"enemies":"Jaw Worm","floor":8,"turns":5},{"damage":2,"enemies":"Blue Slaver","floor":10,"turns":7},{"damage":9,"enemies":"Large Slime","floor":11,"turns":8},{"damage":0,"enemies":"Lots of Slimes","floor":12,"turns":3},{"damage":19,"enemies":"3 Louse","floor":13,"turns":6},{"damage":2,"enemies":"Red Slaver","floor":14,"turns":6},{"damage":68,"enemies":"The Guardian","floor":16,"turns":9}],"seed_played":"-6357158596485526800","potions_obtained":[{"floor":6,"key":"Explosive Potion"},{"floor":8,"key":"Weak Potion"},{"floor":10,"key":"SteroidPotion"},{"floor":12,"key":"SteroidPotion"},{"floor":14,"key":"FearPotion"}],"is_trial":false,"path_per_floor":["M","$","?","?","?","E","M","M","T","M","M","M","M","M","R"],"character_chosen":"IRONCLAD","items_purchased":[],"campfire_rested":1,"item_purchase_floors":[],"current_hp_per_floor":[80,80,73,62,62,33,37,42,42,46,43,49,36,40,64,0],"gold":403,"neow_bonus":"","is_prod":false,"is_daily":false,"chose_seed":false,"campfire_upgraded":0,"win_rate":0.0,"timestamp":1531783150,"path_taken":["M","$","?","?","?","E","M","?","T","M","M","M","M","M","R","BOSS"],"build_version":"2018-07-12","purchased_purges":1,"victory":false,"max_hp_per_floor":[80,80,80,80,80,80,80,80,80,80,80,80,80,80,80,80],"card_choices":[{"not_picked":["Heavy Blade","Iron Wave","Warcry"],"picked":"SKIP","floor":1},{"not_picked":["True Grit","Combust","Searing Blow"],"picked":"SKIP","floor":6},{"not_picked":["Clash","Infernal Blade","Intimidate"],"picked":"SKIP","floor":7},{"not_picked":["Body Slam","Juggernaut","Ghostly Armor"],"picked":"SKIP","floor":8},{"not_picked":["Perfected Strike","Ghostly Armor","Warcry"],"picked":"SKIP","floor":10},{"not_picked":["Burning Pact","Wild Strike","Warcry"],"picked":"SKIP","floor":11},{"not_picked":["Burning Pact","Wild Strike","Warcry"],"picked":"SKIP","floor":11},{"not_picked":["Iron Wave","True Grit","Battle Trance"],"picked":"SKIP","floor":12},{"not_picked":["Body Slam","Wild Strike","Whirlwind"],"picked":"SKIP","floor":13},{"not_picked":["Hemokinesis","Heavy Blade","Rampage"],"picked":"SKIP","floor":14}],"player_experience":57912,"relics_obtained":[{"floor":6,"key":"Boot"},{"floor":9,"key":"Vajra"}],"event_choices":[{"event_name":"Golden Wing","player_choice":"Card Removal","floor":3,"damage_taken":0},{"event_name":"World of Goop","player_choice":"Gather Gold","floor":4,"damage_taken":0},{"event_name":"Golden Shrine","player_choice":"Pray","floor":5,"damage_taken":0}],"boss_relics":[],"items_purged_floors":[2],"is_endless":false,"potions_floor_spawned":[6,8,10,12,14],"killed_by":"The Guardian","ascension_level":0}