{"gold_per_floor":[110,130,55,55,15,15,25,58,85,85,85,105,105,5,5,5],"floor_reached":16,"playtime":673,"items_purged":["Defend_R","Strike_R"],"score":152,"play_id":"742588e9-28fb-45b6-b7a0-4c6b4ef58283","local_time":"20180809224623","is_ascension_mode":true,"campfire_choices":[{"data":"Feed","floor":6,"key":"SMITH"},{"data":"Body Slam","floor":10,"key":"SMITH"},{"data":"Shrug It Off","floor":13,"key":"SMITH"},{"floor":15,"key":"REST"}],"neow_cost":"TEN_PERCENT_HP_LOSS","seed_source_timestamp":68425203653617,"circlet_count":0,"master_deck":["Strike_R","Strike_R","Defend_R","Defend_R","Defend_R","Bash","Double Tap","Feed+1","Pommel Strike","Shrug It Off+1","Body Slam+1","Clash"],"relics":["Burning Blood","Blood Vial","Strawberry","Happy Flower"],"potions_floor_usage":[8,8,16],"damage_taken":[{"damage":11,"enemies":"Cultist","floor":1,"turns":4},{"damage":2,"enemies":"2 Louse","floor":2,"turns":4},{"damage":0,"enemies":"Small Slimes","floor":7,"turns":2},{"damage":18,"enemies":"Gremlin Nob","floor":8,"turns":4},{"damage":13,"enemies":"2 Fungi Beasts","floor":12,"turns":3},{"damage":109,"enemies":"Hexaghost","floor":16,"turns":12}],"seed_played":"6266773579550098619","potions_obtained":[{"floor":5,"key":"BloodPotion"},{"floor":5,"key":"Weak Potion"},{"floor":5,"key":"PowerPotion"}],"is_trial":false,"path_per_floor":["M","M","$","?","?","R","M","E","T","R","?","M","R","$","R"],"character_chosen":"IRONCLAD","items_purchased":[],"campfire_rested":1,"item_purchase_floors":[],"current_hp_per_floor":[70,77,77,77,77,77,82,74,81,81,69,68,68,68,97,0],"gold":5,"neow_bonus":"TRANSFORM_TWO_CARDS","is_prod":false,"is_daily":false,"chose_seed":false,"campfire_upgraded":3,"win_rate":0,"timestamp":1533869183,"path_taken":["M","?","$","?","?","R","M","E","T","R","?","M","R","?","R","BOSS"],"build_version":"2018-08-09","purchased_purges":2,"victory":false,"max_hp_per_floor":[75,78,78,78,78,78,82,86,93,93,93,97,97,97,97,97],"card_choices":[{"not_picked":["Sword Boomerang","Rage"],"picked":"Pommel Strike","floor":1},{"not_picked":["Heavy Blade","Twin Strike"],"picked":"Shrug It Off","floor":2},{"not_picked":["Limit Break","Armaments","Headbutt"],"picked":"SKIP","floor":7},{"not_picked":["Warcry","Ghostly Armor"],"picked":"Body Slam","floor":8},{"not_picked":["True Grit","Wild Strike"],"picked":"Clash","floor":12}],"player_experience":176750,"relics_obtained":[{"floor":8,"key":"Blood Vial"},{"floor":9,"key":"Strawberry"}],"event_choices":[{"event_name":"Liars Game","player_choice":"disagreed","floor":4,"damage_taken":0},{"event_name":"The Woman in Blue","player_choice":"Bought 3 Potions","floor":5,"damage_taken":0},{"event_name":"Scrap Ooze","player_choice":"success","floor":11,"damage_taken":12}],"is_beta":false,"boss_relics":[],"items_purged_floors":[3,14],"is_endless":false,"potions_floor_spawned":[7],"killed_by":"Hexaghost","ascension_level":6}