{"gold_per_floor":[111,130,2,22,22,50,50,79,79,106,124,124,157,173,173,249,249,266,283,301,301],"floor_reached":21,"playtime":852,"items_purged":[],"score":472,"play_id":"cbee2b2a-4d71-4197-8592-60d3d448777a","local_time":"20181208114357","is_ascension_mode":true,"campfire_choices":[{"data":"Buffer","floor":7,"key":"SMITH"},{"data":"Dualcast","floor":12,"key":"SMITH"},{"data":"Defragment","floor":15,"key":"SMITH"}],"neow_cost":"NONE","seed_source_timestamp":63235834214015,"circlet_count":0,"master_deck":["AscendersBane","Strike_B","Strike_B","Strike_B","Strike_B","Defend_B","Defend_B","Defend_B","Defend_B","Zap+1","Dualcast+1","Gash","Rip and Tear","Scrape","Conserve Battery","Defragment+1","Buffer+1","Chill","Glacier","Rainbow","All For One","Chill","Stack+1","Loop"],"relics":["Cracked Core","NeowsBlessing","Darkstone Periapt","Singing Bowl","Sundial","Blood Vial","Smiling Mask","Inserter"],"potions_floor_usage":[6,10,18,18,20,21],"damage_taken":[{"damage":0,"enemies":"Cultist","floor":1,"turns":1},{"damage":0,"enemies":"2 Louse","floor":2,"turns":1},{"damage":0,"enemies":"Small Slimes","floor":4,"turns":1},{"damage":22,"enemies":"Lagavulin","floor":6,"turns":8},{"damage":13,"enemies":"3 Sentries","floor":8,"turns":7},{"damage":0,"enemies":"Gremlin Nob","floor":10,"turns":4},{"damage":0,"enemies":"3 Louse","floor":11,"turns":3},{"damage":3,"enemies":"Lagavulin","floor":13,"turns":8},{"damage":0,"enemies":"Red Slaver","floor":14,"turns":4},{"damage":5,"enemies":"The Guardian","floor":16,"turns":11},{"damage":15,"enemies":"2 Thieves","floor":18,"turns":4},{"damage":23,"enemies":"Chosen","floor":19,"turns":6},{"damage":24,"enemies":"3 Cultists","floor":20,"turns":8},{"damage":12,"enemies":"Centurion and Healer","floor":21,"turns":4}],"seed_played":"4825480806218671652","potions_obtained":[{"floor":4,"key":"SpeedPotion"},{"floor":8,"key":"Fire Potion"},{"floor":10,"key":"Energy Potion"},{"floor":11,"key":"EssenceOfSteel"},{"floor":19,"key":"EssenceOfSteel"},{"floor":20,"key":"PowerPotion"}],"is_trial":false,"path_per_floor":["M","M","$","M","?","E","R","E","T","E","M","R","E","M","R","B",null,"M","M","M","M"],"character_chosen":"DEFECT","items_purchased":["Scrape","Conserve Battery"],"campfire_rested":0,"item_purchase_floors":[3,3],"current_hp_per_floor":[64,64,64,64,64,42,42,29,29,29,33,33,32,36,36,33,65,52,31,9,0],"gold":301,"neow_bonus":"THREE_ENEMY_KILL","is_prod":false,"is_daily":false,"chose_seed":false,"campfire_upgraded":3,"win_rate":0,"timestamp":1544265837,"path_taken":["M","M","?","?","?","E","R","E","T","E","?","R","E","M","R","BOSS","M","M","M","M"],"build_version":"2018-12-06","purchased_purges":0,"victory":false,"max_hp_per_floor":[71,71,71,71,71,71,71,71,71,71,73,73,73,75,75,75,75,75,75,75,75],"card_choices":[{"not_picked":["Stack","Turbo"],"picked":"Gash","floor":1},{"not_picked":["Aggregate","Barrage"],"picked":"Rip and Tear","floor":2},{"not_picked":["Rebound","Aggregate"],"picked":"Defragment","floor":4},{"not_picked":["Hyperbeam","Barrage"],"picked":"Buffer","floor":6},{"not_picked":["FTL","Turbo"],"picked":"Chill","floor":8},{"not_picked":["Cold Snap","Barrage"],"picked":"Glacier","floor":10},{"not_picked":["Static Discharge","Compile Driver","Cold Snap"],"picked":"Singing Bowl","floor":11},{"not_picked":["Streamline","Steam Power"],"picked":"Rainbow","floor":13},{"not_picked":["Beam Cell","Leap","Gash"],"picked":"Singing Bowl","floor":14},{"not_picked":["Reboot","Fission"],"picked":"All For One","floor":16},{"not_picked":["Cold Snap","Capacitor"],"picked":"Chill","floor":18},{"not_picked":["Self Repair","Beam Cell"],"picked":"Stack+1","floor":19},{"not_picked":["Ball Lightning","Auto Shields"],"picked":"Loop","floor":20}],"player_experience":890428,"relics_obtained":[{"floor":6,"key":"Darkstone Periapt"},{"floor":8,"key":"Singing Bowl"},{"floor":9,"key":"Sundial"},{"floor":10,"key":"Blood Vial"},{"floor":13,"key":"Smiling Mask"}],"event_choices":[{"damage_healed":0,"gold_gain":0,"player_choice":"Upgraded","damage_taken":0,"max_hp_gain":0,"max_hp_loss":0,"event_name":"Upgrade Shrine","floor":5,"gold_loss":0,"cards_upgraded":["Zap"]}],"is_beta":false,"boss_relics":[{"not_picked":["Pandora\u0027s Box","Runic Pyramid"],"picked":"Inserter"}],"items_purged_floors":[],"is_endless":false,"potions_floor_spawned":[4,8,10,11,16,19,20],"killed_by":"Centurion and Healer","ascension_level":20}