{"gold_per_floor":[119,139,38,48,48,48,77,77,103,128,93,103,103,120,120,219,219,229,229,241,241,252,252,252,287,341,341,353,353,373,373],"floor_reached":31,"playtime":839,"items_purged":["Strike_R"],"score":398,"play_id":"e7381758-a0ab-4e87-919a-c0f1a388aaca","local_time":"20190208165821","is_ascension_mode":true,"campfire_choices":[{"data":"Bash","floor":6,"key":"SMITH"},{"data":"Wild Strike","floor":8,"key":"SMITH"},{"data":"True Grit","floor":15,"key":"SMITH"},{"floor":23,"key":"REST"},{"floor":27,"key":"REST"},{"data":"Bludgeon","floor":29,"key":"SMITH"}],"neow_cost":"NONE","seed_source_timestamp":481765585428753,"circlet_count":0,"master_deck":["AscendersBane","Strike_R","Defend_R","Defend_R","Defend_R","Defend_R","Bash+1","Shrug It Off","Wild Strike+1","True Grit+1","Twin Strike","Seeing Red","Barricade","Sword Boomerang+1","Heavy Blade+1","Anger+1","Rage","Jack Of All Trades","Shockwave+1","Bludgeon+1"],"relics":["Sozu","Boot","Smiling Mask","Red Skull","Nloth\u0027s Gift","Regal Pillow","PreservedInsect"],"potions_floor_usage":[],"damage_taken":[{"damage":1,"enemies":"Cultist","floor":1,"turns":4},{"damage":7,"enemies":"Small Slimes","floor":2,"turns":3},{"damage":0,"enemies":"Jaw Worm","floor":4,"turns":2},{"damage":23,"enemies":"Lagavulin","floor":7,"turns":7},{"damage":11,"enemies":"Gremlin Nob","floor":10,"turns":4},{"damage":4,"enemies":"Red Slaver","floor":12,"turns":2},{"damage":2,"enemies":"Exordium Wildlife","floor":14,"turns":4},{"damage":9,"enemies":"Hexaghost","floor":16,"turns":8},{"damage":32,"enemies":"Shell Parasite","floor":18,"turns":4},{"damage":9,"enemies":"2 Thieves","floor":20,"turns":3},{"damage":13,"enemies":"Cultist and Chosen","floor":22,"turns":5},{"damage":36,"enemies":"Book of Stabbing","floor":25,"turns":5},{"damage":13,"enemies":"Snake Plant","floor":28,"turns":2},{"damage":26,"enemies":"Shelled Parasite and Fungi","floor":30,"turns":4},{"damage":6,"enemies":"3 Cultists","floor":31,"turns":2}],"seed_played":"7137068100242453086","potions_obtained":[],"is_trial":false,"path_per_floor":["M","M","$","M","$","R","E","R","T","E","?","M","?","M","R","B",null,"M","?","M","?","M","R","?","E","T","R","M","R","M","M"],"character_chosen":"IRONCLAD","items_purchased":["True Grit"],"campfire_rested":2,"item_purchase_floors":[3],"current_hp_per_floor":[71,64,64,64,64,64,41,41,41,30,50,46,46,44,44,35,69,37,37,28,28,15,39,39,3,3,42,29,29,3,0],"gold":373,"neow_bonus":"BOSS_RELIC","is_prod":false,"is_daily":false,"chose_seed":false,"campfire_upgraded":4,"win_rate":0,"timestamp":1549641501,"path_taken":["M","M","$","?","?","R","E","R","T","E","?","M","?","M","R","BOSS","M","?","?","?","M","R","?","E","T","R","M","R","M","?"],"build_version":"2019-01-23","purchased_purges":1,"victory":false,"max_hp_per_floor":[80,80,80,80,80,80,80,80,80,80,80,80,80,80,80,80,80,80,80,80,80,80,80,80,80,80,80,80,80,80,80],"card_choices":[{"not_picked":["Dropkick","Rupture"],"picked":"Shrug It Off","floor":1},{"not_picked":["Clash","Anger"],"picked":"Wild Strike","floor":2},{"not_picked":["Entrench","Clash"],"picked":"Twin Strike","floor":4},{"not_picked":["Fire Breathing","Power Through","Entrench"],"picked":"SKIP","floor":7},{"not_picked":["Offering","Cleave"],"picked":"Seeing Red","floor":10},{"not_picked":["Shrug It Off","Flex","Headbutt"],"picked":"SKIP","floor":12},{"not_picked":["Hemokinesis","Anger","Corruption"],"picked":"SKIP","floor":14},{"not_picked":["Fiend Fire","Dark Embrace"],"picked":"Barricade","floor":16},{"not_picked":["Armaments","Iron Wave"],"picked":"Rage","floor":18},{"not_picked":["Uppercut","Twin Strike+1"],"picked":"Shockwave+1","floor":20},{"not_picked":["Pommel Strike","Twin Strike","Sword Boomerang"],"picked":"SKIP","floor":22},{"not_picked":["Infernal Blade","Twin Strike+1"],"picked":"Bludgeon","floor":25},{"not_picked":["Sword Boomerang","Warcry","Berserk"],"picked":"SKIP","floor":28},{"not_picked":["Entrench","Blood for Blood","Thunderclap"],"picked":"SKIP","floor":30}],"player_experience":1000755,"relics_obtained":[{"floor":7,"key":"Boot"},{"floor":9,"key":"Smiling Mask"},{"floor":10,"key":"Red Skull"},{"floor":25,"key":"Regal Pillow"},{"floor":26,"key":"PreservedInsect"}],"event_choices":[{"damage_healed":20,"gold_gain":0,"player_choice":"Healed","damage_taken":0,"max_hp_gain":0,"max_hp_loss":0,"event_name":"The Cleric","floor":11,"gold_loss":35},{"damage_healed":0,"gold_gain":0,"player_choice":"Bought 0 Potions","damage_taken":0,"max_hp_gain":0,"max_hp_loss":0,"event_name":"The Woman in Blue","floor":13,"gold_loss":0},{"damage_healed":0,"gold_gain":0,"player_choice":"1 cards matched","damage_taken":0,"max_hp_gain":0,"max_hp_loss":0,"event_name":"Match and Keep!","floor":19,"gold_loss":0,"cards_obtained":["Jack Of All Trades"]},{"damage_healed":0,"gold_gain":0,"player_choice":"Ignored","damage_taken":0,"max_hp_gain":0,"max_hp_loss":0,"event_name":"Ghosts","floor":21,"gold_loss":0},{"damage_healed":0,"gold_gain":0,"player_choice":"Traded Relic","damage_taken":0,"relics_obtained":["Nloth\u0027s Gift"],"max_hp_gain":0,"max_hp_loss":0,"event_name":"N\u0027loth","floor":24,"relics_lost":["Astrolabe"],"gold_loss":0}],"is_beta":false,"boss_relics":[{"not_picked":["White Beast Statue","Tiny House"],"picked":"Astrolabe"}],"items_purged_floors":[3],"is_endless":false,"potions_floor_spawned":[4,10,12,14,20,22,25,28,30],"killed_by":"3 Cultists","ascension_level":10}