{"gold_per_floor":[112,125,125,125,135,135,163,198,198,198,3,29,0,20,20,20],"floor_reached":16,"playtime":848,"items_purged":["Pain"],"score":108,"play_id":"3a27bfbd-e651-4459-b162-75689810bd88","local_time":"20190317214207","is_ascension_mode":false,"campfire_choices":[{"data":"Choke","floor":6,"key":"SMITH"},{"floor":15,"key":"REST"}],"neow_cost":"NONE","seed_source_timestamp":391925928350467,"circlet_count":0,"master_deck":["Defend_G","Defend_G","Defend_G","Defend_G+1","Defend_G","Strike_G","Strike_G","Strike_G","Strike_G","Strike_G+1","Survivor","Neutralize","Dagger Throw","Backflip","Choke+1","Caltrops","Blade Dance","Backflip+1","Terror+1"],"relics":["Ring of the Snake","NeowsBlessing","WarpedTongs","Odd Mushroom","Tingsha","Toxic Egg 2","Letter Opener","Shovel"],"potions_floor_usage":[7,12,12],"damage_taken":[{"damage":0,"enemies":"Small Slimes","floor":1,"turns":1},{"damage":0,"enemies":"2 Louse","floor":2,"turns":1},{"damage":0,"enemies":"Cultist","floor":5,"turns":1},{"damage":15,"enemies":"The Mushroom Lair","floor":7,"turns":3},{"damage":26,"enemies":"3 Sentries","floor":8,"turns":7},{"damage":15,"enemies":"Lagavulin","floor":12,"turns":6},{"damage":6,"enemies":"2 Fungi Beasts","floor":14,"turns":2},{"damage":27,"enemies":"Slime Boss","floor":16,"turns":7}],"seed_played":"1363159963585717378","potions_obtained":[{"floor":1,"key":"Explosive Potion"},{"floor":12,"key":"SneckoOil"},{"floor":14,"key":"SteroidPotion"}],"is_trial":false,"path_per_floor":["M","M","?","?","M","R","?","E","T","?","$","E","?","M","R","B"],"character_chosen":"THE_SILENT","items_purchased":["PowerPotion","Regen Potion"],"campfire_rested":1,"item_purchase_floors":[11,11],"current_hp_per_floor":[70,70,56,56,56,56,41,15,15,12,12,12,12,6,27,0],"gold":20,"neow_bonus":"THREE_ENEMY_KILL","is_prod":false,"is_daily":false,"chose_seed":false,"campfire_upgraded":1,"win_rate":0.0,"timestamp":1552884127,"path_taken":["M","M","?","?","?","R","?","E","T","?","$","E","?","M","R","BOSS"],"build_version":"2019-01-23","purchased_purges":1,"victory":false,"max_hp_per_floor":[70,70,70,70,70,70,70,70,70,70,70,70,70,70,70,70],"card_choices":[{"not_picked":["Dagger Spray","Tactician"],"picked":"Dagger Throw","floor":1},{"not_picked":["Slice","Acrobatics"],"picked":"Backflip","floor":2},{"not_picked":["Finisher","Well Laid Plans"],"picked":"Choke","floor":5},{"not_picked":["Dagger Spray","Outmaneuver"],"picked":"Caltrops","floor":7},{"not_picked":["Terror","Sucker Punch"],"picked":"Blade Dance","floor":8},{"not_picked":["Slice","Underhanded Strike"],"picked":"Backflip+1","floor":12},{"not_picked":["Well Laid Plans","Flechettes"],"picked":"Terror+1","floor":14}],"player_experience":264489,"relics_obtained":[{"floor":7,"key":"Odd Mushroom"},{"floor":8,"key":"Tingsha"},{"floor":9,"key":"Toxic Egg 2"},{"floor":12,"key":"Shovel"}],"event_choices":[{"damage_healed":0,"gold_gain":0,"player_choice":"Entered Light","damage_taken":14,"max_hp_gain":0,"max_hp_loss":0,"event_name":"Shining Light","floor":3,"gold_loss":0,"cards_upgraded":["Strike_G","Defend_G"]},{"damage_healed":0,"gold_gain":0,"player_choice":"Rummage","damage_taken":0,"relics_obtained":["WarpedTongs"],"max_hp_gain":0,"max_hp_loss":0,"event_name":"Accursed Blacksmith","floor":4,"gold_loss":0,"cards_obtained":["Pain"]},{"damage_healed":0,"gold_gain":0,"player_choice":"Fought Mushrooms","damage_taken":0,"max_hp_gain":0,"max_hp_loss":0,"event_name":"Mushrooms","floor":7,"gold_loss":0},{"damage_healed":0,"gold_gain":0,"player_choice":"Success","damage_taken":3,"relics_obtained":["Letter Opener"],"max_hp_gain":0,"max_hp_loss":0,"event_name":"Scrap Ooze","floor":10,"gold_loss":0},{"damage_healed":0,"gold_gain":0,"player_choice":"Left Gold","damage_taken":0,"max_hp_gain":0,"max_hp_loss":0,"event_name":"World of Goop","floor":13,"gold_loss":29}],"is_beta":false,"boss_relics":[],"items_purged_floors":[11],"is_endless":false,"potions_floor_spawned":[1,12,14],"killed_by":"Slime Boss","ascension_level":0}