{"gold_per_floor":[115,115,34,51,65,65,85,104,130,140,157,82,82,93,93,194,194,205,223,223,238,83,83,83,83,108,33,33,33,50,66,66,66],"floor_reached":33,"playtime":4048,"items_purged":["Strike_R"],"score":386,"play_id":"e6eceee1-0a79-49d8-830c-1ffbf1f3424d","local_time":"20190310163434","is_ascension_mode":true,"campfire_choices":[{"data":"Bash","floor":6.0,"key":"SMITH"},{"data":"Metallicize","floor":13.0,"key":"SMITH"},{"data":"Shockwave","floor":15.0,"key":"SMITH"},{"data":"Body Slam","floor":23.0,"key":"SMITH"},{"data":"Pommel Strike","floor":28.0,"key":"SMITH"},{"data":"True Grit","floor":32.0,"key":"SMITH"}],"neow_cost":"NONE","seed_source_timestamp":0,"circlet_count":0,"master_deck":["AscendersBane","Strike_R+1","Defend_R+1","Defend_R+1","Defend_R+1","Defend_R+1","Bash+1","Shockwave+1","Metallicize+1","Pommel Strike+1","Body Slam+1","True Grit+1"],"special_seed":0,"relics":["Burning Blood","Blood Vial","Philosopher\u0027s Stone","Omamori","Bronze Scales","Smiling Mask","Dream Catcher"],"potions_floor_usage":[33],"damage_taken":[{"damage":4.0,"enemies":"Small Slimes","floor":1.0,"turns":5.0},{"damage":7.0,"enemies":"Cultist","floor":4.0,"turns":4.0},{"damage":2.0,"enemies":"2 Louse","floor":5.0,"turns":7.0},{"damage":20.0,"enemies":"Large Slime","floor":7.0,"turns":12.0},{"damage":4.0,"enemies":"Blue Slaver","floor":8.0,"turns":7.0},{"damage":8.0,"enemies":"Exordium Thugs","floor":10.0,"turns":12.0},{"damage":1.0,"enemies":"Large Slime","floor":11.0,"turns":8.0},{"damage":4.0,"enemies":"Blue Slaver","floor":14.0,"turns":5.0},{"damage":52.0,"enemies":"The Guardian","floor":16.0,"turns":18.0},{"damage":30.0,"enemies":"Spheric Guardian","floor":18.0,"turns":5.0},{"damage":27.0,"enemies":"3 Byrds","floor":19.0,"turns":8.0},{"damage":8.0,"enemies":"Centurion and Healer","floor":21.0,"turns":8.0},{"damage":0.0,"enemies":"Snecko","floor":30.0,"turns":4.0},{"damage":5.0,"enemies":"3 Cultists","floor":31.0,"turns":6.0},{"damage":43,"enemies":"Automaton","floor":33,"turns":6}],"seed_played":"4660744356990487253","potions_obtained":[{"floor":1.0,"key":"SmokeBomb"},{"floor":5.0,"key":"SpeedPotion"},{"floor":11.0,"key":"Swift Potion"},{"floor":16.0,"key":"BloodPotion"},{"floor":18.0,"key":"SteroidPotion"},{"floor":31.0,"key":"Fire Potion"}],"is_trial":false,"path_per_floor":["M","?","$","M","M","R","M","M","T","M","M","$","R","M","R","B",null,"M","M","?","M","$","R","?","?","T","?","R","?","M","M","R","B"],"character_chosen":"IRONCLAD","items_purchased":["Metallicize","Bronze Scales"],"campfire_rested":0,"item_purchase_floors":[3,22],"current_hp_per_floor":[74,74,74,73,77,77,63,65,65,65,72,72,72,76,76,32,68,46,27,27,27,27,27,27,27,27,27,27,27,35,38,38,0],"gold":66,"neow_bonus":"REMOVE_CARD","is_prod":false,"is_daily":false,"chose_seed":false,"campfire_upgraded":6,"win_rate":0,"timestamp":1552260874,"path_taken":["M","?","?","M","M","R","?","M","T","?","M","$","R","M","R","BOSS","M","M","?","?","$","R","?","?","T","?","R","?","M","M","R","BOSS"],"build_version":"2019-01-23","purchased_purges":1,"victory":false,"max_hp_per_floor":[80,80,80,80,80,80,80,80,80,80,80,80,80,80,80,80,80,80,80,80,80,80,80,80,80,80,80,80,80,80,80,80,80],"card_choices":[{"not_picked":["Carnage","Blood for Blood","Headbutt"],"picked":"SKIP","floor":1.0},{"not_picked":["Thunderclap","Iron Wave","Flame Barrier"],"picked":"SKIP","floor":4.0},{"not_picked":["Reckless Charge","Hemokinesis","Perfected Strike"],"picked":"SKIP","floor":5.0},{"not_picked":["Twin Strike","Carnage","Intimidate"],"picked":"SKIP","floor":7.0},{"not_picked":["Intimidate","Entrench","Clash"],"picked":"SKIP","floor":10.0},{"not_picked":["Intimidate","Entrench","Clash"],"picked":"SKIP","floor":10.0},{"not_picked":["Corruption","Clash"],"picked":"Pommel Strike","floor":11.0},{"not_picked":["Twin Strike","Headbutt","Second Wind"],"picked":"SKIP","floor":14.0},{"not_picked":["Headbutt","Sword Boomerang","Clothesline"],"picked":"SKIP","floor":18.0},{"not_picked":["Feel No Pain","Heavy Blade"],"picked":"Body Slam","floor":19.0},{"not_picked":["Clothesline","Thunderclap","Sentinel"],"picked":"SKIP","floor":21.0},{"not_picked":["Anger","Clash"],"picked":"True Grit","floor":30.0},{"not_picked":["Havoc","Pummel","Uppercut+1"],"picked":"SKIP","floor":31.0}],"player_experience":343281,"relics_obtained":[{"floor":9.0,"key":"Blood Vial"},{"floor":26.0,"key":"Dream Catcher"}],"event_choices":[{"damage_healed":0.0,"max_hp_gain":0.0,"max_hp_loss":0.0,"gold_gain":0.0,"cards_transformed":["Strike_R"],"event_name":"Transmorgrifier","player_choice":"Transformed","floor":2.0,"gold_loss":0.0,"damage_taken":0.0,"cards_obtained":["Shockwave"]},{"damage_healed":0.0,"max_hp_gain":0.0,"max_hp_loss":0.0,"gold_gain":0.0,"event_name":"WeMeetAgain","player_choice":"Gave Potion","floor":20.0,"gold_loss":0.0,"damage_taken":0.0,"relics_obtained":["Omamori"]},{"damage_healed":0.0,"max_hp_gain":0.0,"max_hp_loss":0.0,"gold_gain":0.0,"event_name":"The Mausoleum","player_choice":"Opened","floor":24.0,"gold_loss":0.0,"damage_taken":0.0,"relics_obtained":["Smiling Mask"],"cards_obtained":["Writhe"]},{"damage_healed":0.0,"max_hp_gain":0.0,"max_hp_loss":0.0,"gold_gain":0.0,"event_name":"Back to Basics","player_choice":"Simplicity","floor":25.0,"gold_loss":0.0,"damage_taken":0.0,"cards_upgraded":["Strike_R","Strike_R","Defend_R","Defend_R","Defend_R","Defend_R"]},{"cards_removed":["Strike_R"],"damage_healed":0.0,"max_hp_gain":0.0,"max_hp_loss":0.0,"gold_gain":0.0,"event_name":"Beggar","player_choice":"Gave Gold","floor":27.0,"gold_loss":75.0,"damage_taken":0.0},{"damage_healed":0.0,"max_hp_gain":0.0,"max_hp_loss":0.0,"gold_gain":0.0,"event_name":"Ghosts","player_choice":"Ignored","floor":29.0,"gold_loss":0.0,"damage_taken":0.0}],"is_beta":false,"boss_relics":[{"not_picked":["Ectoplasm","Empty Cage"],"picked":"Philosopher\u0027s Stone"}],"items_purged_floors":[12],"is_endless":false,"potions_floor_spawned":[1,5,11,16,18,31],"killed_by":"Automaton","ascension_level":12}