{"gold_per_floor":[141,66,216,32,58,58,108,108,134,148,183,183,215,231,231,309,309,325,61,61,79,93,93,113,113,159,193,193,27,46,46,46,46],"floor_reached":33,"playtime":1917,"items_purged":["Doubt","Strike_G"],"score":542,"play_id":"bf9db958-0337-4be3-a5b2-3fe0e26867fe","local_time":"20190306230534","is_ascension_mode":true,"campfire_choices":[{"data":"Cloak And Dagger","floor":6.0,"key":"SMITH"},{"data":"Finisher","floor":8.0,"key":"SMITH"},{"floor":15.0,"key":"REST"},{"floor":23,"key":"REST"},{"floor":25,"key":"REST"},{"floor":28,"key":"REST"},{"data":"Cloak And Dagger","floor":32,"key":"SMITH"}],"neow_cost":"NONE","seed_source_timestamp":718647867880723,"circlet_count":0,"master_deck":["AscendersBane","Defend_G","Defend_G+1","Defend_G","Defend_G","Defend_G+1","Strike_G","Strike_G","Survivor","Neutralize","Flying Knee","Cloak And Dagger+1","Finisher+1","Dagger Throw","Footwork","Dash","Prepared","Envenom","Malaise","Cloak And Dagger+1"],"special_seed":0,"relics":["Ring of the Snake","Tiny Chest","Potion Belt","Smiling Mask","Centennial Puzzle","Happy Flower","Runic Dome","Snake Skull","Art of War","War Paint","Blood Vial"],"potions_floor_usage":[16,16,16,21,24,27,33],"damage_taken":[{"damage":0.0,"enemies":"2 Louse","floor":1.0,"turns":4.0},{"damage":0.0,"enemies":"Jaw Worm","floor":10.0,"turns":3.0},{"damage":17.0,"enemies":"3 Sentries","floor":11.0,"turns":9.0},{"damage":15.0,"enemies":"Lagavulin","floor":13.0,"turns":7.0},{"damage":0.0,"enemies":"Small Slimes","floor":14.0,"turns":3.0},{"damage":27,"enemies":"Slime Boss","floor":16,"turns":19},{"damage":5,"enemies":"3 Byrds","floor":18,"turns":6},{"damage":8,"enemies":"2 Thieves","floor":21,"turns":5},{"damage":32,"enemies":"Sentry and Sphere","floor":22,"turns":8},{"damage":9,"enemies":"Shelled Parasite and Fungi","floor":24,"turns":7},{"damage":29,"enemies":"Gremlin Leader","floor":27,"turns":6},{"damage":26,"enemies":"Cultist and Chosen","floor":30,"turns":6},{"damage":44,"enemies":"Automaton","floor":33,"turns":6}],"seed_played":"-4763728187032665011","potions_obtained":[{"floor":10.0,"key":"Ancient Potion"},{"floor":13.0,"key":"EntropicBrew"},{"floor":22,"key":"Swift Potion"},{"floor":27,"key":"Dexterity Potion"}],"is_trial":false,"path_per_floor":["M","?","?","$","T","R","?","R","T","M","E","?","E","M","R","B",null,"M","$","?","M","M","R","M","R","T","E","R","$","M","?","R","B"],"character_chosen":"THE_SILENT","items_purchased":["Cloak And Dagger","Finisher","Snake Skull","Block Potion","Blood Vial"],"campfire_rested":4,"item_purchase_floors":[4,4,19,19,29],"current_hp_per_floor":[59,59,59,59,59,59,53,53,53,53,36,29,14,14,33,6,51,46,46,46,38,6,25,16,35,35,6,25,25,1,14,14,0],"gold":46,"neow_bonus":"RANDOM_COMMON_RELIC","is_prod":false,"is_daily":false,"chose_seed":false,"campfire_upgraded":3,"win_rate":0,"timestamp":1551909934,"path_taken":["M","?","?","$","?","R","?","R","T","?","E","?","E","M","R","BOSS","M","$","?","M","M","R","M","R","T","E","R","$","?","?","R","BOSS"],"build_version":"2019-01-23","purchased_purges":2,"victory":false,"max_hp_per_floor":[66,66,66,66,66,66,66,66,66,66,66,66,66,66,66,66,66,66,66,66,66,66,66,66,66,66,66,66,66,66,66,66,66],"card_choices":[{"not_picked":["Acrobatics","Calculated Gamble"],"picked":"Flying Knee","floor":1.0},{"not_picked":["Concentrate","Poisoned Stab"],"picked":"Dagger Throw","floor":10.0},{"not_picked":["Flechettes","Predator"],"picked":"Footwork","floor":11.0},{"not_picked":["PiercingWail","Bane"],"picked":"Dash","floor":13.0},{"not_picked":["Outmaneuver","Bane"],"picked":"Prepared","floor":14.0},{"not_picked":["Bullet Time","Tools of the Trade"],"picked":"Envenom","floor":16},{"not_picked":["Tactician","Dagger Spray","Accuracy"],"picked":"SKIP","floor":18},{"not_picked":["PiercingWail","Outmaneuver","Deflect"],"picked":"SKIP","floor":21},{"not_picked":["Reflex","Bane","Crippling Poison"],"picked":"SKIP","floor":22},{"not_picked":["PiercingWail","Flying Knee","Dash"],"picked":"SKIP","floor":24},{"not_picked":["Deflect","Deadly Poison","All Out Attack"],"picked":"SKIP","floor":27},{"not_picked":["Caltrops","Dodge and Roll"],"picked":"Cloak And Dagger","floor":30}],"player_experience":1169212,"relics_obtained":[{"floor":5.0,"key":"Potion Belt"},{"floor":9.0,"key":"Smiling Mask"},{"floor":11.0,"key":"Centennial Puzzle"},{"floor":13.0,"key":"Happy Flower"},{"floor":26,"key":"Art of War"},{"floor":27,"key":"War Paint"}],"event_choices":[{"cards_removed":["Strike_G"],"damage_healed":0.0,"max_hp_gain":0.0,"max_hp_loss":0.0,"gold_gain":0.0,"event_name":"The Cleric","player_choice":"Card Removal","floor":2.0,"gold_loss":75.0,"damage_taken":0.0},{"damage_healed":0.0,"max_hp_gain":0.0,"max_hp_loss":0.0,"gold_gain":150.0,"event_name":"Liars Game","player_choice":"AGREE","floor":3.0,"gold_loss":0.0,"damage_taken":0.0,"cards_obtained":["Doubt"]},{"damage_healed":0.0,"max_hp_gain":0.0,"max_hp_loss":0.0,"gold_gain":50.0,"event_name":"FaceTrader","player_choice":"Touch","floor":7.0,"gold_loss":0.0,"damage_taken":6.0},{"cards_removed":["Strike_G"],"damage_healed":0.0,"max_hp_gain":0.0,"max_hp_loss":0.0,"gold_gain":0.0,"event_name":"Golden Wing","player_choice":"Card Removal","floor":12.0,"gold_loss":0.0,"damage_taken":7.0},{"damage_healed":0,"gold_gain":0,"player_choice":"1 cards matched","damage_taken":0,"max_hp_gain":0,"max_hp_loss":0,"event_name":"Match and Keep!","floor":20,"gold_loss":0,"cards_obtained":["Malaise"]},{"damage_healed":13,"gold_gain":0,"player_choice":"Heal","damage_taken":0,"max_hp_gain":0,"max_hp_loss":0,"event_name":"The Library","floor":31,"gold_loss":0}],"is_beta":false,"boss_relics":[{"not_picked":["Calling Bell","Orrery"],"picked":"Runic Dome"}],"items_purged_floors":[4,19],"is_endless":false,"potions_floor_spawned":[10,13,22,27],"killed_by":"Automaton","ascension_level":20}