{"gold_per_floor":[117,117,135,135,60,60,79,79,79,105,105,134,147,166,166,166],"floor_reached":16,"playtime":482,"items_purged":["Strike_B"],"score":190,"play_id":"bfcd0359-a56f-499e-b2ad-31dfde778768","local_time":"20181003201037","is_ascension_mode":true,"campfire_choices":[{"data":"Beam Cell","floor":6.0,"key":"SMITH"},{"data":"Scrape","floor":8.0,"key":"SMITH"},{"data":"Fission","floor":11.0,"key":"SMITH"},{"floor":15,"key":"REST"}],"neow_cost":"","seed_source_timestamp":422640068994758,"circlet_count":0,"master_deck":["Strike_B","Strike_B","Strike_B","Defend_B","Defend_B","Defend_B","Defend_B","Zap+1","Dualcast","AscendersBane","Scrape+1","Beam Cell+1","Steam","Fission+1","Melter"],"special_seed":0,"relics":["Cracked Core","FaceOfCleric","Bottled Lightning","Blue Candle","Calipers"],"potions_floor_usage":[],"damage_taken":[{"damage":0.0,"enemies":"Small Slimes","floor":1.0,"turns":3.0},{"damage":1.0,"enemies":"Cultist","floor":3.0,"turns":4.0},{"damage":1.0,"enemies":"2 Louse","floor":7.0,"turns":3.0},{"damage":19.0,"enemies":"3 Sentries","floor":10.0,"turns":5.0},{"damage":11.0,"enemies":"Gremlin Nob","floor":12.0,"turns":3.0},{"damage":21.0,"enemies":"Large Slime","floor":13.0,"turns":6.0},{"damage":14,"enemies":"Red Slaver","floor":14,"turns":2},{"damage":38,"enemies":"Hexaghost","floor":16,"turns":9}],"seed_played":"-197889628872617158","potions_obtained":[{"floor":1.0,"key":"AttackPotion"},{"floor":3.0,"key":"FairyPotion"}],"is_trial":false,"path_per_floor":["M","?","M","?","$","R","M","R","T","?","R","E","M","M","R"],"character_chosen":"DEFECT","items_purchased":[],"campfire_rested":1,"item_purchase_floors":[],"current_hp_per_floor":[64,64,64,64,64,64,64,64,64,46,46,36,16,3,26,0],"gold":166,"neow_bonus":"","is_prod":false,"is_daily":false,"chose_seed":false,"campfire_upgraded":3,"win_rate":0,"timestamp":1538590237,"path_taken":["M","?","?","?","?","R","M","R","T","?","R","E","?","M","R","BOSS"],"build_version":"2018-09-27","purchased_purges":1,"victory":false,"max_hp_per_floor":[71,71,72,72,72,72,73,73,73,74,74,75,76,77,77,77],"card_choices":[{"not_picked":["Barrage","Leap"],"picked":"Scrape","floor":1.0},{"not_picked":["Storm","Conserve Battery"],"picked":"Beam Cell","floor":3.0},{"not_picked":["Rebound","Barrage"],"picked":"Steam","floor":7.0},{"not_picked":["Barrage","Turbo"],"picked":"Fission","floor":10.0},{"not_picked":["Doom and Gloom","Gash","Hyperbeam"],"picked":"SKIP","floor":12.0},{"not_picked":["Darkness","Undo"],"picked":"Melter","floor":13.0},{"not_picked":["Conserve Battery","Rip and Tear","Capacitor"],"picked":"SKIP","floor":14}],"player_experience":805162,"relics_obtained":[{"floor":9.0,"key":"Bottled Lightning"},{"floor":10.0,"key":"Blue Candle"},{"floor":12.0,"key":"Calipers"}],"event_choices":[{"event_name":"FaceTrader","player_choice":"Trade","floor":2.0,"damage_taken":0.0},{"event_name":"Living Wall","player_choice":"Grow","floor":4.0,"damage_taken":0.0},{"event_name":"Dead Adventurer","player_choice":"Searched \u00272\u0027 times","floor":10.0,"damage_taken":0.0}],"is_beta":false,"boss_relics":[],"items_purged_floors":[5],"is_endless":false,"potions_floor_spawned":[1,3],"killed_by":"Hexaghost","ascension_level":18}