{"gold_per_floor":[115,115,134,84,50,50,70,97,97,116,136,136,212,235,235,235],"floor_reached":16,"playtime":446,"items_purged":[],"score":153,"play_id":"a46f38bf-9106-4526-bb31-59939e696af4","local_time":"20190208213707","is_ascension_mode":true,"campfire_choices":[{"data":"Searing Blow","floor":6.0,"key":"SMITH"},{"data":"Armaments","floor":15.0,"key":"SMITH"}],"neow_cost":"TEN_PERCENT_HP_LOSS","seed_source_timestamp":498843545201864,"circlet_count":0,"master_deck":["AscendersBane","Strike_R","Strike_R","Strike_R","Strike_R","Strike_R","Defend_R","Defend_R","Bash","Panacea","Purity","Rage","Perfected Strike","Searing Blow+1","Armaments+1","Rampage","Headbutt","Warcry+1"],"special_seed":0,"relics":["Burning Blood","Pantograph","Toxic Egg 2","Golden Idol","Ornamental Fan"],"potions_floor_usage":[],"damage_taken":[{"damage":10.0,"enemies":"Small Slimes","floor":1.0,"turns":4.0},{"damage":3.0,"enemies":"Cultist","floor":3.0,"turns":4.0},{"damage":6.0,"enemies":"Jaw Worm","floor":7.0,"turns":2.0},{"damage":45.0,"enemies":"Lagavulin","floor":8.0,"turns":7.0},{"damage":1.0,"enemies":"2 Fungi Beasts","floor":10.0,"turns":4.0},{"damage":17.0,"enemies":"Exordium Wildlife","floor":11.0,"turns":4.0},{"damage":7.0,"enemies":"Exordium Thugs","floor":14.0,"turns":3.0},{"damage":58,"enemies":"The Guardian","floor":16,"turns":6}],"seed_played":"-9018626079492569765","potions_obtained":[{"floor":3.0,"key":"BloodPotion"},{"floor":10.0,"key":"Energy Potion"},{"floor":11.0,"key":"SpeedPotion"},{"floor":14.0,"key":"Dexterity Potion"}],"is_trial":false,"path_per_floor":["M","?","M","?","$","R","M","E","T","M","M","?","T","M","R","B"],"character_chosen":"IRONCLAD","items_purchased":["Searing Blow"],"campfire_rested":0,"item_purchase_floors":[5],"current_hp_per_floor":[68,68,71,71,71,71,71,39,39,44,33,33,33,32,32,0],"gold":235,"neow_bonus":"RANDOM_COLORLESS_2","is_prod":false,"is_daily":false,"chose_seed":false,"campfire_upgraded":2,"win_rate":0,"timestamp":1549658227,"path_taken":["M","?","?","?","$","R","M","E","T","M","M","?","?","M","R","BOSS"],"build_version":"2019-01-23","purchased_purges":0,"victory":false,"max_hp_per_floor":[72,72,72,72,72,72,72,72,72,72,72,67,67,67,67,67],"card_choices":[{"not_picked":["Intimidate","Clash"],"picked":"Rage","floor":1.0},{"not_picked":["Shockwave","Evolve"],"picked":"Perfected Strike","floor":3.0},{"not_picked":["Hemokinesis","Sever Soul"],"picked":"Armaments","floor":7.0},{"not_picked":["Combust","Sever Soul","Anger"],"picked":"SKIP","floor":8.0},{"not_picked":["Warcry+1","Havoc+1"],"picked":"Rampage","floor":10.0},{"not_picked":["Hemokinesis","Twin Strike"],"picked":"Headbutt","floor":11.0},{"not_picked":["Sword Boomerang","Brutality"],"picked":"Warcry+1","floor":14.0}],"player_experience":1005665,"relics_obtained":[{"floor":8.0,"key":"Pantograph"},{"floor":9.0,"key":"Toxic Egg 2"},{"floor":13.0,"key":"Ornamental Fan"}],"event_choices":[{"cards_removed":["Defend_R"],"damage_healed":0.0,"max_hp_gain":0.0,"max_hp_loss":0.0,"gold_gain":0.0,"event_name":"Purifier","player_choice":"Purged","floor":2.0,"gold_loss":0.0,"damage_taken":0.0},{"cards_removed":["Defend_R"],"damage_healed":0.0,"max_hp_gain":0.0,"max_hp_loss":0.0,"gold_gain":0.0,"event_name":"The Cleric","player_choice":"Card Removal","floor":4.0,"gold_loss":50.0,"damage_taken":0.0},{"damage_healed":0.0,"max_hp_gain":0.0,"max_hp_loss":5.0,"gold_gain":0.0,"event_name":"Golden Idol","player_choice":"Lose Max HP","floor":12.0,"gold_loss":0.0,"damage_taken":0.0,"relics_obtained":["Golden Idol"]}],"is_beta":false,"boss_relics":[],"items_purged_floors":[],"is_endless":false,"potions_floor_spawned":[3,10,11,14],"killed_by":"The Guardian","ascension_level":10}