{"gold_per_floor":[115,115,115,129,142,142,199,199,225,225,252,283,293,313,313,388,388,405,405,161,181,181,181,215,229,229,241,271,296,307,337,337,414,414,432,432,432,448,498,517,517,545,545,562,581,591,591,37,37,37],"floor_reached":50,"playtime":2235,"items_purged":["Strike_R","Normality"],"score":1086,"play_id":"8ffc08b0-290e-4a2c-b102-1e0ef3e9bbe7","local_time":"20190122015742","is_ascension_mode":true,"campfire_choices":[{"data":"Reckless Charge","floor":6.0,"key":"SMITH"},{"floor":8.0,"key":"DIG"},{"floor":10.0,"key":"REST"},{"data":"Dark Embrace","floor":15.0,"key":"SMITH"},{"data":"Fiend Fire","floor":23.0,"key":"SMITH"},{"data":"Feel No Pain","floor":32.0,"key":"SMITH"},{"floor":41.0,"key":"DIG"},{"floor":47.0,"key":"RECALL"},{"floor":49.0,"key":"REST"}],"neow_cost":"PERCENT_DAMAGE","seed_source_timestamp":1059576813908741,"circlet_count":0,"master_deck":["AscendersBane","Strike_R","Strike_R","Strike_R","Strike_R+1","Defend_R","Defend_R","Defend_R","Bash","Iron Wave+1","Reckless Charge+1","Wild Strike","Clothesline","Dark Embrace+1","Fiend Fire+1","Corruption","True Grit","Seeing Red","Infernal Blade","Shrug It Off","Immolate","Feel No Pain+1","Impervious","Infernal Blade+1","Regret","Warcry","Shrug It Off"],"special_seed":0,"relics":["Burning Blood","Shovel","Orichalcum","Pocketwatch","Vajra","Regal Pillow","Odd Mushroom","Omamori","Cursed Key","Bag of Marbles","PreservedInsect","Mercury Hourglass","Pantograph","Red Mask","Boot","Darkstone Periapt","White Beast Statue","Turnip","Smiling Mask","Nunchaku","Bottled Lightning","Red Skull","Gremlin Horn"],"potions_floor_usage":[50],"damage_taken":[{"damage":1.0,"enemies":"Cultist","floor":1.0,"turns":4.0},{"damage":0.0,"enemies":"Small Slimes","floor":4.0,"turns":4.0},{"damage":0.0,"enemies":"2 Louse","floor":5.0,"turns":3.0},{"damage":21.0,"enemies":"Lagavulin Event","floor":7.0,"turns":5.0},{"damage":9.0,"enemies":"The Mushroom Lair","floor":11.0,"turns":3.0},{"damage":15.0,"enemies":"Gremlin Nob","floor":12.0,"turns":4.0},{"damage":0.0,"enemies":"2 Fungi Beasts","floor":13.0,"turns":2.0},{"damage":0.0,"enemies":"Large Slime","floor":14.0,"turns":4.0},{"damage":40.0,"enemies":"Hexaghost","floor":16.0,"turns":8.0},{"damage":5.0,"enemies":"2 Thieves","floor":18.0,"turns":3.0},{"damage":9.0,"enemies":"3 Byrds","floor":21.0,"turns":4.0},{"damage":13.0,"enemies":"Slavers","floor":24.0,"turns":4.0},{"damage":3.0,"enemies":"Centurion and Healer","floor":25.0,"turns":5.0},{"damage":6.0,"enemies":"3 Cultists","floor":27.0,"turns":3.0},{"damage":0.0,"enemies":"Masked Bandits","floor":28.0,"turns":1.0},{"damage":13.0,"enemies":"Book of Stabbing","floor":29.0,"turns":4.0},{"damage":5.0,"enemies":"Shelled Parasite and Fungi","floor":30.0,"turns":3.0},{"damage":0.0,"enemies":"Gremlin Leader","floor":31.0,"turns":3.0},{"damage":87.0,"enemies":"Automaton","floor":33.0,"turns":11.0},{"damage":6.0,"enemies":"3 Shapes","floor":35.0,"turns":3.0},{"damage":2.0,"enemies":"Orb Walker","floor":38.0,"turns":3.0},{"damage":46.0,"enemies":"2 Orb Walkers","floor":39.0,"turns":6.0},{"damage":3.0,"enemies":"Nemesis","floor":40.0,"turns":3.0},{"damage":23.0,"enemies":"Reptomancer","floor":42.0,"turns":5.0},{"damage":5.0,"enemies":"4 Shapes","floor":44.0,"turns":5.0},{"damage":10.0,"enemies":"Jaw Worm Horde","floor":45.0,"turns":3.0},{"damage":17.0,"enemies":"Writhing Mass","floor":46.0,"turns":7.0},{"damage":87,"enemies":"Awakened One","floor":50,"turns":6}],"seed_played":"8309122813888440141","potions_obtained":[{"floor":4.0,"key":"Swift Potion"},{"floor":5.0,"key":"EssenceOfSteel"},{"floor":14.0,"key":"FearPotion"},{"floor":16.0,"key":"FearPotion"},{"floor":21.0,"key":"Regen Potion"},{"floor":24.0,"key":"BloodPotion"},{"floor":25.0,"key":"Dexterity Potion"},{"floor":33.0,"key":"Block Potion"},{"floor":35.0,"key":"FearPotion"},{"floor":39.0,"key":"SteroidPotion"},{"floor":42.0,"key":"PowerPotion"},{"floor":46.0,"key":"SteroidPotion"}],"is_trial":false,"path_per_floor":["M","?","?","M","M","R","?","R","T","R","?","E","M","M","R","B",null,"M","?","$","M","?","R","E","M","T","M","?","E","M","E","R","B",null,"M","?","?","M","?","E","R","E","T","M","M","M","R","$","R","B"],"character_chosen":"IRONCLAD","items_purchased":["Bag of Marbles","Red Skull","Gremlin Horn","Shrug It Off"],"campfire_rested":2,"item_purchase_floors":[20,48,48,48],"current_hp_per_floor":[55,44,21,27,33,33,18,18,18,55,52,43,49,55,55,21,62,63,63,63,60,60,60,53,63,63,63,69,62,63,69,69,9,59,59,74,74,75,41,44,44,27,33,34,30,19,19,19,60,0],"gold":37,"neow_bonus":"ONE_RARE_RELIC","is_prod":false,"is_daily":false,"chose_seed":false,"campfire_upgraded":4,"win_rate":0,"timestamp":1548118662,"path_taken":["M","?","?","M","M","R","?","R","T","R","?","E","M","M","R","BOSS","M","?","$","M","?","R","E","?","T","M","?","E","M","E","R","BOSS","M","?","?","M","?","E","R","E","T","M","M","?","R","$","R","BOSS"],"build_version":"2019-01-17v2","purchased_purges":2,"victory":false,"max_hp_per_floor":[75,75,75,75,75,75,75,75,75,75,75,75,75,75,75,75,75,75,75,75,75,75,75,75,75,75,75,75,75,75,75,75,75,75,75,75,75,75,81,81,81,81,87,87,87,87,87,87,87,87],"card_choices":[{"not_picked":["Second Wind","Entrench"],"picked":"Iron Wave","floor":1.0},{"not_picked":["Hemokinesis","Anger"],"picked":"Reckless Charge","floor":4.0},{"not_picked":["Anger","Rupture","Clash"],"picked":"SKIP","floor":5.0},{"not_picked":["Anger","Body Slam"],"picked":"Wild Strike","floor":7.0},{"not_picked":["Iron Wave","Rupture"],"picked":"Flex","floor":11.0},{"not_picked":["Second Wind","Burning Pact","Twin Strike"],"picked":"SKIP","floor":12.0},{"not_picked":["Anger","Havoc"],"picked":"Clothesline","floor":13.0},{"not_picked":["Battle Trance","Perfected Strike"],"picked":"Dark Embrace","floor":14.0},{"not_picked":["Exhume","Limit Break"],"picked":"Fiend Fire","floor":16.0},{"not_picked":["Reckless Charge","Armaments"],"picked":"Corruption","floor":18.0},{"not_picked":["Sentinel","Body Slam"],"picked":"Seeing Red","floor":21.0},{"not_picked":["Entrench","Combust"],"picked":"Infernal Blade","floor":24.0},{"not_picked":["Clothesline","Pommel Strike"],"picked":"Shrug It Off","floor":25.0},{"not_picked":["Armaments","Clothesline"],"picked":"Immolate","floor":27.0},{"not_picked":["Flex","Havoc","Clothesline"],"picked":"SKIP","floor":29.0},{"not_picked":["Combust","Body Slam","Twin Strike"],"picked":"SKIP","floor":30.0},{"not_picked":["Twin Strike+1","Thunderclap"],"picked":"Feel No Pain","floor":31.0},{"not_picked":["Brutality","Offering"],"picked":"Impervious","floor":33.0},{"not_picked":["Pommel Strike+1","Havoc","Twin Strike"],"picked":"SKIP","floor":35.0},{"not_picked":["Shockwave","Heavy Blade"],"picked":"Infernal Blade+1","floor":38.0},{"not_picked":["Cleave","Immolate"],"picked":"Warcry","floor":40.0},{"not_picked":["Blood for Blood+1","Searing Blow","Hemokinesis"],"picked":"SKIP","floor":42.0},{"not_picked":["Clothesline","Sword Boomerang","Shockwave"],"picked":"SKIP","floor":44.0},{"not_picked":["Cleave+1","Headbutt","Twin Strike+1"],"picked":"SKIP","floor":45.0},{"not_picked":["Sword Boomerang","Pommel Strike+1","Flex"],"picked":"SKIP","floor":46.0}],"player_experience":917957,"relics_obtained":[{"floor":8.0,"key":"Vajra"},{"floor":9.0,"key":"Regal Pillow"},{"floor":11.0,"key":"Odd Mushroom"},{"floor":12.0,"key":"Omamori"},{"floor":24.0,"key":"Mercury Hourglass"},{"floor":26.0,"key":"Pantograph"},{"floor":28.0,"key":"Red Mask"},{"floor":29.0,"key":"Boot"},{"floor":31.0,"key":"Darkstone Periapt"},{"floor":39.0,"key":"Turnip"},{"floor":41.0,"key":"Smiling Mask"},{"floor":42.0,"key":"Nunchaku"},{"floor":43.0,"key":"Bottled Lightning"}],"event_choices":[{"damage_healed":0.0,"max_hp_gain":0.0,"max_hp_loss":0.0,"gold_gain":0.0,"event_name":"Scrap Ooze","player_choice":"Success","floor":2.0,"gold_loss":0.0,"damage_taken":11.0,"relics_obtained":["Orichalcum"]},{"damage_healed":0.0,"max_hp_gain":0.0,"max_hp_loss":0.0,"gold_gain":0.0,"event_name":"Shining Light","player_choice":"Entered Light","floor":3.0,"gold_loss":0.0,"damage_taken":23.0,"cards_upgraded":["Iron Wave","Strike_R"]},{"damage_healed":0.0,"max_hp_gain":0.0,"max_hp_loss":0.0,"gold_gain":0.0,"event_name":"Dead Adventurer","player_choice":"Searched \u00272\u0027 times","floor":7.0,"gold_loss":0.0,"damage_taken":0.0,"relics_obtained":["Pocketwatch"]},{"damage_healed":0.0,"max_hp_gain":0.0,"max_hp_loss":0.0,"gold_gain":0.0,"event_name":"Mushrooms","player_choice":"Fought Mushrooms","floor":11.0,"gold_loss":0.0,"damage_taken":0.0},{"damage_healed":0.0,"max_hp_gain":0.0,"max_hp_loss":0.0,"gold_gain":0.0,"event_name":"The Library","player_choice":"Read","floor":19.0,"gold_loss":0.0,"damage_taken":0.0,"cards_obtained":["True Grit"]},{"cards_removed":["Flex"],"damage_healed":0.0,"max_hp_gain":0.0,"max_hp_loss":0.0,"gold_gain":0.0,"event_name":"WeMeetAgain","player_choice":"Gave Card","floor":22.0,"gold_loss":0.0,"damage_taken":0.0,"relics_obtained":["PreservedInsect"]},{"damage_healed":0.0,"max_hp_gain":0.0,"max_hp_loss":0.0,"gold_gain":0.0,"event_name":"Masked Bandits","player_choice":"Fought Bandits","floor":28.0,"gold_loss":0.0,"damage_taken":0.0},{"damage_healed":15.0,"max_hp_gain":0.0,"max_hp_loss":0.0,"gold_gain":0.0,"event_name":"Winding Halls","player_choice":"Writhe","floor":36.0,"gold_loss":0.0,"damage_taken":0.0,"cards_obtained":["Writhe"]},{"cards_removed":["Defend_R"],"damage_healed":0.0,"max_hp_gain":0.0,"max_hp_loss":0.0,"gold_gain":0.0,"event_name":"Falling","player_choice":"Removed Skill","floor":37.0,"gold_loss":0.0,"damage_taken":0.0},{"damage_healed":0.0,"max_hp_gain":0.0,"max_hp_loss":0.0,"gold_gain":0.0,"event_name":"Mysterious Sphere","player_choice":"Fight","floor":39.0,"gold_loss":0.0,"damage_taken":0.0}],"is_beta":false,"boss_relics":[{"not_picked":["Snecko Eye","Pandora\u0027s Box"],"picked":"Cursed Key"},{"not_picked":["Philosopher\u0027s Stone","Lizard Tail"],"picked":"White Beast Statue"}],"items_purged_floors":[20,48],"is_endless":false,"potions_floor_spawned":[4,5,14,16,21,24,25,29,33,35,38,39,42,44,45,46],"killed_by":"Awakened One","ascension_level":19}