{"gold_per_floor":[115,133,208,208,208,234,234,269,348,348,378,391,391,403,403,503,503,514,474,474,77,0,0,11,11,11,25,37,37,37,50,50,148,148,164,164,117,117,217,244,259,277,304,304,338,338,338,338,338,338],"floor_reached":50,"playtime":5593,"items_purged":[],"score":620,"play_id":"5e14c23f-a1b7-4d3e-a89c-193379a3be78","local_time":"20190224203311","is_ascension_mode":true,"campfire_choices":[{"data":"Twin Strike","floor":7.0,"key":"SMITH"},{"floor":10.0,"key":"REST"},{"floor":13.0,"key":"REST"},{"data":"Heavy Blade","floor":15.0,"key":"SMITH"},{"floor":23.0,"key":"REST"},{"data":"Warcry","floor":25.0,"key":"SMITH"},{"floor":29.0,"key":"REST"},{"floor":32.0,"key":"REST"},{"floor":44.0,"key":"REST"},{"data":"1","floor":46,"key":"LIFT"},{"floor":49,"key":"REST"}],"neow_cost":"NONE","seed_source_timestamp":0,"circlet_count":0,"master_deck":["Strike_R","Strike_R","Strike_R","Strike_R","Defend_R+1","Defend_R","Defend_R","Defend_R","Bash","Spot Weakness","Heavy Blade+1","Twin Strike+1","Warcry+1","Shockwave","Whirlwind+1","Limit Break","Reaper","Flex","Inflame","Anger","Headbutt","Armaments+1","Offering","Warcry","Madness","Madness","Heavy Blade","Dropkick","Warcry+1","Whirlwind+1"],"special_seed":0,"relics":["Burning Blood","NeowsBlessing","Oddly Smooth Stone","Dead Branch","Juzu Bracelet","Paper Frog","Bottled Lightning","Lizard Tail","Nunchaku","Ornamental Fan","Fusion Hammer","Champion Belt","Girya","Centennial Puzzle","Question Card"],"potions_floor_usage":[],"damage_taken":[{"damage":0.0,"enemies":"Small Slimes","floor":1.0,"turns":1.0},{"damage":0.0,"enemies":"Jaw Worm","floor":2.0,"turns":1.0},{"damage":0.0,"enemies":"3 Sentries","floor":6.0,"turns":2.0},{"damage":26.0,"enemies":"Gremlin Nob","floor":8.0,"turns":4.0},{"damage":27.0,"enemies":"3 Sentries","floor":11.0,"turns":7.0},{"damage":13.0,"enemies":"2 Louse","floor":12.0,"turns":2.0},{"damage":15.0,"enemies":"Lots of Slimes","floor":14.0,"turns":4.0},{"damage":63.0,"enemies":"Slime Boss","floor":16.0,"turns":11.0},{"damage":48.0,"enemies":"Spheric Guardian","floor":18.0,"turns":7.0},{"damage":6.0,"enemies":"Chosen","floor":24.0,"turns":4.0},{"damage":58.0,"enemies":"Sentry and Sphere","floor":27.0,"turns":7.0},{"damage":21.0,"enemies":"Snake Plant","floor":28.0,"turns":3.0},{"damage":25.0,"enemies":"Shelled Parasite and Fungi","floor":31.0,"turns":4.0},{"damage":86.0,"enemies":"Collector","floor":33.0,"turns":9.0},{"damage":20.0,"enemies":"3 Darklings","floor":35.0,"turns":4.0},{"damage":10.0,"enemies":"Mind Bloom Boss Battle","floor":39.0,"turns":7.0},{"damage":51.0,"enemies":"Giant Head","floor":40.0,"turns":7.0},{"damage":21.0,"enemies":"3 Shapes","floor":41.0,"turns":3.0},{"damage":32.0,"enemies":"Transient","floor":42.0,"turns":5.0},{"damage":44,"enemies":"Nemesis","floor":45,"turns":5},{"damage":119,"enemies":"Donu and Deca","floor":50,"turns":6}],"seed_played":"-3967098224871444156","potions_obtained":[{"floor":1.0,"key":"Swift Potion"},{"floor":12.0,"key":"FairyPotion"},{"floor":16.0,"key":"Ancient Potion"},{"floor":18.0,"key":"Fire Potion"},{"floor":28.0,"key":"Strength Potion"},{"floor":35.0,"key":"Poison Potion"}],"is_trial":false,"path_per_floor":["M","M","?","?","?","E","R","E","T","R","E","M","R","M","R","B",null,"M","?","?","$","$","R","M","R","T","M","M","R","?","M","R","B",null,"M","?","$","?","?","E","M","M","T","R","E","R","?","?","R","B"],"character_chosen":"IRONCLAD","items_purchased":["Nunchaku","Flex","Inflame","Regen Potion","Warcry"],"campfire_rested":7,"item_purchase_floors":[21,21,21,22,37],"current_hp_per_floor":[80,80,69,62,62,68,68,48,48,72,51,44,68,59,59,14,80,38,38,38,38,38,62,71,71,71,19,46,70,70,51,75,17,80,80,80,80,70,76,31,64,38,38,62,59,59,59,59,80,0],"gold":338,"neow_bonus":"THREE_ENEMY_KILL","is_prod":false,"is_daily":false,"chose_seed":false,"campfire_upgraded":3,"win_rate":0,"timestamp":1551040391,"path_taken":["M","M","?","?","?","E","R","E","T","R","E","M","R","M","R","BOSS","M","?","?","?","$","R","M","R","T","M","M","R","?","M","R","BOSS","M","?","$","?","?","E","M","M","T","R","E","R","?","?","R","BOSS"],"build_version":"2019-01-23","purchased_purges":0,"victory":false,"max_hp_per_floor":[80,80,80,80,80,80,80,80,80,80,80,80,80,80,80,80,80,80,80,80,80,80,80,80,80,80,80,80,80,80,80,80,80,80,80,80,80,80,80,80,80,80,80,80,80,80,80,80,80,80],"card_choices":[{"not_picked":["Hemokinesis","Wild Strike"],"picked":"Spot Weakness","floor":1.0},{"not_picked":["Thunderclap","Perfected Strike"],"picked":"Heavy Blade","floor":2.0},{"not_picked":["Cleave","Entrench"],"picked":"Twin Strike","floor":6.0},{"not_picked":["Metallicize","Infernal Blade"],"picked":"Warcry","floor":8.0},{"not_picked":["Cleave","Dark Embrace"],"picked":"Shockwave","floor":11.0},{"not_picked":["Wild Strike","Clothesline"],"picked":"Iron Wave","floor":12.0},{"not_picked":["Perfected Strike","Flame Barrier"],"picked":"Whirlwind","floor":14.0},{"not_picked":["Bludgeon","Immolate"],"picked":"Limit Break","floor":16.0},{"not_picked":["Sword Boomerang","Corruption+1","Uppercut"],"picked":"SKIP","floor":18.0},{"not_picked":["Warcry","Thunderclap+1"],"picked":"Anger","floor":24.0},{"not_picked":["Warcry","Pommel Strike","Havoc+1"],"picked":"SKIP","floor":27.0},{"not_picked":["Wild Strike","Clash"],"picked":"Headbutt","floor":28.0},{"not_picked":["Entrench","Sentinel+1"],"picked":"Armaments+1","floor":31.0},{"not_picked":["Immolate","Barricade"],"picked":"Offering","floor":33.0},{"not_picked":["Body Slam+1","Perfected Strike+1","Burning Pact+1"],"picked":"SKIP","floor":35.0},{"not_picked":["Uppercut+1","Fire Breathing"],"picked":"Heavy Blade","floor":39.0},{"not_picked":["Ghostly Armor","Sword Boomerang","Clothesline+1"],"picked":"SKIP","floor":40.0},{"not_picked":["Clothesline+1","Seeing Red"],"picked":"Dropkick","floor":41.0},{"not_picked":["Armaments","Battle Trance"],"picked":"Warcry+1","floor":42.0},{"not_picked":["Exhume","Carnage"],"picked":"Whirlwind+1","floor":45}],"player_experience":153292,"relics_obtained":[{"floor":6.0,"key":"Dead Branch"},{"floor":8.0,"key":"Juzu Bracelet"},{"floor":9.0,"key":"Paper Frog"},{"floor":11.0,"key":"Bottled Lightning"},{"floor":26.0,"key":"Ornamental Fan"},{"floor":39.0,"key":"Champion Belt"},{"floor":40.0,"key":"Girya"},{"floor":43.0,"key":"Centennial Puzzle"},{"floor":45,"key":"Question Card"}],"event_choices":[{"damage_healed":0.0,"max_hp_gain":0.0,"max_hp_loss":0.0,"gold_gain":75.0,"event_name":"World of Goop","player_choice":"Gather Gold","floor":3.0,"gold_loss":0.0,"damage_taken":11.0},{"damage_healed":0.0,"max_hp_gain":0.0,"max_hp_loss":0.0,"gold_gain":0.0,"event_name":"Scrap Ooze","player_choice":"Success","floor":4.0,"gold_loss":0.0,"damage_taken":7.0,"relics_obtained":["Oddly Smooth Stone"]},{"damage_healed":0.0,"max_hp_gain":0.0,"max_hp_loss":0.0,"gold_gain":0.0,"event_name":"Shining Light","player_choice":"Ignored","floor":5.0,"gold_loss":0.0,"damage_taken":0.0},{"damage_healed":0.0,"max_hp_gain":0.0,"max_hp_loss":0.0,"gold_gain":0.0,"event_name":"Designer","player_choice":"Upgraded Two","floor":19.0,"gold_loss":40.0,"damage_taken":0.0,"cards_upgraded":["Whirlwind","Defend_R"]},{"damage_healed":0.0,"max_hp_gain":0.0,"max_hp_loss":0.0,"gold_gain":0.0,"cards_transformed":["Strike_R"],"event_name":"Transmorgrifier","player_choice":"Transformed","floor":20.0,"gold_loss":0.0,"damage_taken":0.0,"cards_obtained":["Reaper"]},{"damage_healed":0.0,"max_hp_gain":0.0,"max_hp_loss":0.0,"gold_gain":0.0,"event_name":"Ghosts","player_choice":"Ignored","floor":30.0,"gold_loss":0.0,"damage_taken":0.0},{"cards_removed":["Iron Wave"],"damage_healed":0.0,"max_hp_gain":0.0,"max_hp_loss":0.0,"gold_gain":0.0,"event_name":"Falling","player_choice":"Removed Attack","floor":36.0,"gold_loss":0.0,"damage_taken":0.0},{"damage_healed":0.0,"max_hp_gain":0.0,"max_hp_loss":0.0,"gold_gain":0.0,"event_name":"Winding Halls","player_choice":"Embrace Madness","floor":38.0,"gold_loss":0.0,"damage_taken":10.0,"cards_obtained":["Madness","Madness"]},{"damage_healed":0.0,"max_hp_gain":0.0,"max_hp_loss":0.0,"gold_gain":0.0,"event_name":"MindBloom","player_choice":"Fight","floor":39.0,"gold_loss":0.0,"damage_taken":0.0},{"damage_healed":0,"gold_gain":0,"player_choice":"Ignored","damage_taken":0,"max_hp_gain":0,"max_hp_loss":0,"event_name":"Mysterious Sphere","floor":47,"gold_loss":0},{"damage_healed":0,"gold_gain":0,"player_choice":"Ignored","damage_taken":0,"max_hp_gain":0,"max_hp_loss":0,"event_name":"Golden Shrine","floor":48,"gold_loss":0}],"is_beta":false,"boss_relics":[{"not_picked":["Coffee Dripper","Orrery"],"picked":"Lizard Tail"},{"not_picked":["Tiny House","Empty Cage"],"picked":"Fusion Hammer"}],"items_purged_floors":[],"is_endless":false,"potions_floor_spawned":[1,12,16,18,28,35],"killed_by":"Donu and Deca","ascension_level":2}