{"gold_per_floor":[112,112,112,112,128,128,147,178,205,205,226,226,241,256,256,256],"floor_reached":16,"playtime":574,"items_purged":[],"score":107,"play_id":"ce915e2d-c898-4274-9706-5da0b05984fd","local_time":"20180718194842","is_ascension_mode":true,"campfire_choices":[{"data":"Bash","floor":6,"key":"SMITH"},{"floor":10,"key":"REST"},{"floor":12,"key":"REST"},{"floor":15,"key":"REST"}],"neow_cost":"","seed_source_timestamp":24061248503671,"circlet_count":0,"master_deck":["Strike_R","Strike_R","Strike_R","Strike_R","Defend_R","Defend_R","Defend_R","Defend_R","Bash+1","Regret","Dropkick"],"relics":["Burning Blood","Golden Idol","Vajra","Omamori","Bag of Preparation"],"potions_floor_usage":[11,16,16],"damage_taken":[{"damage":0,"enemies":"2 Louse","floor":1,"turns":4},{"damage":7,"enemies":"Small Slimes","floor":5,"turns":3},{"damage":18,"enemies":"Jaw Worm","floor":7,"turns":4},{"damage":30,"enemies":"Gremlin Nob","floor":8,"turns":4},{"damage":12,"enemies":"Exordium Thugs","floor":11,"turns":4},{"damage":16,"enemies":"Blue Slaver","floor":13,"turns":3},{"damage":18,"enemies":"2 Fungi Beasts","floor":14,"turns":4},{"damage":71,"enemies":"The Guardian","floor":16,"turns":9}],"seed_played":"6311739074773187351","potions_obtained":[{"floor":7,"key":"Strength Potion"},{"floor":8,"key":"Explosive Potion"},{"floor":14,"key":"Fire Potion"}],"is_trial":false,"path_per_floor":["M","?","?","?","M","R","M","E","T","R","M","R","M","M","R"],"character_chosen":"IRONCLAD","items_purchased":[],"campfire_rested":3,"item_purchase_floors":[],"current_hp_per_floor":[80,60,60,60,59,59,47,23,23,47,41,65,55,43,67,0],"gold":256,"neow_bonus":"","is_prod":false,"is_daily":false,"chose_seed":false,"campfire_upgraded":1,"win_rate":0,"timestamp":1531957722,"path_taken":["M","?","?","?","M","R","M","E","T","R","M","R","M","?","R","BOSS"],"build_version":"2018-07-12","purchased_purges":0,"victory":false,"max_hp_per_floor":[80,80,80,80,80,80,80,80,80,80,80,80,80,80,80,80],"card_choices":[{"not_picked":["Havoc","Heavy Blade","Clash"],"picked":"SKIP","floor":1},{"not_picked":["True Grit","Blood for Blood","Rage"],"picked":"SKIP","floor":5},{"not_picked":["Thunderclap","Entrench"],"picked":"Dropkick","floor":7},{"not_picked":["Pummel","Sword Boomerang","Searing Blow"],"picked":"SKIP","floor":8},{"not_picked":["Cleave","Evolve","Perfected Strike"],"picked":"SKIP","floor":11},{"not_picked":["Armaments","Headbutt","Pommel Strike"],"picked":"SKIP","floor":13},{"not_picked":["Clothesline","Flex","Thunderclap"],"picked":"SKIP","floor":14}],"player_experience":118492,"relics_obtained":[{"floor":8,"key":"Omamori"},{"floor":9,"key":"Bag of Preparation"}],"event_choices":[{"event_name":"Golden Idol","player_choice":"Take Damage","floor":2,"damage_taken":0},{"event_name":"Bonfire Elementals","player_choice":"BASIC","floor":3,"damage_taken":0},{"event_name":"Big Fish","player_choice":"Box","floor":4,"damage_taken":0}],"boss_relics":[],"items_purged_floors":[],"is_endless":false,"potions_floor_spawned":[7,8,14],"killed_by":"The Guardian","ascension_level":1}