{"gold_per_floor":[119,119,119,119,133,133,133,158,185,185,201,231,243,280,292,377,389,412,439,451,463,13,43,43,72,98,118,118,118,128,147,147,219,219,231,89,101,112,145,145,180,180,180,194,194,223,242,5,5,5],"floor_reached":51,"playtime":2328,"items_purged":["Catalyst","Strike_G+1","Strike_G+1"],"score":1495,"play_id":"166290df-2931-42f1-bd98-c29c0e559ebc","local_time":"20181023175118","is_ascension_mode":true,"campfire_choices":[{"data":"Neutralize","floor":6.0,"key":"SMITH"},{"data":"All Out Attack","floor":10.0,"key":"SMITH"},{"data":"Dash","floor":15.0,"key":"SMITH"},{"data":"Wraith Form v2","floor":24.0,"key":"SMITH"},{"data":"Footwork","floor":29.0,"key":"SMITH"},{"data":"Noxious Fumes","floor":32.0,"key":"SMITH"},{"floor":40.0,"key":"REST"},{"floor":42.0,"key":"REST"},{"floor":49,"key":"REST"}],"neow_cost":"TEN_PERCENT_HP_LOSS","seed_source_timestamp":0,"circlet_count":0,"master_deck":["Defend_G+1","Defend_G+1","Defend_G+1","Defend_G+1","Defend_G+1","Strike_G+1","Strike_G+1","Strike_G+1","Survivor+1","Neutralize+1","AscendersBane","Terror+1","Footwork+1","Dash+1","All Out Attack+1","Wraith Form v2+1","Noxious Fumes+1","Escape Plan+1","Ghostly+1","Ghostly+1","Ghostly+1","Ghostly+1","Ghostly+1","Noxious Fumes+1","Venomology+1","Bouncing Flask+1","Bane+1","A Thousand Cuts+1","Crippling Poison+1"],"special_seed":0,"relics":["Ring of the Snake","Mango","Tough Bandages","Pen Nib","MawBank","War Paint","Eternal Feather","PreservedInsect","Toolbox","Pantograph","Oddly Smooth Stone","Potion Belt","Fusion Hammer","Juzu Bracelet","Mercury Hourglass","Mark of the Bloom","Thread and Needle"],"potions_floor_usage":[47,50,50,50,50],"damage_taken":[{"damage":2.0,"enemies":"Jaw Worm","floor":1.0,"turns":4.0},{"damage":0.0,"enemies":"2 Louse","floor":5.0,"turns":3.0},{"damage":0.0,"enemies":"Lagavulin","floor":8.0,"turns":7.0},{"damage":0.0,"enemies":"Small Slimes","floor":11.0,"turns":3.0},{"damage":15.0,"enemies":"Gremlin Nob","floor":12.0,"turns":4.0},{"damage":12.0,"enemies":"Slime Boss","floor":16.0,"turns":8.0},{"damage":11.0,"enemies":"3 Byrds","floor":18.0,"turns":6.0},{"damage":9.0,"enemies":"2 Thieves","floor":19.0,"turns":4.0},{"damage":7.0,"enemies":"Slavers","floor":23.0,"turns":3.0},{"damage":2.0,"enemies":"Gremlin Leader","floor":25.0,"turns":4.0},{"damage":0.0,"enemies":"Snecko","floor":27.0,"turns":4.0},{"damage":2.0,"enemies":"Centurion and Healer","floor":30.0,"turns":11.0},{"damage":9.0,"enemies":"3 Cultists","floor":31.0,"turns":7.0},{"damage":31.0,"enemies":"Collector","floor":33.0,"turns":11.0},{"damage":1.0,"enemies":"3 Shapes","floor":35.0,"turns":5.0},{"damage":3.0,"enemies":"3 Darklings","floor":37.0,"turns":5.0},{"damage":19.0,"enemies":"Writhing Mass","floor":38.0,"turns":7.0},{"damage":2.0,"enemies":"Sphere and 2 Shapes","floor":39.0,"turns":6.0},{"damage":1.0,"enemies":"Reptomancer","floor":41.0,"turns":6.0},{"damage":2.0,"enemies":"Spire Growth","floor":44.0,"turns":7.0},{"damage":12.0,"enemies":"Giant Head","floor":46.0,"turns":7.0},{"damage":5,"enemies":"Transient","floor":47,"turns":6},{"damage":15,"enemies":"Donu and Deca","floor":50,"turns":9}],"seed_played":"-8887283259827477651","potions_obtained":[{"floor":5.0,"key":"Weak Potion"},{"floor":11.0,"key":"FearPotion"},{"floor":12.0,"key":"SneckoOil"},{"floor":16.0,"key":"Dexterity Potion"},{"floor":19.0,"key":"GhostInAJar"},{"floor":37.0,"key":"AttackPotion"},{"floor":38.0,"key":"Strength Potion"}],"is_trial":false,"path_per_floor":["M","?","?","?","M","R","?","E","T","R","M","E","?","T","R","B",null,"M","M","?","?","$","E","R","E","T","M","?","R","M","M","R","B",null,"M","$","M","M","M","R","E","R","T","M","?","E","M","$","R","B"],"character_chosen":"THE_SILENT","items_purchased":["PreservedInsect","Toolbox","Bouncing Flask","AttackPotion","PowerPotion"],"campfire_rested":3,"item_purchase_floors":[22,22,36,48,48],"current_hp_per_floor":[71,49,49,54,54,54,54,54,54,54,54,39,39,39,39,27,66,55,46,46,46,46,39,48,46,46,46,39,39,37,28,39,8,31,30,30,27,22,20,39,38,39,39,37,37,25,20,20,20,5],"gold":5,"neow_bonus":"ONE_RARE_RELIC","is_prod":false,"is_daily":false,"chose_seed":false,"campfire_upgraded":6,"win_rate":0,"timestamp":1540309878,"path_taken":["M","?","?","?","?","R","?","E","T","R","M","E","?","?","R","BOSS","M","M","?","?","$","E","R","E","T","?","?","R","M","M","R","BOSS","M","$","M","?","M","R","E","R","T","M","?","E","M","$","R","BOSS"],"build_version":"2018-10-18","purchased_purges":3,"victory":true,"max_hp_per_floor":[74,74,74,79,79,79,79,79,79,79,79,79,79,79,79,79,79,79,79,79,79,79,79,79,79,79,79,39,39,39,39,39,39,39,39,39,39,39,39,39,39,39,39,39,39,39,39,39,39,39],"card_choices":[{"not_picked":["Quick Slash","Skewer"],"picked":"Terror","floor":1.0},{"not_picked":["Sucker Punch","Flechettes"],"picked":"Footwork","floor":5.0},{"not_picked":["Distraction","Poisoned Stab"],"picked":"All Out Attack","floor":8.0},{"not_picked":["Quick Slash","Prepared"],"picked":"Flying Knee","floor":11.0},{"not_picked":["Outmaneuver","Grand Finale","Deflect"],"picked":"SKIP","floor":12.0},{"not_picked":["Doppelganger","Tools of the Trade"],"picked":"Wraith Form v2","floor":16.0},{"not_picked":["Flechettes","Dodge and Roll","Acrobatics"],"picked":"SKIP","floor":18.0},{"not_picked":["Prepared","Flechettes","Poisoned Stab"],"picked":"SKIP","floor":19.0},{"not_picked":["Dodge and Roll","Footwork","Poisoned Stab"],"picked":"SKIP","floor":23.0},{"not_picked":["Terror","Envenom"],"picked":"Noxious Fumes+1","floor":25.0},{"not_picked":["Backflip","Acrobatics"],"picked":"Escape Plan","floor":27.0},{"not_picked":["Skewer","Caltrops"],"picked":"Noxious Fumes","floor":30.0},{"not_picked":["Terror","Accuracy","Cloak And Dagger"],"picked":"SKIP","floor":31.0},{"not_picked":["Phantasmal Killer","Doppelganger"],"picked":"Venomology","floor":33.0},{"not_picked":["Acrobatics","Tactician","Slice"],"picked":"SKIP","floor":35.0},{"not_picked":["Footwork+1","Flying Knee"],"picked":"Bane","floor":37.0},{"not_picked":["Dagger Spray","Backflip","Blade Dance"],"picked":"SKIP","floor":38.0},{"not_picked":["Bane","Footwork+1","Dodge and Roll"],"picked":"SKIP","floor":39.0},{"not_picked":["Blade Dance+1","Escape Plan"],"picked":"A Thousand Cuts","floor":41.0},{"not_picked":["Poisoned Stab","Dagger Spray","Flechettes+1"],"picked":"SKIP","floor":44.0},{"not_picked":["Bane","Cloak And Dagger+1"],"picked":"Crippling Poison+1","floor":46.0},{"not_picked":["Flechettes","Slice","Underhanded Strike"],"picked":"SKIP","floor":47}],"player_experience":852871,"relics_obtained":[{"floor":8.0,"key":"Tough Bandages"},{"floor":9.0,"key":"Pen Nib"},{"floor":12.0,"key":"MawBank"},{"floor":14.0,"key":"War Paint"},{"floor":23.0,"key":"Pantograph"},{"floor":25.0,"key":"Oddly Smooth Stone"},{"floor":26.0,"key":"Potion Belt"},{"floor":41.0,"key":"Juzu Bracelet"},{"floor":43.0,"key":"Mercury Hourglass"},{"floor":46.0,"key":"Thread and Needle"}],"event_choices":[{"damage_healed":0.0,"max_hp_gain":0.0,"max_hp_loss":0.0,"gold_gain":0.0,"event_name":"Shining Light","player_choice":"Entered Light","floor":2.0,"gold_loss":0.0,"damage_taken":22.0,"cards_upgraded":["Strike_G","Strike_G"]},{"damage_healed":0.0,"max_hp_gain":0.0,"max_hp_loss":0.0,"gold_gain":0.0,"event_name":"Living Wall","player_choice":"Grow","floor":3.0,"gold_loss":0.0,"damage_taken":0.0,"cards_upgraded":["Terror"]},{"damage_healed":0.0,"max_hp_gain":5.0,"max_hp_loss":0.0,"gold_gain":0.0,"event_name":"Big Fish","player_choice":"Donut","floor":4.0,"gold_loss":0.0,"damage_taken":0.0},{"damage_healed":0.0,"max_hp_gain":0.0,"max_hp_loss":0.0,"gold_gain":0.0,"event_name":"Match and Keep!","player_choice":"1 cards matched","floor":7.0,"gold_loss":0.0,"damage_taken":0.0,"cards_obtained":["Dash"]},{"damage_healed":0.0,"max_hp_gain":0.0,"max_hp_loss":0.0,"gold_gain":0.0,"event_name":"The Cleric","player_choice":"Leave","floor":13.0,"gold_loss":0.0,"damage_taken":0.0},{"damage_healed":0.0,"max_hp_gain":0.0,"max_hp_loss":0.0,"gold_gain":0.0,"event_name":"Back to Basics","player_choice":"Simplicity","floor":20.0,"gold_loss":0.0,"damage_taken":0.0,"cards_upgraded":["Defend_G","Defend_G","Defend_G","Strike_G","Strike_G","Strike_G"]},{"damage_healed":0.0,"max_hp_gain":0.0,"max_hp_loss":0.0,"gold_gain":0.0,"cards_transformed":["Flying Knee"],"event_name":"Transmorgrifier","player_choice":"Transformed","floor":21.0,"gold_loss":0.0,"damage_taken":0.0,"cards_obtained":["Catalyst"]},{"damage_healed":0.0,"max_hp_gain":0.0,"max_hp_loss":40.0,"gold_gain":0.0,"event_name":"Ghosts","player_choice":"Became a Ghost","floor":28.0,"gold_loss":0.0,"damage_taken":0.0,"cards_obtained":["Ghostly","Ghostly","Ghostly","Ghostly","Ghostly"]},{"damage_healed":0.0,"max_hp_gain":0.0,"max_hp_loss":0.0,"gold_gain":0.0,"event_name":"MindBloom","player_choice":"Upgrade","floor":45.0,"gold_loss":0.0,"damage_taken":0.0,"cards_upgraded":["Survivor","Escape Plan","Ghostly","Ghostly","Ghostly","Ghostly","Ghostly","Venomology","Bouncing Flask","Bane","A Thousand Cuts"],"relics_obtained":["Mark of the Bloom"]}],"is_beta":false,"boss_relics":[{"not_picked":["HoveringKite","Calling Bell"],"picked":"Eternal Feather"},{"not_picked":["Sozu","Pandora\u0027s Box"],"picked":"Fusion Hammer"}],"items_purged_floors":[22,36,48],"is_endless":false,"potions_floor_spawned":[5,11,12,16,19,25,37,38,39],"ascension_level":19}