{"gold_per_floor":[112,37,47,47,47,47,47,75,130,30,30,40,65,76,76,76],"floor_reached":16,"playtime":787,"items_purged":["Regret"],"score":211,"play_id":"c3fdebe3-0b98-4b93-a2b2-8b77e741b58f","local_time":"20190123230939","is_ascension_mode":true,"campfire_choices":[{"data":"Cleave","floor":6,"key":"SMITH"},{"data":"Rage","floor":11,"key":"SMITH"},{"data":"Body Slam","floor":15,"key":"SMITH"}],"neow_cost":"CURSE","seed_source_timestamp":1223915843821320,"circlet_count":0,"master_deck":["AscendersBane","Strike_R","Strike_R","Strike_R","Strike_R","Defend_R","Defend_R","Defend_R","Bash","Sentinel","Feel No Pain","Shrug It Off","Cleave+1","Rage+1","Dramatic Entrance","Reckless Charge","Body Slam+1","Flame Barrier"],"relics":["Burning Blood","Mango","Pocketwatch","Smiling Mask","Ancient Tea Set"],"potions_floor_usage":[8,8,13,13],"damage_taken":[{"damage":11,"enemies":"2 Louse","floor":1,"turns":4},{"damage":9,"enemies":"Jaw Worm","floor":3,"turns":5},{"damage":25,"enemies":"3 Sentries","floor":8,"turns":13},{"damage":0,"enemies":"Cultist","floor":12,"turns":4},{"damage":59,"enemies":"Gremlin Nob","floor":13,"turns":4},{"damage":0,"enemies":"2 Fungi Beasts","floor":14,"turns":3},{"damage":25,"enemies":"The Guardian","floor":16,"turns":2}],"seed_played":"5253216951572945552","potions_obtained":[{"floor":3,"key":"EntropicBrew"},{"floor":8,"key":"LiquidBronze"}],"is_trial":false,"path_per_floor":["M","$","M","?","?","R","$","E","T","$","R","M","E","M","R","B"],"character_chosen":"IRONCLAD","items_purchased":["Dramatic Entrance"],"campfire_rested":0,"item_purchase_floors":[10],"current_hp_per_floor":[63,63,60,39,68,68,68,64,64,64,64,70,17,23,23,0],"gold":76,"neow_bonus":"TRANSFORM_TWO_CARDS","is_prod":false,"is_daily":false,"chose_seed":false,"campfire_upgraded":3,"win_rate":0,"timestamp":1548281379,"path_taken":["M","$","M","?","?","R","?","E","T","$","R","M","E","M","R","BOSS"],"build_version":"2019-01-23","purchased_purges":1,"victory":false,"max_hp_per_floor":[75,75,75,89,89,89,89,89,89,89,89,89,89,89,89,89],"card_choices":[{"not_picked":["Perfected Strike","Warcry"],"picked":"Shrug It Off","floor":1},{"not_picked":["Twin Strike","Flex"],"picked":"Cleave","floor":3},{"not_picked":["Body Slam","Dropkick"],"picked":"Rage","floor":8},{"not_picked":["True Grit","Offering"],"picked":"Reckless Charge","floor":12},{"not_picked":["Headbutt","Corruption"],"picked":"Body Slam","floor":13},{"not_picked":["Warcry","Sever Soul"],"picked":"Flame Barrier","floor":14}],"player_experience":924525,"relics_obtained":[{"floor":8,"key":"Pocketwatch"},{"floor":9,"key":"Smiling Mask"},{"floor":13,"key":"Ancient Tea Set"}],"event_choices":[{"damage_healed":0,"gold_gain":0,"player_choice":"Success","damage_taken":35,"relics_obtained":["Mango"],"max_hp_gain":0,"max_hp_loss":0,"event_name":"Scrap Ooze","floor":4,"gold_loss":0},{"damage_healed":29,"gold_gain":0,"player_choice":"Banana","damage_taken":0,"max_hp_gain":0,"max_hp_loss":0,"event_name":"Big Fish","floor":5,"gold_loss":0}],"is_beta":false,"boss_relics":[],"items_purged_floors":[2],"is_endless":false,"potions_floor_spawned":[3,8,12],"killed_by":"The Guardian","ascension_level":19}