{"gold_per_floor":[109,109,129,17,17,44,44,75,101,111,111],"floor_reached":11,"playtime":290,"items_purged":[],"score":162,"play_id":"52ef0cb7-f0a2-4bc9-94b3-5d7356f575ea","local_time":"20190226160000","is_ascension_mode":true,"campfire_choices":[{"floor":7,"key":"REST"}],"neow_cost":"PERCENT_DAMAGE","seed_source_timestamp":0,"circlet_count":0,"master_deck":["AscendersBane","Strike_B","Strike_B","Strike_B","Defend_B","Defend_B","Defend_B","Zap+1","Dualcast","FTL","Fusion","Compile Driver","Coolheaded","Rip and Tear","Buffer"],"special_seed":0,"relics":["Cracked Core","Centennial Puzzle","Boot","Ancient Tea Set"],"potions_floor_usage":[6,6,8],"damage_taken":[{"damage":11.0,"enemies":"2 Louse","floor":1.0,"turns":3.0},{"damage":6.0,"enemies":"Small Slimes","floor":3.0,"turns":2.0},{"damage":22,"enemies":"Gremlin Nob","floor":6,"turns":4},{"damage":19,"enemies":"3 Sentries","floor":8,"turns":7},{"damage":0,"enemies":"Cultist","floor":10,"turns":2},{"damage":12,"enemies":"3 Louse","floor":11,"turns":2}],"seed_played":"-3574491052911859714","potions_obtained":[{"floor":1.0,"key":"Weak Potion"},{"floor":6,"key":"Fire Potion"}],"is_trial":false,"path_per_floor":["M","?","M","$","?","E","R","E","T","M","M"],"character_chosen":"DEFECT","items_purchased":["Compile Driver","Strength Potion"],"campfire_rested":1,"item_purchase_floors":[4,4],"current_hp_per_floor":[35,35,29,29,29,7,28,9,9,9,0],"gold":111,"neow_bonus":"REMOVE_TWO","is_prod":false,"is_daily":false,"chose_seed":false,"campfire_upgraded":0,"win_rate":0,"timestamp":1551193200,"path_taken":["M","?","M","$","?","E","R","E","T","M","M"],"build_version":"2019-01-23","purchased_purges":0,"victory":false,"max_hp_per_floor":[71,71,71,71,71,71,71,71,71,71,71],"card_choices":[{"not_picked":["Scrape","Rebound"],"picked":"FTL","floor":1.0},{"not_picked":["Hologram","Blizzard"],"picked":"Fusion","floor":3.0},{"not_picked":["Turbo","Hologram"],"picked":"Coolheaded","floor":6},{"not_picked":["Loop","Double Energy"],"picked":"Rip and Tear","floor":8},{"not_picked":["Ball Lightning","Gash"],"picked":"Buffer","floor":10}],"player_experience":1145950,"relics_obtained":[{"floor":6,"key":"Centennial Puzzle"},{"floor":8,"key":"Boot"},{"floor":9,"key":"Ancient Tea Set"}],"event_choices":[{"damage_healed":0.0,"max_hp_gain":0.0,"max_hp_loss":0.0,"gold_gain":0.0,"event_name":"Living Wall","player_choice":"Grow","floor":2.0,"gold_loss":0.0,"damage_taken":0.0,"cards_upgraded":["Zap"]},{"damage_healed":0.0,"max_hp_gain":0.0,"max_hp_loss":0.0,"gold_gain":0.0,"event_name":"Liars Game","player_choice":"Ignored","floor":5.0,"gold_loss":0.0,"damage_taken":0.0}],"is_beta":false,"boss_relics":[],"items_purged_floors":[],"is_endless":false,"potions_floor_spawned":[1,6],"killed_by":"3 Louse","ascension_level":20}