{"gold_per_floor":[119,269,269,234,65,65,115,149,172,184,184,200,231,250,250,328,328,248,248,248,248,17,17,17],"floor_reached":24,"playtime":1092,"items_purged":[],"score":460,"play_id":"20d0c222-8fbf-4637-94b9-a99e0e0ed558","local_time":"20190120134607","is_ascension_mode":true,"campfire_choices":[{"data":"Armaments","floor":6.0,"key":"SMITH"},{"data":"Feed","floor":11.0,"key":"SMITH"},{"data":"Carnage","floor":15.0,"key":"SMITH"},{"data":"Havoc","floor":23.0,"key":"SMITH"}],"neow_cost":"PERCENT_DAMAGE","seed_source_timestamp":930223934531772,"circlet_count":0,"master_deck":["AscendersBane","Strike_R","Strike_R","Strike_R","Strike_R","Strike_R","Defend_R","Defend_R","Defend_R","Defend_R","Bash","Armaments+1","Doubt","Feed+1","Carnage+1","Body Slam","Havoc+1","Metallicize","Demon Form","Shrug It Off","Flex+1"],"special_seed":0,"relics":["Burning Blood","FossilizedHelix","PreservedInsect","Potion Belt","Strawberry","Vajra","Ectoplasm","Charon\u0027s Ashes","Matryoshka","Toolbox"],"potions_floor_usage":[],"damage_taken":[{"damage":0.0,"enemies":"2 Louse","floor":1.0,"turns":3.0},{"damage":0.0,"enemies":"Gremlin Nob","floor":8.0,"turns":3.0},{"damage":3.0,"enemies":"Small Slimes","floor":10.0,"turns":3.0},{"damage":7.0,"enemies":"Cultist","floor":12.0,"turns":5.0},{"damage":12.0,"enemies":"3 Sentries","floor":13.0,"turns":8.0},{"damage":0.0,"enemies":"3 Louse","floor":14.0,"turns":3.0},{"damage":4.0,"enemies":"Slime Boss","floor":16.0,"turns":12.0},{"damage":30.0,"enemies":"2 Thieves","floor":18.0,"turns":5.0},{"damage":17.0,"enemies":"3 Byrds","floor":19.0,"turns":8.0},{"damage":8.0,"enemies":"Snake Plant","floor":20.0,"turns":3.0},{"damage":27.0,"enemies":"Colosseum Slavers","floor":21.0,"turns":6.0},{"damage":6.0,"enemies":"Colosseum Nobs","floor":21.0,"turns":5.0},{"damage":64,"enemies":"Gremlin Leader","floor":24,"turns":4}],"seed_played":"3855316120939457915","potions_obtained":[{"floor":8.0,"key":"EssenceOfSteel"},{"floor":12.0,"key":"Energy Potion"},{"floor":13.0,"key":"SpeedPotion"},{"floor":16.0,"key":"BloodPotion"},{"floor":19.0,"key":"Block Potion"},{"floor":20.0,"key":"Dexterity Potion"}],"is_trial":false,"path_per_floor":["M","?","?","?","$","R","?","E","T","M","R","M","E","M","R","B",null,"M","M","M","?","$","R","E"],"character_chosen":"IRONCLAD","items_purchased":["Feed","Toolbox"],"campfire_rested":0,"item_purchase_floors":[5,22],"current_hp_per_floor":[56,56,30,48,48,48,48,57,64,71,71,70,68,78,78,80,93,69,62,64,57,57,57,0],"gold":17,"neow_bonus":"ONE_RARE_RELIC","is_prod":false,"is_daily":false,"chose_seed":false,"campfire_upgraded":4,"win_rate":0,"timestamp":1547988367,"path_taken":["M","?","?","?","$","R","?","E","T","M","R","M","E","M","R","BOSS","M","M","?","?","$","R","E"],"build_version":"2019-01-17v2","purchased_purges":0,"victory":false,"max_hp_per_floor":[75,75,75,75,75,75,75,78,85,89,89,89,93,97,97,97,97,97,101,105,109,109,109,109],"card_choices":[{"not_picked":["Iron Wave","Seeing Red"],"picked":"Armaments","floor":1.0},{"not_picked":["Bloodletting","Rupture"],"picked":"Carnage","floor":8.0},{"not_picked":["Heavy Blade","Hemokinesis"],"picked":"Body Slam","floor":10.0},{"not_picked":["Clash","Cleave"],"picked":"Havoc","floor":12.0},{"not_picked":["Infernal Blade","Cleave"],"picked":"Metallicize","floor":13.0},{"not_picked":["Heavy Blade","Clash","Wild Strike"],"picked":"SKIP","floor":14.0},{"not_picked":["Barricade","Limit Break"],"picked":"Demon Form","floor":16.0},{"not_picked":["Iron Wave","Armaments","Dropkick"],"picked":"SKIP","floor":18.0},{"not_picked":["Clash","Pommel Strike"],"picked":"Shrug It Off","floor":19.0},{"not_picked":["Hemokinesis","Thunderclap"],"picked":"Flex+1","floor":20.0}],"player_experience":912627,"relics_obtained":[{"floor":8.0,"key":"Potion Belt"},{"floor":9.0,"key":"Strawberry"},{"floor":13.0,"key":"Vajra"},{"floor":21.0,"key":"Charon\u0027s Ashes"},{"floor":21.0,"key":"Matryoshka"}],"event_choices":[{"damage_healed":0.0,"max_hp_gain":0.0,"max_hp_loss":0.0,"gold_gain":150.0,"event_name":"Liars Game","player_choice":"AGREE","floor":2.0,"gold_loss":0.0,"damage_taken":0.0,"cards_obtained":["Doubt"]},{"damage_healed":0.0,"max_hp_gain":0.0,"max_hp_loss":0.0,"gold_gain":0.0,"event_name":"Scrap Ooze","player_choice":"Success","floor":3.0,"gold_loss":0.0,"damage_taken":26.0,"relics_obtained":["PreservedInsect"]},{"damage_healed":18.0,"max_hp_gain":0.0,"max_hp_loss":0.0,"gold_gain":0.0,"event_name":"The Cleric","player_choice":"Healed","floor":4.0,"gold_loss":35.0,"damage_taken":0.0},{"damage_healed":0.0,"max_hp_gain":0.0,"max_hp_loss":0.0,"gold_gain":50.0,"event_name":"Golden Shrine","player_choice":"Pray","floor":7.0,"gold_loss":0.0,"damage_taken":0.0},{"damage_healed":0.0,"max_hp_gain":0.0,"max_hp_loss":0.0,"gold_gain":0.0,"event_name":"Colosseum","player_choice":"Fight","floor":21.0,"gold_loss":0.0,"damage_taken":0.0},{"damage_healed":0.0,"max_hp_gain":0.0,"max_hp_loss":0.0,"gold_gain":0.0,"event_name":"Colosseum","player_choice":"Fought Nobs","floor":21.0,"gold_loss":0.0,"damage_taken":0.0}],"is_beta":false,"boss_relics":[{"not_picked":["Snecko Eye","Busted Crown"],"picked":"Ectoplasm"}],"items_purged_floors":[],"is_endless":false,"potions_floor_spawned":[8,12,13,16,19,20],"killed_by":"Gremlin Leader","ascension_level":18}