{"gold_per_floor":[369,369,22,95,75,75,109,109,160,186,256,33,106,134,134,210,210,185,160,210,41,91,91,120,120,191,220,220,234,248,280,280,357,357,375,525,575,587,605,605,51,83,110,130,130,158,178,228,228,228],"floor_reached":50,"playtime":2676,"items_purged":["Strike_B","Strike_B"],"score":1165,"play_id":"f6b5fb30-9225-44cd-bab2-1b50042c9a05","local_time":"20181213133304","is_ascension_mode":true,"campfire_choices":[{"data":"Zap","floor":6.0,"key":"SMITH"},{"floor":8.0,"key":"REST"},{"floor":15.0,"key":"REST"},{"data":"Streamline","floor":23.0,"key":"SMITH"},{"data":"Hologram","floor":25.0,"key":"SMITH"},{"data":"Chill","floor":28.0,"key":"SMITH"},{"floor":32.0,"key":"REST"},{"data":"Creative AI","floor":40.0,"key":"SMITH"},{"data":"Fusion","floor":45.0,"key":"SMITH"},{"floor":49.0,"key":"REST"}],"neow_cost":"TEN_PERCENT_HP_LOSS","seed_source_timestamp":0,"circlet_count":0,"master_deck":["AscendersBane","Strike_B","Defend_B","Defend_B","Defend_B+1","Defend_B","Zap+1","Dualcast","Lockon","Streamline+1","Fusion+1","White Noise+1","Hologram+1","All For One","Steam","Chill+1","Loop","Leap+1","Machine Learning","Creative AI+1","Sunder+1","Chill","Heatsinks+1","Steam+1","Parasite","Reinforced Body+1"],"special_seed":0,"relics":["Cracked Core","SsserpentHead","Bottled Lightning","Happy Flower","Pear","PreservedInsect","Oddly Smooth Stone","Singing Bowl","ClockworkSouvenir","Odd Mushroom","Meat on the Bone","Bag of Marbles","Art of War","Question Card","Pantograph","Bronze Scales","Nuclear Battery","Calipers","TheAbacus","Strawberry","Bird Faced Urn","Bag of Preparation","Du-Vu Doll","War Paint"],"potions_floor_usage":[50],"damage_taken":[{"damage":5.0,"enemies":"Small Slimes","floor":1.0,"turns":4.0},{"damage":55.0,"enemies":"3 Sentries","floor":7.0,"turns":10.0},{"damage":4.0,"enemies":"Gremlin Nob","floor":10.0,"turns":3.0},{"damage":0.0,"enemies":"Cultist","floor":11.0,"turns":3.0},{"damage":6.0,"enemies":"The Mushroom Lair","floor":13.0,"turns":4.0},{"damage":8.0,"enemies":"Lagavulin","floor":14.0,"turns":5.0},{"damage":34.0,"enemies":"The Guardian","floor":16.0,"turns":9.0},{"damage":22.0,"enemies":"2 Thieves","floor":18.0,"turns":4.0},{"damage":29.0,"enemies":"Gremlin Leader","floor":24.0,"turns":6.0},{"damage":37.0,"enemies":"Book of Stabbing","floor":27.0,"turns":4.0},{"damage":4.0,"enemies":"Spheric Guardian","floor":29.0,"turns":4.0},{"damage":0.0,"enemies":"Cultist and Chosen","floor":30.0,"turns":6.0},{"damage":24.0,"enemies":"Gremlin Leader","floor":31.0,"turns":7.0},{"damage":38.0,"enemies":"Automaton","floor":33.0,"turns":10.0},{"damage":35.0,"enemies":"3 Darklings","floor":35.0,"turns":9.0},{"damage":0.0,"enemies":"Mind Bloom Boss Battle","floor":36.0,"turns":6.0},{"damage":23.0,"enemies":"Orb Walker","floor":38.0,"turns":3.0},{"damage":15.0,"enemies":"4 Shapes","floor":39.0,"turns":7.0},{"damage":7.0,"enemies":"Nemesis","floor":42.0,"turns":9.0},{"damage":5.0,"enemies":"3 Darklings","floor":44.0,"turns":6.0},{"damage":29.0,"enemies":"Giant Head","floor":46.0,"turns":7.0},{"damage":0.0,"enemies":"Writhing Mass","floor":47.0,"turns":5.0},{"damage":108,"enemies":"Awakened One","floor":50,"turns":6}],"seed_played":"3998425941811965684","potions_obtained":[{"floor":7.0,"key":"EssenceOfSteel"},{"floor":11.0,"key":"Energy Potion"},{"floor":13.0,"key":"LiquidBronze"},{"floor":18.0,"key":"EntropicBrew"},{"floor":29.0,"key":"EssenceOfSteel"},{"floor":31.0,"key":"FocusPotion"},{"floor":36.0,"key":"FocusPotion"},{"floor":39.0,"key":"AttackPotion"},{"floor":42.0,"key":"Dexterity Potion"},{"floor":46.0,"key":"Energy Potion"}],"is_trial":false,"path_per_floor":["M","?","$","T","?","R","E","R","T","E","M","$","?","E","R","B",null,"M","?","?","$","?","R","E","R","T","E","R","M","M","E","R","B",null,"M","?","?","M","M","R","$","E","T","M","R","E","M","T","R","B"],"character_chosen":"DEFECT","items_purchased":["Bottled Lightning","ClockworkSouvenir","Bag of Marbles","TheAbacus","Strawberry","Weak Potion"],"campfire_rested":4,"item_purchase_floors":[3,12,21,41,41,41],"current_hp_per_floor":[59,59,59,59,69,69,14,36,36,32,32,32,26,20,42,20,62,40,40,55,55,55,55,38,38,38,13,13,21,33,21,43,42,68,45,72,72,51,48,48,55,48,48,53,53,52,64,64,89,0],"gold":228,"neow_bonus":"TWO_FIFTY_GOLD","is_prod":false,"is_daily":false,"chose_seed":false,"campfire_upgraded":6,"win_rate":0,"timestamp":1544704384,"path_taken":["M","?","$","?","?","R","E","R","T","E","?","$","?","E","R","BOSS","M","?","?","$","?","R","E","R","T","E","R","M","M","E","R","BOSS","M","?","?","M","M","R","$","E","T","M","R","E","M","?","R","BOSS"],"build_version":"2018-12-06","purchased_purges":2,"victory":false,"max_hp_per_floor":[64,64,64,64,74,74,74,74,74,74,74,74,74,76,76,76,76,76,76,76,76,76,76,76,76,76,76,76,76,76,76,76,76,76,76,78,78,80,80,80,87,87,87,87,87,89,89,89,89,89],"card_choices":[{"not_picked":["Rebound","Compile Driver"],"picked":"Lockon","floor":1.0},{"not_picked":["Beam Cell","Gash"],"picked":"Streamline","floor":7.0},{"not_picked":["Storm","Undo"],"picked":"Fusion","floor":10.0},{"not_picked":["Self Repair","Darkness"],"picked":"White Noise","floor":11.0},{"not_picked":["Go for the Eyes","Heatsinks"],"picked":"Hologram","floor":13.0},{"not_picked":["Force Field","Streamline","Biased Cognition"],"picked":"Singing Bowl","floor":14.0},{"not_picked":["Fission","Meteor Strike"],"picked":"All For One","floor":16.0},{"not_picked":["Turbo","Steam Power+1"],"picked":"Steam","floor":18.0},{"not_picked":["Compile Driver","Go for the Eyes"],"picked":"Chill","floor":24.0},{"not_picked":["Gash","Skim","Coolheaded"],"picked":"Loop","floor":27.0},{"not_picked":["Skim","Compile Driver","Genetic Algorithm"],"picked":"Leap+1","floor":29.0},{"not_picked":["Recycle","Conserve Battery","Blizzard"],"picked":"Machine Learning","floor":30.0},{"not_picked":["Hologram","Go for the Eyes","Turbo"],"picked":"Chill","floor":31.0},{"not_picked":["Thunder Strike","Hyperbeam","Machine Learning"],"picked":"Creative AI","floor":33.0},{"not_picked":["Blizzard","Ball Lightning+1","Cold Snap"],"picked":"Sunder+1","floor":35.0},{"not_picked":["Ball Lightning","Double Energy","Sweeping Beam","Self Repair+1"],"picked":"Singing Bowl","floor":36.0},{"not_picked":["Conserve Battery","Leap+1","Capacitor","Hologram"],"picked":"Singing Bowl","floor":38.0},{"not_picked":["Lockon","Redo","Beam Cell"],"picked":"Chill","floor":39.0},{"not_picked":["Doom and Gloom","Go for the Eyes","Biased Cognition"],"picked":"Heatsinks+1","floor":42.0},{"not_picked":["Doom and Gloom","Auto Shields","Consume"],"picked":"Steam+1","floor":44.0},{"not_picked":["Doom and Gloom","Sweeping Beam","Ball Lightning","Beam Cell"],"picked":"Singing Bowl","floor":46.0},{"not_picked":["Streamline","Stack","Recycle"],"picked":"Reinforced Body+1","floor":47.0}],"player_experience":891890,"relics_obtained":[{"floor":4.0,"key":"Happy Flower"},{"floor":7.0,"key":"PreservedInsect"},{"floor":9.0,"key":"Oddly Smooth Stone"},{"floor":10.0,"key":"Singing Bowl"},{"floor":13.0,"key":"Odd Mushroom"},{"floor":14.0,"key":"Meat on the Bone"},{"floor":24.0,"key":"Art of War"},{"floor":26.0,"key":"Question Card"},{"floor":27.0,"key":"Pantograph"},{"floor":31.0,"key":"Bronze Scales"},{"floor":36.0,"key":"Calipers"},{"floor":42.0,"key":"Bird Faced Urn"},{"floor":43.0,"key":"Bag of Preparation"},{"floor":46.0,"key":"Du-Vu Doll"},{"floor":48.0,"key":"War Paint"}],"event_choices":[{"damage_healed":0.0,"max_hp_gain":0.0,"max_hp_loss":0.0,"gold_gain":0.0,"event_name":"FaceTrader","player_choice":"Trade","floor":2.0,"gold_loss":0.0,"damage_taken":0.0,"relics_obtained":["SsserpentHead"]},{"damage_healed":0.0,"max_hp_gain":0.0,"max_hp_loss":0.0,"gold_gain":0.0,"event_name":"WeMeetAgain","player_choice":"Paid Gold","floor":5.0,"gold_loss":70.0,"damage_taken":0.0,"relics_obtained":["Pear"]},{"damage_healed":0.0,"max_hp_gain":0.0,"max_hp_loss":0.0,"gold_gain":0.0,"event_name":"Mushrooms","player_choice":"Fought Mushrooms","floor":13.0,"gold_loss":0.0,"damage_taken":0.0},{"cards_removed":["Strike_B"],"damage_healed":0.0,"max_hp_gain":0.0,"max_hp_loss":0.0,"gold_gain":0.0,"event_name":"Beggar","player_choice":"Gave Gold","floor":19.0,"gold_loss":75.0,"damage_taken":0.0},{"damage_healed":15.0,"max_hp_gain":0.0,"max_hp_loss":0.0,"gold_gain":0.0,"event_name":"The Library","player_choice":"Heal","floor":20.0,"gold_loss":0.0,"damage_taken":0.0},{"damage_healed":0.0,"max_hp_gain":0.0,"max_hp_loss":0.0,"gold_gain":0.0,"event_name":"Vampires","player_choice":"Ignored","floor":22.0,"gold_loss":0.0,"damage_taken":0.0},{"damage_healed":0.0,"max_hp_gain":0.0,"max_hp_loss":0.0,"gold_gain":0.0,"event_name":"MindBloom","player_choice":"Fight","floor":36.0,"gold_loss":0.0,"damage_taken":0.0},{"cards_removed":["Chill"],"damage_healed":0.0,"max_hp_gain":0.0,"max_hp_loss":0.0,"gold_gain":0.0,"event_name":"Falling","player_choice":"Removed Skill","floor":37.0,"gold_loss":0.0,"damage_taken":0.0}],"is_beta":false,"boss_relics":[{"not_picked":["Busted Crown","Ectoplasm","Fusion Hammer"]},{"not_picked":["Lizard Tail","Astrolabe"],"picked":"Nuclear Battery"}],"items_purged_floors":[3,41],"is_endless":false,"potions_floor_spawned":[7,11,13,18,29,31,36,39,42,46],"killed_by":"Awakened One","ascension_level":20}