{"gold_per_floor":[116,132,98,114,128,153,167,167,167,193,193,210,235,250,250,324,324,334,334,347,365,50,50,85,85,85,85,103,118,118,128,128,202,202,212,212,223,235,235],"floor_reached":39,"playtime":4313,"items_purged":[],"score":755,"play_id":"e43df832-2529-45f2-9164-e8a6e8e5bad2","local_time":"20190307181311","is_ascension_mode":true,"campfire_choices":[{"floor":8.0,"key":"REST"},{"floor":15.0,"key":"REST"},{"floor":23.0,"key":"REST"},{"floor":25,"key":"REST"},{"floor":30,"key":"REST"},{"floor":32,"key":"REST"}],"neow_cost":"NONE","seed_source_timestamp":1797935816650054,"circlet_count":0,"master_deck":["AscendersBane","Strike_R+1","Strike_R+1","Strike_R+1","Defend_R+1","Defend_R+1","Defend_R+1","Defend_R+1","Bash","Carnage","Uppercut","Disarm","Shrug It Off","Sword Boomerang","Metallicize","Evolve","Battle Trance","Thunderclap","Dropkick","Warcry","Bludgeon","Second Wind","Shockwave","Infernal Blade","Exhume","Berserk","Corruption","Armaments","Sentinel","Armaments","Shrug It Off","Armaments+1","Sentinel","Impervious","Body Slam","Writhe","Power Through","Headbutt"],"special_seed":0,"relics":["Sozu","Bag of Preparation","Singing Bowl","Pear","Dream Catcher","Orrery","Paper Frog","Oddly Smooth Stone","PreservedInsect","Fusion Hammer"],"potions_floor_usage":[],"damage_taken":[{"damage":1.0,"enemies":"Cultist","floor":1.0,"turns":3.0},{"damage":0.0,"enemies":"2 Louse","floor":2.0,"turns":2.0},{"damage":9.0,"enemies":"Jaw Worm","floor":4.0,"turns":2.0},{"damage":7.0,"enemies":"2 Fungi Beasts","floor":5.0,"turns":3.0},{"damage":12.0,"enemies":"Gremlin Nob","floor":6.0,"turns":3.0},{"damage":3.0,"enemies":"Blue Slaver","floor":7.0,"turns":3.0},{"damage":13.0,"enemies":"Lagavulin","floor":10.0,"turns":4.0},{"damage":19.0,"enemies":"Large Slime","floor":12.0,"turns":5.0},{"damage":9.0,"enemies":"3 Sentries","floor":13.0,"turns":7.0},{"damage":11.0,"enemies":"Looter","floor":14.0,"turns":2.0},{"damage":44.0,"enemies":"Slime Boss","floor":16.0,"turns":10.0},{"damage":12.0,"enemies":"Chosen","floor":18.0,"turns":3.0},{"damage":16.0,"enemies":"Spheric Guardian","floor":20.0,"turns":3.0},{"damage":44.0,"enemies":"3 Cultists","floor":21.0,"turns":6.0},{"damage":33,"enemies":"Slavers","floor":24,"turns":7},{"damage":0,"enemies":"Cultist and Chosen","floor":28,"turns":5},{"damage":18,"enemies":"Snecko","floor":29,"turns":3},{"damage":19,"enemies":"Centurion and Healer","floor":31,"turns":5},{"damage":40,"enemies":"Champ","floor":33,"turns":13},{"damage":0,"enemies":"3 Shapes","floor":35,"turns":4},{"damage":11,"enemies":"3 Darklings","floor":37,"turns":6},{"damage":34,"enemies":"Jaw Worm Horde","floor":38,"turns":7},{"damage":65,"enemies":"2 Orb Walkers","floor":39,"turns":5}],"seed_played":"2676296952725477130","potions_obtained":[],"is_trial":false,"path_per_floor":["M","M","$","M","M","E","M","R","T","E","?","M","E","M","R","B",null,"M","?","M","M","$","R","E","R","T","?","M","M","R","M","R","B",null,"M","?","M","M","?"],"character_chosen":"IRONCLAD","items_purchased":["Disarm","Paper Frog","Corruption"],"campfire_rested":6,"item_purchase_floors":[3,22,22],"current_hp_per_floor":[71,71,71,62,55,43,40,64,64,61,61,42,33,22,49,5,71,61,61,47,5,5,34,1,30,30,30,32,14,46,27,57,17,81,81,102,91,57,0],"gold":235,"neow_bonus":"BOSS_RELIC","is_prod":false,"is_daily":false,"chose_seed":false,"campfire_upgraded":0,"win_rate":0,"timestamp":1552000391,"path_taken":["M","?","$","M","M","E","?","R","T","E","?","M","E","M","R","BOSS","M","?","M","M","?","R","E","R","T","?","M","M","R","M","R","BOSS","M","?","M","M","?"],"build_version":"2019-01-23","purchased_purges":0,"victory":false,"max_hp_per_floor":[80,80,80,80,80,80,80,80,80,90,90,90,90,90,90,90,92,94,94,96,98,98,98,98,98,98,98,100,100,102,102,102,102,102,102,102,102,102,102],"card_choices":[{"not_picked":["Burning Pact","Infernal Blade"],"picked":"Carnage","floor":1.0},{"not_picked":["Spot Weakness","Havoc"],"picked":"Uppercut","floor":2.0},{"not_picked":["Uppercut","Perfected Strike"],"picked":"Shrug It Off","floor":4.0},{"not_picked":["Fire Breathing","Seeing Red","Wild Strike"],"picked":"SKIP","floor":5.0},{"not_picked":["Anger","Warcry"],"picked":"Sword Boomerang","floor":6.0},{"not_picked":["Disarm","Seeing Red"],"picked":"Metallicize","floor":7.0},{"not_picked":["Headbutt","Clothesline"],"picked":"Evolve","floor":10.0},{"not_picked":["Sword Boomerang","Fire Breathing"],"picked":"Battle Trance","floor":12.0},{"not_picked":["Double Tap","Clothesline"],"picked":"Thunderclap","floor":13.0},{"not_picked":["Headbutt","Sentinel"],"picked":"Dropkick","floor":14.0},{"not_picked":["Infernal Blade","Flex"],"picked":"Warcry","floor":15.0},{"not_picked":["Brutality","Feed"],"picked":"Bludgeon","floor":16.0},{"not_picked":["Body Slam","Havoc"],"picked":"Second Wind","floor":17.0},{"not_picked":["Cleave","Pommel Strike"],"picked":"Shockwave","floor":17.0},{"not_picked":["Twin Strike","Perfected Strike","Armaments"],"picked":"Singing Bowl","floor":17.0},{"not_picked":["Flex","Hemokinesis"],"picked":"Infernal Blade","floor":17.0},{"not_picked":["Burning Pact","Flex"],"picked":"Exhume","floor":17.0},{"not_picked":["Burning Pact","Battle Trance+1","Pummel+1"],"picked":"Singing Bowl","floor":18.0},{"not_picked":["Shockwave+1","Armaments","Dual Wield+1"],"picked":"Singing Bowl","floor":20.0},{"not_picked":["Havoc","Sword Boomerang","Heavy Blade"],"picked":"Singing Bowl","floor":21.0},{"not_picked":["Searing Blow","Perfected Strike"],"picked":"Armaments","floor":23.0},{"not_picked":["Twin Strike","Armaments"],"picked":"Sentinel","floor":24},{"not_picked":["Cleave","Havoc"],"picked":"Armaments","floor":25},{"not_picked":["Clash","Second Wind","Body Slam"],"picked":"Singing Bowl","floor":28},{"not_picked":["True Grit","Carnage"],"picked":"Shrug It Off","floor":29},{"not_picked":["Clash","Bludgeon","Cleave"],"picked":"Singing Bowl","floor":30},{"not_picked":["Warcry","Clash"],"picked":"Armaments+1","floor":31},{"not_picked":["Iron Wave","Twin Strike"],"picked":"Sentinel","floor":32},{"not_picked":["Juggernaut","Offering"],"picked":"Impervious","floor":33},{"not_picked":["Shrug It Off","Clothesline"],"picked":"Body Slam","floor":35},{"not_picked":["Evolve","Impervious"],"picked":"Power Through","floor":37},{"not_picked":["Heavy Blade","Clothesline"],"picked":"Headbutt","floor":38}],"player_experience":641625,"relics_obtained":[{"floor":6.0,"key":"Bag of Preparation"},{"floor":9.0,"key":"Singing Bowl"},{"floor":10.0,"key":"Pear"},{"floor":13.0,"key":"Dream Catcher"},{"floor":24,"key":"Oddly Smooth Stone"},{"floor":26,"key":"PreservedInsect"}],"event_choices":[{"cards_removed":["Strike_R"],"damage_healed":0.0,"max_hp_gain":0.0,"max_hp_loss":0.0,"gold_gain":0.0,"event_name":"Purifier","player_choice":"Purged","floor":11.0,"gold_loss":0.0,"damage_taken":0.0},{"damage_healed":0.0,"max_hp_gain":0.0,"max_hp_loss":0.0,"gold_gain":0.0,"cards_transformed":["Strike_R"],"event_name":"Transmorgrifier","player_choice":"Transformed","floor":19.0,"gold_loss":0.0,"damage_taken":0.0,"cards_obtained":["Berserk"]},{"damage_healed":0,"gold_gain":0,"player_choice":"Simplicity","damage_taken":0,"max_hp_gain":0,"max_hp_loss":0,"event_name":"Back to Basics","floor":27,"gold_loss":0,"cards_upgraded":["Strike_R","Strike_R","Strike_R","Defend_R","Defend_R","Defend_R","Defend_R"]},{"damage_healed":26,"gold_gain":0,"player_choice":"Writhe","damage_taken":0,"max_hp_gain":0,"max_hp_loss":0,"event_name":"Winding Halls","floor":36,"gold_loss":0,"cards_obtained":["Writhe"]},{"damage_healed":0,"gold_gain":0,"player_choice":"Fight","damage_taken":0,"max_hp_gain":0,"max_hp_loss":0,"event_name":"Mysterious Sphere","floor":39,"gold_loss":0}],"is_beta":false,"boss_relics":[{"not_picked":["Velvet Choker","Ectoplasm"],"picked":"Orrery"},{"not_picked":["Tiny House","Mark of Pain"],"picked":"Fusion Hammer"}],"items_purged_floors":[],"is_endless":false,"potions_floor_spawned":[1,4,7,10,13,21,28,31,35,38],"killed_by":"2 Orb Walkers","ascension_level":13}