{"gold_per_floor":[117,117,117,117,134,134,148,158,158,173,173,173,207,221,221,342,342,358,483,408,85,85,85,128,164,189,230,230,268,293,332,332,460,460,475,697,155,171,171,171,187,187,187,223,61,61,76,120,120,120,120,120,18,54,54],"floor_reached":55,"playtime":2004,"items_purged":["Defend_G","Regret","Pain"],"score":1020,"play_id":"ab10aefd-925d-42df-9344-efb377d40022","local_time":"20190220031925","is_ascension_mode":true,"campfire_choices":[{"data":"Dagger Throw","floor":6.0,"key":"SMITH"},{"data":"Underhanded Strike","floor":11.0,"key":"SMITH"},{"data":"Underhanded Strike","floor":15.0,"key":"SMITH"},{"data":"Prepared","floor":23.0,"key":"SMITH"},{"data":"Die Die Die","floor":28.0,"key":"SMITH"},{"data":"Setup","floor":32.0,"key":"SMITH"},{"data":"Madness","floor":40.0,"key":"SMITH"},{"data":"Madness","floor":42.0,"key":"SMITH"},{"floor":46.0,"key":"RECALL"},{"data":"Finisher","floor":49.0,"key":"SMITH"},{"data":"Phantasmal Killer","floor":52.0,"key":"SMITH"}],"neow_cost":"NONE","seed_source_timestamp":369204394013948,"circlet_count":0,"master_deck":["Defend_G","Defend_G","Defend_G","Defend_G","Strike_G","Strike_G","Strike_G","Survivor","Neutralize","Dagger Throw+1","Underhanded Strike+1","Prepared+1","Backstab","Underhanded Strike+1","Die Die Die+1","Well Laid Plans+1","Slice+1","Finisher+1","Setup+1","Backstab+1","Slice","Phantasmal Killer+1","Flash of Steel","Underhanded Strike+1","Madness+1","Madness+1","Concentrate","Cloak And Dagger+1","Prepared","Storm of Steel","Underhanded Strike+1","Choke+1"],"special_seed":0,"relics":["Ring of the Snake","Gremlin Horn","Mummified Hand","Golden Idol","Potion Belt","Cursed Key","Unceasing Top","Bottled Flame","Bottled Lightning","MutagenicStrength","Red Mask","Ancient Tea Set","Boot","Matryoshka","Shuriken","PreservedInsect","Runic Dome","Kunai","Happy Flower","MawBank","Anchor","Dodecahedron"],"potions_floor_usage":[55,55,55,55,55],"damage_taken":[{"damage":0.0,"enemies":"2 Louse","floor":1.0,"turns":3.0},{"damage":0.0,"enemies":"Small Slimes","floor":5.0,"turns":3.0},{"damage":0.0,"enemies":"Jaw Worm","floor":7.0,"turns":3.0},{"damage":0.0,"enemies":"2 Fungi Beasts","floor":8.0,"turns":2.0},{"damage":10.0,"enemies":"Large Slime","floor":10.0,"turns":8.0},{"damage":18.0,"enemies":"Gremlin Nob","floor":13.0,"turns":5.0},{"damage":0.0,"enemies":"Exordium Wildlife","floor":14.0,"turns":2.0},{"damage":13.0,"enemies":"Slime Boss","floor":16.0,"turns":7.0},{"damage":4.0,"enemies":"Shell Parasite","floor":18.0,"turns":5.0},{"damage":10.0,"enemies":"Colosseum Slavers","floor":19.0,"turns":4.0},{"damage":0.0,"enemies":"Colosseum Nobs","floor":19.0,"turns":4.0},{"damage":0.0,"enemies":"Masked Bandits","floor":24.0,"turns":1.0},{"damage":13.0,"enemies":"Gremlin Leader","floor":25.0,"turns":3.0},{"damage":17.0,"enemies":"Book of Stabbing","floor":27.0,"turns":3.0},{"damage":0.0,"enemies":"Gremlin Leader","floor":29.0,"turns":2.0},{"damage":0.0,"enemies":"2 Thieves","floor":30.0,"turns":1.0},{"damage":10.0,"enemies":"Book of Stabbing","floor":31.0,"turns":3.0},{"damage":2.0,"enemies":"Champ","floor":33.0,"turns":4.0},{"damage":8.0,"enemies":"3 Shapes","floor":35.0,"turns":2.0},{"damage":0.0,"enemies":"3 Darklings","floor":38.0,"turns":2.0},{"damage":0.0,"enemies":"Transient","floor":41.0,"turns":5.0},{"damage":0.0,"enemies":"Reptomancer","floor":44.0,"turns":1.0},{"damage":0.0,"enemies":"Maw","floor":47.0,"turns":2.0},{"damage":0.0,"enemies":"Giant Head","floor":48.0,"turns":1.0},{"damage":51.0,"enemies":"Time Eater","floor":50.0,"turns":5.0},{"damage":0.0,"enemies":"Shield and Spear","floor":54.0,"turns":2.0},{"damage":78,"enemies":"The Heart","floor":55,"turns":3}],"seed_played":"-208826155666926142","potions_obtained":[{"floor":5.0,"key":"SteroidPotion"},{"floor":7.0,"key":"Strength Potion"},{"floor":10.0,"key":"SpeedPotion"},{"floor":18.0,"key":"AttackPotion"},{"floor":24.0,"key":"Poison Potion"},{"floor":27.0,"key":"LiquidBronze"},{"floor":30.0,"key":"SpeedPotion"},{"floor":44.0,"key":"Poison Potion"},{"floor":47.0,"key":"EssenceOfSteel"},{"floor":48.0,"key":"Strength Potion"}],"is_trial":false,"path_per_floor":["M","?","?","?","M","R","M","M","T","M","R","?","E","M","R","B",null,"M","?","?","$","?","R","?","E","T","E","R","E","M","E","R","B",null,"M","?","$","M","?","R","M","R","T","E","$","R","M","E","R","B",null,"R","$","E","B"],"character_chosen":"THE_SILENT","items_purchased":["Bottled Lightning","Flash of Steel","Kunai","Strength Potion","Energy Potion","Prepared","SteroidPotion","SteroidPotion"],"campfire_rested":0,"item_purchase_floors":[21,37,37,37,37,45,53,53],"current_hp_per_floor":[77,82,75,57,57,57,57,57,57,47,47,47,29,29,29,16,76,72,62,62,62,62,62,62,49,49,32,32,32,32,22,22,20,76,68,68,68,68,58,58,58,58,58,58,58,58,58,58,58,7,76,76,76,76,0],"gold":54,"neow_bonus":"TEN_PERCENT_HP_BONUS","is_prod":false,"is_daily":false,"chose_seed":false,"campfire_upgraded":10,"win_rate":0,"timestamp":1550629165,"path_taken":["M","?","?","?","M","R","M","M","T","M","R","?","E","M","R","BOSS","M","?","?","?","?","R","?","E","T","E","R","E","?","E","R","BOSS","M","?","$","M","?","R","M","R","T","E","$","R","M","E","R","BOSS","R","$","E","BOSS"],"build_version":"2019-01-23","purchased_purges":3,"victory":false,"max_hp_per_floor":[77,82,82,82,82,82,82,82,82,82,82,76,76,76,76,76,76,76,76,76,76,76,76,76,76,76,76,76,76,76,76,76,76,76,76,76,76,76,76,76,76,76,76,76,76,76,76,76,76,76,76,76,76,76,76],"card_choices":[{"not_picked":["PiercingWail","Acrobatics"],"picked":"Dagger Throw","floor":1.0},{"not_picked":["Acrobatics","Concentrate","Deadly Poison"],"picked":"SKIP","floor":5.0},{"not_picked":["Tactician","Reflex"],"picked":"Underhanded Strike","floor":7.0},{"not_picked":["Distraction","Riddle With Holes"],"picked":"Prepared","floor":8.0},{"not_picked":["Prepared","Flying Knee","Bane"],"picked":"SKIP","floor":10.0},{"not_picked":["Skewer","Dodge and Roll"],"picked":"Backstab","floor":13.0},{"not_picked":["Bane","Quick Slash"],"picked":"Underhanded Strike","floor":14.0},{"not_picked":["Grand Finale","Unload"],"picked":"Die Die Die","floor":16.0},{"not_picked":["PiercingWail","Infinite Blades"],"picked":"Well Laid Plans+1","floor":18.0},{"not_picked":["Bane","Choke"],"picked":"Slice+1","floor":19.0},{"not_picked":["Malaise","Reflex"],"picked":"Finisher","floor":24.0},{"not_picked":["Infinite Blades","Outmaneuver","Sucker Punch"],"picked":"SKIP","floor":25.0},{"not_picked":["Blur+1","Dodge and Roll","Acrobatics+1"],"picked":"SKIP","floor":27.0},{"not_picked":["Flying Knee","Cloak And Dagger"],"picked":"Setup","floor":29.0},{"not_picked":["PiercingWail","Prepared"],"picked":"Backstab+1","floor":30.0},{"not_picked":["Sucker Punch","Poisoned Stab"],"picked":"Slice","floor":31.0},{"not_picked":["Grand Finale","Corpse Explosion"],"picked":"Phantasmal Killer","floor":33.0},{"not_picked":["Skewer+1","Acrobatics","Quick Slash+1"],"picked":"SKIP","floor":35.0},{"not_picked":["Poisoned Stab","Riddle With Holes"],"picked":"Underhanded Strike+1","floor":38.0},{"not_picked":["PiercingWail","Catalyst+1"],"picked":"Concentrate","floor":41.0},{"not_picked":["Dodge and Roll","Heel Hook"],"picked":"Cloak And Dagger+1","floor":44.0},{"not_picked":["Deadly Poison+1","Dagger Spray"],"picked":"Storm of Steel","floor":47.0},{"not_picked":["Blur","Prepared"],"picked":"Underhanded Strike+1","floor":48.0},{"not_picked":["Dagger Throw+1","PiercingWail"],"picked":"Choke+1","floor":54.0}],"player_experience":1120552,"relics_obtained":[{"floor":9.0,"key":"Mummified Hand"},{"floor":13.0,"key":"Potion Belt"},{"floor":19.0,"key":"Unceasing Top"},{"floor":19.0,"key":"Bottled Flame"},{"floor":24.0,"key":"Red Mask"},{"floor":25.0,"key":"Ancient Tea Set"},{"floor":26.0,"key":"Boot"},{"floor":27.0,"key":"Matryoshka"},{"floor":29.0,"key":"Shuriken"},{"floor":31.0,"key":"PreservedInsect"},{"floor":43.0,"key":"Happy Flower"},{"floor":44.0,"key":"MawBank"},{"floor":48.0,"key":"Anchor"},{"floor":54.0,"key":"Dodecahedron"}],"event_choices":[{"damage_healed":0.0,"max_hp_gain":5.0,"max_hp_loss":0.0,"gold_gain":0.0,"event_name":"Big Fish","player_choice":"Donut","floor":2.0,"gold_loss":0.0,"damage_taken":0.0},{"cards_removed":["Strike_G"],"damage_healed":0.0,"max_hp_gain":0.0,"max_hp_loss":0.0,"gold_gain":0.0,"event_name":"Golden Wing","player_choice":"Card Removal","floor":3.0,"gold_loss":0.0,"damage_taken":7.0},{"damage_healed":0.0,"max_hp_gain":0.0,"max_hp_loss":0.0,"gold_gain":0.0,"event_name":"Scrap Ooze","player_choice":"Success","floor":4.0,"gold_loss":0.0,"damage_taken":18.0,"relics_obtained":["Gremlin Horn"]},{"damage_healed":0.0,"max_hp_gain":0.0,"max_hp_loss":6.0,"gold_gain":0.0,"event_name":"Golden Idol","player_choice":"Lose Max HP","floor":12.0,"gold_loss":0.0,"damage_taken":0.0,"relics_obtained":["Golden Idol"]},{"damage_healed":0.0,"max_hp_gain":0.0,"max_hp_loss":0.0,"gold_gain":0.0,"event_name":"Colosseum","player_choice":"Fight","floor":19.0,"gold_loss":0.0,"damage_taken":0.0},{"damage_healed":0.0,"max_hp_gain":0.0,"max_hp_loss":0.0,"gold_gain":0.0,"event_name":"Colosseum","player_choice":"Fought Nobs","floor":19.0,"gold_loss":0.0,"damage_taken":0.0},{"cards_removed":["Strike_G"],"damage_healed":0.0,"max_hp_gain":0.0,"max_hp_loss":0.0,"gold_gain":0.0,"event_name":"Beggar","player_choice":"Gave Gold","floor":20.0,"gold_loss":75.0,"damage_taken":0.0},{"damage_healed":0.0,"max_hp_gain":0.0,"max_hp_loss":0.0,"gold_gain":0.0,"event_name":"Drug Dealer","player_choice":"Inject Mutagens","floor":22.0,"gold_loss":0.0,"damage_taken":0.0,"relics_obtained":["MutagenicStrength"]},{"damage_healed":0.0,"max_hp_gain":0.0,"max_hp_loss":0.0,"gold_gain":0.0,"event_name":"Masked Bandits","player_choice":"Fought Bandits","floor":24.0,"gold_loss":0.0,"damage_taken":0.0},{"damage_healed":0.0,"max_hp_gain":0.0,"max_hp_loss":0.0,"gold_gain":222.0,"event_name":"Tomb of Lord Red Mask","player_choice":"Wore Mask","floor":36.0,"gold_loss":0.0,"damage_taken":0.0},{"damage_healed":0.0,"max_hp_gain":0.0,"max_hp_loss":0.0,"gold_gain":0.0,"event_name":"Winding Halls","player_choice":"Embrace Madness","floor":39.0,"gold_loss":0.0,"damage_taken":10.0,"cards_obtained":["Madness","Madness"]}],"is_beta":false,"boss_relics":[{"not_picked":["Astrolabe","Ring of the Serpent"],"picked":"Cursed Key"},{"not_picked":["Black Star","Orrery"],"picked":"Runic Dome"}],"items_purged_floors":[21,37,45],"is_endless":false,"potions_floor_spawned":[5,7,10,18,19,24,27,30,44,47,48],"killed_by":"The Heart","ascension_level":1}