{"gold_per_floor":[415,426,441,441,441,441,472,472,472,472,28,55,55,90,90,90],"floor_reached":16,"playtime":475,"items_purged":[],"score":207,"play_id":"d9840492-37a6-422e-8826-ed7bf91fcea9","local_time":"20190127001910","is_ascension_mode":true,"campfire_choices":[{"data":"Bash","floor":6,"key":"SMITH"},{"data":"Pummel","floor":8,"key":"SMITH"},{"data":"Clothesline","floor":10,"key":"SMITH"},{"data":"Transmutation","floor":13,"key":"SMITH"},{"floor":15,"key":"REST"}],"neow_cost":"CURSE","seed_source_timestamp":1487607361497811,"circlet_count":0,"master_deck":["AscendersBane","Strike_R","Strike_R","Strike_R","Strike_R","Strike_R","Defend_R+1","Defend_R+1","Defend_R","Defend_R","Bash+1","Clothesline+1","Pummel+1","Second Wind","Transmutation+1","Wild Strike"],"relics":["Burning Blood","Old Coin","Dodecahedron","War Paint","Gremlin Horn","Chemical X","Orichalcum","Omamori"],"potions_floor_usage":[7,16],"damage_taken":[{"damage":6,"enemies":"Cultist","floor":1,"turns":4},{"damage":8,"enemies":"2 Louse","floor":2,"turns":2},{"damage":17,"enemies":"Small Slimes","floor":3,"turns":4},{"damage":29,"enemies":"Gremlin Nob","floor":7,"turns":4},{"damage":15,"enemies":"Lagavulin","floor":14,"turns":7},{"damage":42,"enemies":"Hexaghost","floor":16,"turns":12}],"seed_played":"-5814785238740901977","potions_obtained":[{"floor":2,"key":"FearPotion"},{"floor":14,"key":"BloodPotion"}],"is_trial":false,"path_per_floor":["M","M","M","?","?","R","E","R","T","R","$","T","R","E","R","B"],"character_chosen":"IRONCLAD","items_purchased":["Chemical X","Transmutation"],"campfire_rested":1,"item_purchase_floors":[11,11],"current_hp_per_floor":[68,66,55,55,44,44,21,21,21,21,21,21,21,12,34,0],"gold":90,"neow_bonus":"ONE_RARE_RELIC","is_prod":false,"is_daily":false,"chose_seed":false,"campfire_upgraded":4,"win_rate":0,"timestamp":1548544750,"path_taken":["M","M","?","?","?","R","E","R","T","R","$","?","R","E","R","BOSS"],"build_version":"2019-01-23","purchased_purges":0,"victory":false,"max_hp_per_floor":[75,75,75,75,75,75,75,75,75,75,75,75,75,75,75,75],"card_choices":[{"not_picked":["Warcry","Perfected Strike","Heavy Blade"],"picked":"SKIP","floor":1},{"not_picked":["Headbutt","Corruption"],"picked":"Clothesline","floor":2},{"not_picked":["Rupture","Rampage"],"picked":"Pummel","floor":3},{"not_picked":["Exhume","Battle Trance"],"picked":"Second Wind","floor":7},{"not_picked":["Cleave","Clothesline"],"picked":"Wild Strike","floor":14}],"player_experience":942950,"relics_obtained":[{"floor":7,"key":"War Paint"},{"floor":9,"key":"Gremlin Horn"},{"floor":12,"key":"Orichalcum"},{"floor":14,"key":"Omamori"}],"event_choices":[{"cards_removed":["Doubt"],"damage_healed":0,"gold_gain":0,"player_choice":"Forget","damage_taken":0,"max_hp_gain":0,"max_hp_loss":0,"event_name":"Living Wall","floor":4,"gold_loss":0},{"damage_healed":0,"gold_gain":0,"player_choice":"Success","damage_taken":11,"relics_obtained":["Dodecahedron"],"max_hp_gain":0,"max_hp_loss":0,"event_name":"Scrap Ooze","floor":5,"gold_loss":0}],"is_beta":false,"boss_relics":[],"items_purged_floors":[],"is_endless":false,"potions_floor_spawned":[2,14],"killed_by":"Hexaghost","ascension_level":19}