{"gold_per_floor":[219,219,68,83,103,103,129,129,129,129,158,188,205,155,155,257,257,271,285,16,16,26,26,56,74,124,153,153,113,129,179,179,277,277,296,307,319,16,32,58,70,103,103,103,123,138,150,164,164,164,164,164,6,33,33],"floor_reached":55,"playtime":2315,"items_purged":[],"score":1209,"play_id":"3bb294ba-1681-497b-b7a9-0b3704f0d6f1","local_time":"20190209154143","is_ascension_mode":true,"campfire_choices":[{"data":"Iron Wave","floor":6.0,"key":"SMITH"},{"data":"Feed","floor":8.0,"key":"SMITH"},{"data":"Spot Weakness","floor":10.0,"key":"SMITH"},{"data":"Bash","floor":15.0,"key":"SMITH"},{"data":"Metallicize","floor":23.0,"key":"SMITH"},{"data":"Inflame","floor":28.0,"key":"SMITH"},{"data":"Pummel","floor":32.0,"key":"SMITH"},{"floor":49.0,"key":"RECALL"},{"data":"Pummel","floor":52.0,"key":"SMITH"}],"neow_cost":"NONE","seed_source_timestamp":561638250562564,"circlet_count":0,"master_deck":["AscendersBane","Strike_R","Strike_R+1","Strike_R+1","Strike_R","Defend_R","Defend_R","Defend_R","Bash+1","Iron Wave+1","Spot Weakness+1","Pummel+1","Clothesline","Feed+1","Inflame+1","Pummel+1","Reaper","Ghostly Armor+1","Metallicize+1","Disarm+1","Shame","Havoc+1","Seeing Red+1","Dropkick","Pummel","Exhume+1","Flex+1","True Grit+1","Seeing Red+1","Pommel Strike+1","Heavy Blade+1","Inflame+1","Shrug It Off+1","Parasite","Double Tap+1","Second Wind+1"],"special_seed":0,"relics":["Burning Blood","Vajra","Shuriken","Toxic Egg 2","Odd Mushroom","Bronze Scales","Runic Pyramid","Red Skull","Matryoshka","Paper Frog","Boot","PreservedInsect","Centennial Puzzle","Sozu","Bottled Lightning","Mercury Hourglass","Whetstone","Orichalcum","Happy Flower"],"potions_floor_usage":[],"damage_taken":[{"damage":11.0,"enemies":"Jaw Worm","floor":1.0,"turns":7.0},{"damage":6.0,"enemies":"Cultist","floor":4.0,"turns":3.0},{"damage":5.0,"enemies":"Small Slimes","floor":5.0,"turns":3.0},{"damage":15.0,"enemies":"Lagavulin","floor":7.0,"turns":3.0},{"damage":15.0,"enemies":"The Mushroom Lair","floor":11.0,"turns":4.0},{"damage":16.0,"enemies":"Gremlin Nob","floor":12.0,"turns":4.0},{"damage":0.0,"enemies":"Looter","floor":13.0,"turns":1.0},{"damage":29.0,"enemies":"Hexaghost","floor":16.0,"turns":5.0},{"damage":2.0,"enemies":"Chosen","floor":18.0,"turns":4.0},{"damage":15.0,"enemies":"Spheric Guardian","floor":19.0,"turns":4.0},{"damage":36.0,"enemies":"3 Cultists","floor":22.0,"turns":6.0},{"damage":65.0,"enemies":"Slavers","floor":24.0,"turns":4.0},{"damage":18.0,"enemies":"Centurion and Healer","floor":25.0,"turns":5.0},{"damage":9.0,"enemies":"Book of Stabbing","floor":27.0,"turns":4.0},{"damage":11.0,"enemies":"Snecko","floor":30.0,"turns":5.0},{"damage":32.0,"enemies":"Collector","floor":33.0,"turns":6.0},{"damage":33.0,"enemies":"3 Darklings","floor":35.0,"turns":5.0},{"damage":7.0,"enemies":"Orb Walker","floor":36.0,"turns":3.0},{"damage":23.0,"enemies":"Spire Growth","floor":37.0,"turns":3.0},{"damage":26.0,"enemies":"3 Darklings","floor":39.0,"turns":3.0},{"damage":22.0,"enemies":"Reptomancer","floor":40.0,"turns":4.0},{"damage":24.0,"enemies":"Jaw Worm Horde","floor":41.0,"turns":3.0},{"damage":11.0,"enemies":"Nemesis","floor":42.0,"turns":3.0},{"damage":19.0,"enemies":"Maw","floor":45.0,"turns":4.0},{"damage":18.0,"enemies":"3 Darklings","floor":46.0,"turns":3.0},{"damage":13.0,"enemies":"Writhing Mass","floor":47.0,"turns":4.0},{"damage":4.0,"enemies":"Maw","floor":48.0,"turns":5.0},{"damage":88.0,"enemies":"Awakened One","floor":50.0,"turns":9.0},{"damage":40.0,"enemies":"Shield and Spear","floor":54.0,"turns":5.0},{"damage":159,"enemies":"The Heart","floor":55,"turns":6}],"seed_played":"-4742167207782163438","potions_obtained":[{"floor":5.0,"key":"FearPotion"},{"floor":7.0,"key":"LiquidBronze"},{"floor":12.0,"key":"FearPotion"},{"floor":13.0,"key":"LiquidBronze"},{"floor":24.0,"key":"Block Potion"},{"floor":29.0,"key":"AttackPotion"},{"floor":29.0,"key":"Strength Potion"},{"floor":29.0,"key":"FearPotion"}],"is_trial":false,"path_per_floor":["M","?","$","M","M","R","E","R","T","R","?","E","M","?","R","B",null,"M","M","$","?","M","R","E","M","T","E","R","?","M","?","R","B",null,"M","M","M","$","M","E","M","E","T","?","M","M","M","M","R","B",null,"R","$","E","B"],"character_chosen":"IRONCLAD","items_purchased":["Vajra","Metallicize","Disarm+1","Red Skull","Bottled Lightning","Seeing Red+1","Double Tap+1"],"campfire_rested":0,"item_purchase_floors":[3,20,20,20,38,38,53],"current_hp_per_floor":[67,67,67,67,68,68,59,59,59,59,54,44,50,50,50,27,70,78,73,73,73,64,64,32,51,51,69,69,69,68,68,68,47,93,112,115,116,116,100,118,112,117,117,117,104,132,136,140,140,76,124,124,124,112,0],"gold":33,"neow_bonus":"HUNDRED_GOLD","is_prod":false,"is_daily":false,"chose_seed":false,"campfire_upgraded":8,"win_rate":0,"timestamp":1549723303,"path_taken":["M","?","?","?","M","R","E","R","T","R","?","E","M","?","R","BOSS","M","M","$","?","M","R","E","M","T","E","R","?","?","?","R","BOSS","M","M","M","$","?","E","M","E","T","?","M","M","M","M","R","BOSS","R","$","E","BOSS"],"build_version":"2019-01-23","purchased_purges":0,"victory":false,"max_hp_per_floor":[80,80,80,80,80,80,80,80,80,80,84,84,84,84,84,84,84,88,92,92,92,96,96,96,100,100,104,104,104,108,108,108,108,108,112,116,116,116,120,124,128,128,128,128,128,132,136,140,140,140,140,140,140,140,140],"card_choices":[{"not_picked":["Thunderclap","Heavy Blade"],"picked":"Iron Wave","floor":1.0},{"not_picked":["Rupture","Searing Blow"],"picked":"Pummel","floor":4.0},{"not_picked":["Headbutt","Burning Pact"],"picked":"Clothesline","floor":5.0},{"not_picked":["Battle Trance","Wild Strike"],"picked":"Feed","floor":7.0},{"not_picked":["Thunderclap","Perfected Strike"],"picked":"Inflame","floor":11.0},{"not_picked":["Feel No Pain","Headbutt","Cleave"],"picked":"SKIP","floor":12.0},{"not_picked":["Sword Boomerang","Hemokinesis"],"picked":"Pummel","floor":13.0},{"not_picked":["Bludgeon","Fiend Fire"],"picked":"Reaper","floor":16.0},{"not_picked":["Headbutt","Pommel Strike","Battle Trance+1"],"picked":"SKIP","floor":18.0},{"not_picked":["Perfected Strike","Body Slam"],"picked":"Ghostly Armor+1","floor":19.0},{"not_picked":["Headbutt+1","Shockwave+1","Hemokinesis+1"],"picked":"SKIP","floor":22.0},{"not_picked":["Twin Strike","Cleave"],"picked":"Havoc+1","floor":24.0},{"not_picked":["Flex+1","Searing Blow+1"],"picked":"Seeing Red+1","floor":25.0},{"not_picked":["Combust+1","Cleave"],"picked":"Dropkick","floor":27.0},{"not_picked":["Clothesline","Blood for Blood+1"],"picked":"Pummel","floor":30.0},{"not_picked":["Berserk","Feed"],"picked":"Exhume+1","floor":33.0},{"not_picked":["Heavy Blade","Clash"],"picked":"Flex+1","floor":35.0},{"not_picked":["Bloodletting+1","Spot Weakness+1"],"picked":"True Grit+1","floor":36.0},{"not_picked":["Dropkick+1","Iron Wave+1","Whirlwind"],"picked":"SKIP","floor":37.0},{"not_picked":["Corruption","True Grit+1"],"picked":"Pommel Strike+1","floor":39.0},{"not_picked":["Ghostly Armor+1","Burning Pact+1","Pommel Strike"],"picked":"SKIP","floor":40.0},{"not_picked":["Armaments+1","Body Slam","Twin Strike+1"],"picked":"SKIP","floor":41.0},{"not_picked":["Exhume+1","Warcry+1"],"picked":"Heavy Blade+1","floor":42.0},{"not_picked":["True Grit+1","Hemokinesis"],"picked":"Inflame+1","floor":45.0},{"not_picked":["True Grit+1","Combust+1"],"picked":"Shrug It Off+1","floor":46.0},{"not_picked":["Rupture+1","Rage+1","Wild Strike+1"],"picked":"SKIP","floor":47.0},{"not_picked":["Body Slam+1","Armaments+1","Headbutt+1"],"picked":"SKIP","floor":48.0},{"not_picked":["Feel No Pain","Juggernaut"],"picked":"Second Wind+1","floor":54.0}],"player_experience":1009787,"relics_obtained":[{"floor":7.0,"key":"Shuriken"},{"floor":9.0,"key":"Toxic Egg 2"},{"floor":11.0,"key":"Odd Mushroom"},{"floor":12.0,"key":"Bronze Scales"},{"floor":24.0,"key":"Paper Frog"},{"floor":26.0,"key":"Boot"},{"floor":26.0,"key":"PreservedInsect"},{"floor":27.0,"key":"Centennial Puzzle"},{"floor":40.0,"key":"Mercury Hourglass"},{"floor":42.0,"key":"Whetstone"},{"floor":43.0,"key":"Orichalcum"},{"floor":54.0,"key":"Happy Flower"}],"event_choices":[{"damage_healed":0.0,"max_hp_gain":0.0,"max_hp_loss":0.0,"gold_gain":0.0,"cards_transformed":["Defend_R"],"event_name":"Living Wall","player_choice":"Change","floor":2.0,"gold_loss":0.0,"damage_taken":0.0,"cards_obtained":["Spot Weakness"]},{"damage_healed":0.0,"max_hp_gain":0.0,"max_hp_loss":0.0,"gold_gain":0.0,"event_name":"Mushrooms","player_choice":"Fought Mushrooms","floor":11.0,"gold_loss":0.0,"damage_taken":0.0},{"cards_removed":["Strike_R"],"damage_healed":0.0,"max_hp_gain":0.0,"max_hp_loss":0.0,"gold_gain":0.0,"event_name":"The Cleric","player_choice":"Card Removal","floor":14.0,"gold_loss":50.0,"damage_taken":0.0},{"damage_healed":0.0,"max_hp_gain":0.0,"max_hp_loss":0.0,"gold_gain":0.0,"event_name":"Addict","player_choice":"Stole Relic","floor":21.0,"gold_loss":0.0,"damage_taken":0.0,"relics_obtained":["Matryoshka"],"cards_obtained":["Shame"]},{"damage_healed":0.0,"max_hp_gain":0.0,"max_hp_loss":0.0,"gold_gain":0.0,"event_name":"The Woman in Blue","player_choice":"Bought 3 Potions","floor":29.0,"gold_loss":0.0,"damage_taken":0.0},{"damage_healed":0.0,"max_hp_gain":0.0,"max_hp_loss":0.0,"gold_gain":100.0,"event_name":"The Joust","player_choice":"Bet on Murderer","floor":31.0,"gold_loss":50.0,"damage_taken":0.0},{"damage_healed":0.0,"max_hp_gain":0.0,"max_hp_loss":0.0,"gold_gain":0.0,"event_name":"Lab","player_choice":"Got Potions","floor":44.0,"gold_loss":0.0,"damage_taken":0.0}],"is_beta":false,"boss_relics":[{"not_picked":["Lizard Tail","Runic Dome"],"picked":"Runic Pyramid"},{"not_picked":["Runic Cube","White Beast Statue"],"picked":"Sozu"}],"items_purged_floors":[],"is_endless":false,"potions_floor_spawned":[5,7,12,13,24,30,35,36,37,40,42,54],"killed_by":"The Heart","ascension_level":10}