{"gold_per_floor":[109,109,123,141,43,43,71,71,95,95,45,45,74,87,87,182,182,194,210,226,238,252,252,286,286,286,286,40,72,107,118,118,217,217,227,227,8,20,40,65,65,98,98,128,45,45,70,103,103,103],"floor_reached":51,"playtime":2189,"items_purged":["Defend_B","Strike_B"],"score":1442,"play_id":"67a4dd1c-6205-48df-b294-922bfb7c02f7","local_time":"20190210164930","is_ascension_mode":true,"campfire_choices":[{"data":"Dualcast","floor":6.0,"key":"SMITH"},{"data":"Doom and Gloom","floor":10.0,"key":"SMITH"},{"data":"Go for the Eyes","floor":12.0,"key":"SMITH"},{"data":"Chaos","floor":15.0,"key":"SMITH"},{"data":"Scrape","floor":23.0,"key":"SMITH"},{"data":"Loop","floor":25.0,"key":"SMITH"},{"data":"All For One","floor":27.0,"key":"SMITH"},{"data":"Seek","floor":32.0,"key":"SMITH"},{"data":"Defragment","floor":41,"key":"SMITH"},{"data":"FTL","floor":46,"key":"SMITH"},{"floor":49,"key":"REST"}],"neow_cost":"NONE","seed_source_timestamp":652601949130645,"circlet_count":0,"master_deck":["AscendersBane","Defend_B","Defend_B","Defend_B","Zap+1","Dualcast+1","BootSequence","Go for the Eyes+1","Doom and Gloom+1","Leap","Cold Snap+1","Conserve Battery","Scrape+1","Chaos+1","All For One+1","Redo+1","BootSequence","Loop+1","Ball Lightning+1","Scrape+1","Regret","Beam Cell+1","Rebound+1","Seek+1","Echo Form","Turbo+1","Scrape+1","Lockon+1","Defragment+1","FTL+1","Coolheaded+1","Regret","Undo+1","Stack+1","Glacier+1"],"special_seed":0,"relics":["Cracked Core","PreservedInsect","Meat on the Bone","WingedGreaves","Lantern","Bronze Scales","Cursed Key","Art of War","Du-Vu Doll","Symbiotic Virus","Dream Catcher","Darkstone Periapt","Astrolabe","The Courier","Bag of Preparation","Torii","Toxic Egg 2","Whetstone","Centennial Puzzle"],"potions_floor_usage":[47,50,50],"damage_taken":[{"damage":0.0,"enemies":"2 Louse","floor":1.0,"turns":2.0},{"damage":0.0,"enemies":"Cultist","floor":3.0,"turns":3.0},{"damage":0.0,"enemies":"Jaw Worm","floor":4.0,"turns":3.0},{"damage":26.0,"enemies":"Gremlin Nob","floor":7.0,"turns":4.0},{"damage":10.0,"enemies":"Lagavulin","floor":13.0,"turns":5.0},{"damage":4.0,"enemies":"Lots of Slimes","floor":14.0,"turns":3.0},{"damage":24.0,"enemies":"The Guardian","floor":16.0,"turns":11.0},{"damage":0.0,"enemies":"Chosen","floor":18.0,"turns":4.0},{"damage":0.0,"enemies":"Shell Parasite","floor":19.0,"turns":4.0},{"damage":15.0,"enemies":"Snake Plant","floor":20.0,"turns":4.0},{"damage":12.0,"enemies":"Centurion and Healer","floor":21.0,"turns":7.0},{"damage":6.0,"enemies":"Shelled Parasite and Fungi","floor":22.0,"turns":4.0},{"damage":21.0,"enemies":"Gremlin Leader","floor":24.0,"turns":5.0},{"damage":7.0,"enemies":"Book of Stabbing","floor":29.0,"turns":3.0},{"damage":1.0,"enemies":"Gremlin Leader","floor":30.0,"turns":5.0},{"damage":0.0,"enemies":"Snake Plant","floor":31.0,"turns":2.0},{"damage":45.0,"enemies":"Automaton","floor":33.0,"turns":8.0},{"damage":0.0,"enemies":"Orb Walker","floor":35.0,"turns":2.0},{"damage":6.0,"enemies":"3 Darklings","floor":38.0,"turns":2.0},{"damage":23,"enemies":"Writhing Mass","floor":39,"turns":4},{"damage":0,"enemies":"Reptomancer","floor":40,"turns":5},{"damage":22,"enemies":"Giant Head","floor":42,"turns":6},{"damage":3,"enemies":"Nemesis","floor":44,"turns":3},{"damage":32,"enemies":"Giant Head","floor":47,"turns":6},{"damage":0,"enemies":"Nemesis","floor":48,"turns":3},{"damage":39,"enemies":"Time Eater","floor":50,"turns":8}],"seed_played":"1875030061138729239","potions_obtained":[{"floor":3.0,"key":"Swift Potion"},{"floor":7.0,"key":"SkillPotion"},{"floor":14.0,"key":"SteroidPotion"},{"floor":16.0,"key":"SkillPotion"},{"floor":18.0,"key":"Poison Potion"},{"floor":20.0,"key":"Weak Potion"},{"floor":29.0,"key":"Block Potion"},{"floor":30.0,"key":"SkillPotion"},{"floor":31.0,"key":"EssenceOfSteel"},{"floor":35.0,"key":"Energy Potion"},{"floor":36.0,"key":"SteroidPotion"},{"floor":36.0,"key":"Swift Potion"},{"floor":44,"key":"Dexterity Potion"}],"is_trial":false,"path_per_floor":["M","?","M","M","$","R","E","T","T","R","$","R","E","M","R","B",null,"M","M","M","M","M","R","E","R","T","R","$","E","E","M","R","B",null,"M","?","$","M","M","E","R","E","T","E","$","R","E","E","R","B",null],"character_chosen":"DEFECT","items_purchased":["Leap","Conserve Battery","Symbiotic Virus","Defragment","FTL","Regen Potion","Stack+1"],"campfire_rested":1,"item_purchase_floors":[5,11,28,37,37,45,45],"current_hp_per_floor":[68,68,68,68,68,68,42,42,42,42,42,42,44,40,40,28,63,63,63,48,48,42,42,33,33,33,33,33,38,49,49,49,16,60,60,60,60,54,43,43,43,33,39,48,48,48,43,43,67,40],"gold":103,"neow_bonus":"RANDOM_COMMON_RELIC","is_prod":false,"is_daily":false,"chose_seed":false,"campfire_upgraded":10,"win_rate":0,"timestamp":1549813770,"path_taken":["M","?","?","M","$","R","E","?","T","R","$","R","E","M","R","BOSS","M","M","M","M","M","R","E","R","T","R","$","E","E","M","R","BOSS","M","?","$","M","?","E","R","E","T","E","$","R","E","E","R","BOSS"],"build_version":"2019-01-23","purchased_purges":2,"victory":true,"max_hp_per_floor":[75,75,75,75,75,75,75,75,75,75,75,75,75,75,75,75,75,75,75,75,75,75,75,75,75,75,75,75,75,75,75,75,75,75,75,75,75,75,75,75,75,75,81,81,81,81,81,81,81,81],"card_choices":[{"not_picked":["Rebound","Leap"],"picked":"BootSequence","floor":1.0},{"not_picked":["Barrage","Consume"],"picked":"Go for the Eyes","floor":3.0},{"not_picked":["Coolheaded","Beam Cell"],"picked":"Doom and Gloom","floor":4.0},{"not_picked":["Hologram","Lockon"],"picked":"Cold Snap","floor":7.0},{"not_picked":["Aggregate","Force Field"],"picked":"Scrape","floor":13.0},{"not_picked":["Reinforced Body","Gash"],"picked":"Chaos","floor":14.0},{"not_picked":["Hyperbeam","Creative AI"],"picked":"All For One","floor":16.0},{"not_picked":["Leap","Aggregate","Heatsinks"],"picked":"SKIP","floor":18.0},{"not_picked":["Turbo","All For One"],"picked":"Redo+1","floor":19.0},{"not_picked":["Auto Shields","Double Energy"],"picked":"BootSequence","floor":20.0},{"not_picked":["Recycle","Stack"],"picked":"Loop","floor":21.0},{"not_picked":["Rebound","Streamline"],"picked":"Ball Lightning","floor":22.0},{"not_picked":["Leap","Coolheaded"],"picked":"Scrape+1","floor":24.0},{"not_picked":["Go for the Eyes+1","Turbo"],"picked":"Beam Cell+1","floor":29.0},{"not_picked":["Beam Cell","Gash"],"picked":"Rebound+1","floor":30.0},{"not_picked":["Go for the Eyes+1","Cold Snap"],"picked":"Seek","floor":31.0},{"not_picked":["Biased Cognition","Hyperbeam"],"picked":"Echo Form","floor":33.0},{"not_picked":["Heatsinks","Ball Lightning","Aggregate+1"],"picked":"SKIP","floor":35.0},{"not_picked":["Heatsinks","Steam","Beam Cell"],"picked":"SKIP","floor":38.0},{"not_picked":["Ball Lightning","Rebound"],"picked":"Coolheaded+1","floor":39},{"not_picked":["Sweeping Beam","Conserve Battery","Reprogram+1"],"picked":"SKIP","floor":40},{"not_picked":["Streamline","Darkness","Hyperbeam"],"picked":"SKIP","floor":42},{"not_picked":["Sunder+1","Reprogram"],"picked":"Undo","floor":44},{"not_picked":["Barrage","Ball Lightning","Turbo+1"],"picked":"SKIP","floor":47},{"not_picked":["Redo+1","Lockon+1","Doom and Gloom"],"picked":"SKIP","floor":48},{"not_picked":["Coolheaded+1","Gash+1"],"picked":"Glacier+1","floor":49}],"player_experience":1025572,"relics_obtained":[{"floor":7.0,"key":"Meat on the Bone"},{"floor":8.0,"key":"WingedGreaves"},{"floor":9.0,"key":"Lantern"},{"floor":13.0,"key":"Bronze Scales"},{"floor":24.0,"key":"Art of War"},{"floor":26.0,"key":"Du-Vu Doll"},{"floor":29.0,"key":"Dream Catcher"},{"floor":30.0,"key":"Darkstone Periapt"},{"floor":40,"key":"The Courier"},{"floor":42,"key":"Bag of Preparation"},{"floor":43,"key":"Torii"},{"floor":44,"key":"Toxic Egg 2"},{"floor":47,"key":"Whetstone"},{"floor":48,"key":"Centennial Puzzle"}],"event_choices":[{"damage_healed":0.0,"max_hp_gain":0.0,"max_hp_loss":0.0,"gold_gain":0.0,"event_name":"Upgrade Shrine","player_choice":"Upgraded","floor":2.0,"gold_loss":0.0,"damage_taken":0.0,"cards_upgraded":["Zap"]},{"damage_healed":0.0,"max_hp_gain":0.0,"max_hp_loss":0.0,"gold_gain":0.0,"event_name":"Lab","player_choice":"Got Potions","floor":36.0,"gold_loss":0.0,"damage_taken":0.0}],"is_beta":false,"boss_relics":[{"not_picked":["Coffee Dripper","Philosopher\u0027s Stone"],"picked":"Cursed Key"},{"not_picked":["Fusion Hammer","FrozenCore"],"picked":"Astrolabe"}],"items_purged_floors":[5,37],"is_endless":false,"potions_floor_spawned":[3,7,14,16,18,20,29,30,31,35,44],"ascension_level":10}