{"gold_per_floor":[119,119,38,38,4,4,23,23,23,35,53,70,89,100,100,201,201,218,133,58,58,75,75,101,117,117,117,128,154,154,154,154,257,287,301,313,329,24,24,53,53,86,86,98,46,63,93,106,106,106],"floor_reached":51,"playtime":4782,"items_purged":["Pain","Normality"],"score":806,"play_id":"86abf3c8-17d7-45e2-b0fc-cbe360616a1a","local_time":"20180712235459","is_ascension_mode":true,"campfire_choices":[{"data":"Fiend Fire","floor":6.0,"key":"SMITH"},{"data":"Hemokinesis","floor":8.0,"key":"SMITH"},{"data":"Dual Wield","floor":15.0,"key":"SMITH"},{"data":"Demon Form","floor":23.0,"key":"SMITH"},{"data":"Heavy Blade","floor":27.0,"key":"SMITH"},{"data":"Heavy Blade","floor":30.0,"key":"SMITH"},{"floor":32.0,"key":"REST"},{"data":"Double Tap","floor":41.0,"key":"SMITH"},{"floor":49.0,"key":"REST"}],"neow_cost":"CURSE","seed_source_timestamp":155034765647865,"circlet_count":0,"master_deck":["Strike_R","Strike_R","Strike_R","Strike_R","Strike_R","Defend_R+1","Defend_R","Defend_R","Defend_R","Bash","Fiend Fire+1","Wild Strike+1","Feel No Pain+1","Hemokinesis+1","Warcry","Heavy Blade+1","Cleave","Dual Wield+1","Demon Form+1","Dual Wield+1","Decay","Inflame+1","Battle Trance","Heavy Blade+1","Offering","Double Tap+1","Limit Break","Bandage Up"],"special_seed":0,"relics":["Burning Blood","Bag of Preparation","Vajra","Velvet Choker","Gremlin Horn","Pear","Bottled Tornado","Happy Flower","Tiny House","Potion Belt","Red Skull","Question Card","Meat on the Bone"],"potions_floor_usage":[50,50],"damage_taken":[{"damage":2.0,"enemies":"2 Louse","floor":1.0,"turns":3.0},{"damage":0.0,"enemies":"Cultist","floor":7.0,"turns":1.0},{"damage":0.0,"enemies":"Small Slimes","floor":10.0,"turns":1.0},{"damage":2.0,"enemies":"Blue Slaver","floor":11.0,"turns":2.0},{"damage":3.0,"enemies":"2 Fungi Beasts","floor":12.0,"turns":2.0},{"damage":13.0,"enemies":"Exordium Wildlife","floor":13.0,"turns":4.0},{"damage":28.0,"enemies":"Exordium Thugs","floor":14.0,"turns":4.0},{"damage":10.0,"enemies":"Slime Boss","floor":16.0,"turns":7.0},{"damage":8.0,"enemies":"Chosen","floor":18.0,"turns":3.0},{"damage":7.0,"enemies":"Shell Parasite","floor":22.0,"turns":3.0},{"damage":36.0,"enemies":"Slavers","floor":24.0,"turns":4.0},{"damage":0.0,"enemies":"Snake Plant","floor":25.0,"turns":2.0},{"damage":12.0,"enemies":"3 Cultists","floor":28.0,"turns":4.0},{"damage":44.0,"enemies":"Gremlin Leader","floor":29.0,"turns":5.0},{"damage":50.0,"enemies":"Collector","floor":33.0,"turns":4.0},{"damage":25.0,"enemies":"Flame Bruiser 1 Orb","floor":35.0,"turns":4.0},{"damage":22.0,"enemies":"Orb Walker","floor":36.0,"turns":3.0},{"damage":24.0,"enemies":"Sphere and 2 Shapes","floor":37.0,"turns":5.0},{"damage":14.0,"enemies":"2 Orb Walkers","floor":40.0,"turns":2.0},{"damage":23.0,"enemies":"Giant Head","floor":42.0,"turns":5.0},{"damage":8.0,"enemies":"4 Shapes","floor":44.0,"turns":4.0},{"damage":5.0,"enemies":"Maw","floor":46.0,"turns":4.0},{"damage":17.0,"enemies":"2 Orb Walkers","floor":47.0,"turns":3.0},{"damage":5.0,"enemies":"Sphere and 2 Shapes","floor":48.0,"turns":3.0},{"damage":58,"enemies":"Time Eater","floor":50,"turns":5}],"seed_played":"-5640719681110040314","potions_obtained":[{"floor":10.0,"key":"PowerPotion"},{"floor":13.0,"key":"SkillPotion"},{"floor":14.0,"key":"FearPotion"},{"floor":16.0,"key":"SneckoOil"},{"floor":22.0,"key":"BloodPotion"},{"floor":29.0,"key":"PowerPotion"},{"floor":34.0,"key":"SmokeBomb"},{"floor":36.0,"key":"SkillPotion"},{"floor":40.0,"key":"EssenceOfSteel"},{"floor":42.0,"key":"FearPotion"},{"floor":46.0,"key":"Swift Potion"}],"is_trial":false,"path_per_floor":["M","?","$","?","$","R","M","R","T","M","M","M","M","M","R","B",null,"M","?","$","?","M","R","E","M","T","R","M","E","R","?","R","B",null,"M","M","M","$","?","E","R","E","T","M","$","M","E","M","R","B"],"character_chosen":"IRONCLAD","items_purchased":["Feel No Pain","Hemokinesis","Limit Break","SteroidPotion","Block Potion"],"campfire_rested":2,"item_purchase_floors":[3,5,38,38,45],"current_hp_per_floor":[80,80,80,64,64,64,70,70,70,76,80,80,73,51,51,47,80,78,78,78,78,77,77,57,63,63,63,57,19,19,19,46,11,95,76,60,42,42,42,34,34,21,21,23,23,28,21,34,62,26],"gold":106,"neow_bonus":"THREE_RARE_CARDS","is_prod":false,"is_daily":false,"chose_seed":false,"campfire_upgraded":7,"win_rate":0,"timestamp":1531454099,"path_taken":["M","?","$","?","$","R","M","R","T","M","M","M","M","M","R","BOSS","M","?","$","?","M","R","E","M","T","R","M","E","R","?","R","BOSS","M","?","?","$","?","E","R","E","T","M","$","?","E","M","R","BOSS"],"build_version":"2018-07-12","purchased_purges":2,"victory":true,"max_hp_per_floor":[80,80,80,80,80,80,80,80,80,80,80,80,80,80,80,80,80,80,80,80,80,80,80,90,90,90,90,90,90,90,90,90,90,95,95,95,95,95,95,95,95,95,95,95,95,95,95,95,95,95],"card_choices":[{"not_picked":["Exhume","Brutality"],"picked":"Fiend Fire","floor":0.0},{"not_picked":["Cleave","Rampage"],"picked":"Wild Strike","floor":1.0},{"not_picked":["Iron Wave","Combust","Hemokinesis"],"picked":"SKIP","floor":7.0},{"not_picked":["Bloodletting","Iron Wave","Battle Trance"],"picked":"SKIP","floor":10.0},{"not_picked":["Shrug It Off","Bloodletting"],"picked":"Warcry","floor":11.0},{"not_picked":["Second Wind","Shrug It Off"],"picked":"Heavy Blade","floor":12.0},{"not_picked":["Hemokinesis","Evolve"],"picked":"Cleave","floor":13.0},{"not_picked":["Body Slam","Thunderclap"],"picked":"Dual Wield","floor":14.0},{"not_picked":["Impervious","Fiend Fire"],"picked":"Demon Form","floor":16.0},{"not_picked":["Headbutt","Blood for Blood+1"],"picked":"Dual Wield+1","floor":18.0},{"not_picked":["Infernal Blade","Cleave","Armaments"],"picked":"SKIP","floor":22.0},{"not_picked":["Clothesline","Iron Wave"],"picked":"Inflame+1","floor":24.0},{"not_picked":["Sentinel+1","Thunderclap"],"picked":"Battle Trance","floor":25.0},{"not_picked":["Havoc","Wild Strike","Cleave+1"],"picked":"SKIP","floor":28.0},{"not_picked":["Bloodletting","Body Slam"],"picked":"Heavy Blade","floor":29.0},{"not_picked":["Bludgeon","Feed"],"picked":"Double Tap","floor":33.0},{"not_picked":["Iron Wave","Uppercut","Sword Boomerang"],"picked":"SKIP","floor":35.0},{"not_picked":["True Grit","Armaments","Wild Strike"],"picked":"SKIP","floor":36.0},{"not_picked":["Sentinel+1","Corruption","Warcry+1"],"picked":"SKIP","floor":37.0},{"not_picked":["Blind","Dramatic Entrance"],"picked":"Bandage Up","floor":39.0},{"not_picked":["Dual Wield+1","Anger+1","Hemokinesis"],"picked":"SKIP","floor":40.0},{"not_picked":["Seeing Red","Warcry","Anger+1"],"picked":"SKIP","floor":42.0},{"not_picked":["Thunderclap+1","Flex","Seeing Red+1","Fiend Fire"],"picked":"SKIP","floor":44.0},{"not_picked":["Battle Trance","Armaments","Twin Strike","Intimidate"],"picked":"SKIP","floor":46.0},{"not_picked":["Battle Trance+1","Metallicize","Rampage+1","Rage"],"picked":"SKIP","floor":47.0},{"not_picked":["Perfected Strike+1","Battle Trance","Cleave","Intimidate+1"],"picked":"SKIP","floor":48.0}],"player_experience":149111,"relics_obtained":[{"floor":9.0,"key":"Vajra"},{"floor":24.0,"key":"Pear"},{"floor":26.0,"key":"Bottled Tornado"},{"floor":29.0,"key":"Happy Flower"},{"floor":40.0,"key":"Potion Belt"},{"floor":42.0,"key":"Red Skull"},{"floor":43.0,"key":"Question Card"},{"floor":47.0,"key":"Meat on the Bone"}],"event_choices":[{"event_name":"Accursed Blacksmith","player_choice":"Rummage","floor":2.0,"damage_taken":0.0},{"event_name":"Shining Light","player_choice":"Entered Light","floor":4.0,"damage_taken":0.0},{"event_name":"Addict","player_choice":"Obtained Relic","floor":19.0,"damage_taken":0.0},{"event_name":"Wheel of Change","player_choice":"Curse","floor":21.0,"damage_taken":0.0},{"event_name":"The Library","player_choice":"Read","floor":31.0,"damage_taken":0.0},{"event_name":"SensoryStone","player_choice":"Memory 1","floor":39.0,"damage_taken":0.0}],"boss_relics":[{"not_picked":["Runic Dome","Black Blood"],"picked":"Velvet Choker"},{"not_picked":["Fusion Hammer","Runic Pyramid"],"picked":"Tiny House"}],"items_purged_floors":[20,38],"is_endless":false,"potions_floor_spawned":[10,13,14,16,22,29,36,40,42,46],"ascension_level":1}