{"gold_per_floor":[99,99,111,123,143,169,182,182,182,214,228,193,193,60,60,158,158,175,175,175,194,209,209],"floor_reached":23,"playtime":2214,"items_purged":[],"score":203,"play_id":"07caa94d-f922-4030-8c03-5716c6fbef7e","local_time":"20190115180248","is_ascension_mode":false,"campfire_choices":[{"floor":8.0,"key":"REST"},{"data":"Sword Boomerang","floor":13.0,"key":"SMITH"},{"data":"Metallicize","floor":15.0,"key":"SMITH"}],"neow_cost":"NONE","seed_source_timestamp":0,"circlet_count":0,"master_deck":["Strike_R","Strike_R","Strike_R","Strike_R","Strike_R","Defend_R","Defend_R+1","Defend_R","Defend_R","Bash","Searing Blow","Disarm+1","Thunderclap","Pommel Strike","Pommel Strike","Sword Boomerang+1","Sword Boomerang","Sword Boomerang","Metallicize+1","Armaments","Feed+1","Pommel Strike+1","Clothesline","Spot Weakness","Perfected Strike"],"special_seed":0,"relics":["Burning Blood","War Paint","Gremlin Horn","Question Card","Lizard Tail"],"potions_floor_usage":[21],"damage_taken":[{"damage":3.0,"enemies":"Small Slimes","floor":1.0,"turns":4.0},{"damage":6.0,"enemies":"Cultist","floor":3.0,"turns":3.0},{"damage":0.0,"enemies":"2 Louse","floor":4.0,"turns":2.0},{"damage":28.0,"enemies":"Exordium Thugs","floor":5.0,"turns":4.0},{"damage":38.0,"enemies":"3 Sentries","floor":6.0,"turns":8.0},{"damage":5.0,"enemies":"Lots of Slimes","floor":7.0,"turns":4.0},{"damage":12.0,"enemies":"Gremlin Nob","floor":10.0,"turns":4.0},{"damage":6.0,"enemies":"Exordium Wildlife","floor":11.0,"turns":3.0},{"damage":32.0,"enemies":"The Guardian","floor":16.0,"turns":13.0},{"damage":9,"enemies":"Chosen","floor":18,"turns":6},{"damage":25,"enemies":"Spheric Guardian","floor":21,"turns":6},{"damage":63,"enemies":"Centurion and Healer","floor":22,"turns":14},{"damage":51,"enemies":"Slavers","floor":23,"turns":3}],"seed_played":"5436224119572760172","potions_obtained":[{"floor":2.0,"key":"Poison Potion"},{"floor":2.0,"key":"Weak Potion"},{"floor":2.0,"key":"SkillPotion"},{"floor":7.0,"key":"Poison Potion"},{"floor":10.0,"key":"Energy Potion"},{"floor":16.0,"key":"Block Potion"}],"is_trial":false,"path_per_floor":["M","?","M","M","M","E","M","R","T","E","M","?","R","$","R","B",null,"M","?","?","M","M","E"],"character_chosen":"IRONCLAD","items_purchased":["Metallicize","Armaments"],"campfire_rested":1,"item_purchase_floors":[14,14],"current_hp_per_floor":[80,80,80,80,58,26,27,51,51,45,45,65,65,65,65,39,80,77,77,77,58,45,0],"gold":209,"neow_bonus":"THREE_CARDS","is_prod":false,"is_daily":false,"chose_seed":false,"campfire_upgraded":2,"win_rate":0.0,"timestamp":1547535768,"path_taken":["M","?","?","M","M","E","M","R","T","E","M","?","R","$","R","BOSS","M","?","?","M","M","E"],"build_version":"2019-01-10","purchased_purges":0,"victory":false,"max_hp_per_floor":[80,80,80,80,80,80,80,80,80,80,80,80,80,80,80,80,80,80,80,80,80,84,84],"card_choices":[{"not_picked":["Second Wind","Hemokinesis"],"picked":"Searing Blow","floor":0.0},{"not_picked":["Iron Wave","Inflame","Battle Trance"],"picked":"SKIP","floor":1.0},{"not_picked":["Warcry","Shrug It Off"],"picked":"Disarm","floor":3.0},{"not_picked":["Entrench","Dropkick"],"picked":"Thunderclap","floor":4.0},{"not_picked":["Rupture","Havoc"],"picked":"Pommel Strike","floor":5.0},{"not_picked":["Fire Breathing","Hemokinesis"],"picked":"Pommel Strike","floor":6.0},{"not_picked":["Pommel Strike","Wild Strike"],"picked":"Sword Boomerang","floor":7.0},{"not_picked":["Reckless Charge","Thunderclap"],"picked":"Sword Boomerang","floor":10.0},{"not_picked":["Disarm","Heavy Blade","Feel No Pain"],"picked":"Sword Boomerang","floor":11.0},{"not_picked":["Dark Embrace","Immolate","Reaper"],"picked":"Feed","floor":16.0},{"not_picked":["Dropkick+1","Perfected Strike+1","True Grit+1"],"picked":"Pommel Strike+1","floor":18},{"not_picked":["Pommel Strike","Headbutt","Wild Strike"],"picked":"Spot Weakness","floor":21},{"not_picked":["Infernal Blade","Combust","Dual Wield"],"picked":"Perfected Strike","floor":22}],"player_experience":54352,"relics_obtained":[{"floor":6.0,"key":"War Paint"},{"floor":9.0,"key":"Gremlin Horn"},{"floor":10.0,"key":"Question Card"}],"event_choices":[{"damage_healed":0.0,"max_hp_gain":0.0,"max_hp_loss":0.0,"gold_gain":0.0,"event_name":"Lab","player_choice":"Got Potions","floor":2.0,"gold_loss":0.0,"damage_taken":0.0},{"damage_healed":20.0,"max_hp_gain":0.0,"max_hp_loss":0.0,"gold_gain":0.0,"event_name":"The Cleric","player_choice":"Healed","floor":12.0,"gold_loss":35.0,"damage_taken":0.0},{"damage_healed":0,"gold_gain":0,"player_choice":"Read","damage_taken":0,"max_hp_gain":0,"max_hp_loss":0,"event_name":"The Library","floor":19,"gold_loss":0,"cards_obtained":["Clothesline"]},{"damage_healed":0,"gold_gain":0,"player_choice":"Forge","damage_taken":0,"max_hp_gain":0,"max_hp_loss":0,"event_name":"Accursed Blacksmith","floor":20,"gold_loss":0,"cards_upgraded":["Feed"]}],"is_beta":false,"boss_relics":[{"not_picked":["Philosopher\u0027s Stone","Runic Pyramid"],"picked":"Lizard Tail"}],"items_purged_floors":[],"is_endless":false,"potions_floor_spawned":[3,7,10,16],"killed_by":"Slavers","ascension_level":0}