{"gold_per_floor":[16,16,34,34,46,46,80,80,80,113,123,123,156,171,171,242,242,253,267,267,317,335,335,363,363,363,392,408,420,450,21,21,21],"floor_reached":33,"playtime":1272,"items_purged":["Strike_B"],"score":750,"play_id":"0442d0a0-3806-452a-9071-f5cc76ce8527","local_time":"20190311013512","is_ascension_mode":true,"campfire_choices":[{"data":"Rip and Tear","floor":6,"key":"SMITH"},{"data":"Zap","floor":8,"key":"SMITH"},{"data":"Dualcast","floor":15,"key":"SMITH"},{"data":"Fission","floor":23,"key":"SMITH"},{"data":"White Noise","floor":25,"key":"SMITH"},{"data":"Reinforced Body","floor":32,"key":"SMITH"}],"neow_cost":"NO_GOLD","seed_source_timestamp":1074032224695610,"circlet_count":0,"master_deck":["AscendersBane","Strike_B+1","Defend_B","Defend_B+1","Defend_B","Zap+1","Dualcast+1","Auto Shields+1","Cold Snap+1","Reboot","Rip and Tear+1","Reinforced Body+1","Self Repair","FTL","Reboot","Ball Lightning","Fission+1","Beam Cell+1","White Noise+1","BootSequence","Meteor Strike","Seek"],"relics":["Cracked Core","Cables","Orichalcum","Whetstone","War Paint","Coffee Dripper","Meat on the Bone","Strawberry","Darkstone Periapt","Smiling Mask","Bag of Preparation","OrangePellets"],"potions_floor_usage":[7,11,16,19,30,33],"damage_taken":[{"damage":0,"enemies":"2 Louse","floor":1,"turns":1},{"damage":1,"enemies":"Cultist","floor":3,"turns":4},{"damage":2,"enemies":"Jaw Worm","floor":5,"turns":4},{"damage":6,"enemies":"Lagavulin","floor":7,"turns":6},{"damage":3,"enemies":"3 Sentries","floor":10,"turns":9},{"damage":10,"enemies":"Exordium Thugs","floor":11,"turns":4},{"damage":1,"enemies":"Gremlin Nob","floor":13,"turns":3},{"damage":0,"enemies":"Blue Slaver","floor":14,"turns":2},{"damage":0,"enemies":"Slime Boss","floor":16,"turns":5},{"damage":5,"enemies":"Spheric Guardian","floor":18,"turns":3},{"damage":10,"enemies":"2 Thieves","floor":19,"turns":3},{"damage":12,"enemies":"Centurion and Healer","floor":22,"turns":5},{"damage":22,"enemies":"Book of Stabbing","floor":24,"turns":3},{"damage":19,"enemies":"Slavers","floor":27,"turns":5},{"damage":12,"enemies":"Cultist and Chosen","floor":28,"turns":4},{"damage":9,"enemies":"Snake Plant","floor":29,"turns":3},{"damage":29,"enemies":"Gremlin Leader","floor":30,"turns":5},{"damage":47,"enemies":"Champ","floor":33,"turns":6}],"seed_played":"3306482585864917283","potions_obtained":[{"floor":1,"key":"PowerPotion"},{"floor":3,"key":"Dexterity Potion"},{"floor":7,"key":"Energy Potion"},{"floor":11,"key":"FocusPotion"},{"floor":16,"key":"Energy Potion"},{"floor":18,"key":"SkillPotion"},{"floor":22,"key":"PowerPotion"},{"floor":29,"key":"SkillPotion"}],"is_trial":false,"path_per_floor":["M","$","M","?","M","R","E","R","T","E","M","?","E","M","R","B",null,"M","M","?","?","M","R","E","R","T","E","M","M","E","$","R","B"],"character_chosen":"DEFECT","items_purchased":["Bag of Preparation","OrangePellets"],"campfire_rested":0,"item_purchase_floors":[31,31],"current_hp_per_floor":[64,64,63,63,61,61,55,55,55,52,49,39,45,52,52,59,68,70,67,67,67,62,62,47,47,54,54,49,40,30,30,30,0],"gold":21,"neow_bonus":"REMOVE_TWO","is_prod":false,"is_daily":false,"chose_seed":false,"campfire_upgraded":6,"win_rate":0,"timestamp":1552264512,"path_taken":["M","$","M","?","?","R","E","R","T","E","M","?","E","M","R","BOSS","M","M","?","?","M","R","E","R","T","E","M","?","E","$","R","BOSS"],"build_version":"2019-01-23","purchased_purges":1,"victory":false,"max_hp_per_floor":[71,71,71,71,71,71,71,71,71,71,71,71,71,71,71,71,71,71,71,71,71,71,71,71,71,78,78,78,78,78,78,78,78],"card_choices":[{"not_picked":["Skim","Stack"],"picked":"Auto Shields","floor":1},{"not_picked":["Conserve Battery","Undo"],"picked":"Cold Snap","floor":3},{"not_picked":["Compile Driver","Redo"],"picked":"Rip and Tear","floor":5},{"not_picked":["Skim","Steam"],"picked":"Reinforced Body","floor":7},{"not_picked":["Gash","Compile Driver"],"picked":"Self Repair","floor":10},{"not_picked":["Coolheaded","Streamline"],"picked":"FTL","floor":11},{"not_picked":["Self Repair","Stack"],"picked":"Reboot","floor":13},{"not_picked":["Coolheaded","Barrage"],"picked":"Ball Lightning","floor":14},{"not_picked":["All For One","Biased Cognition"],"picked":"Fission","floor":16},{"not_picked":["Sweeping Beam","Leap"],"picked":"Beam Cell+1","floor":18},{"not_picked":["Steam","Ball Lightning"],"picked":"White Noise","floor":19},{"not_picked":["Gash","Conserve Battery","Steam"],"picked":"SKIP","floor":22},{"not_picked":["Hello World","Go for the Eyes"],"picked":"BootSequence","floor":24},{"not_picked":["Streamline+1","Barrage","Redo"],"picked":"SKIP","floor":27},{"not_picked":["Hologram","Coolheaded"],"picked":"Meteor Strike","floor":28},{"not_picked":["Heatsinks","Beam Cell","Reprogram"],"picked":"SKIP","floor":29},{"not_picked":["Conserve Battery","Barrage+1"],"picked":"Seek","floor":30}],"player_experience":1177741,"relics_obtained":[{"floor":7,"key":"Cables"},{"floor":9,"key":"Orichalcum"},{"floor":10,"key":"Whetstone"},{"floor":13,"key":"War Paint"},{"floor":24,"key":"Meat on the Bone"},{"floor":26,"key":"Strawberry"},{"floor":27,"key":"Darkstone Periapt"},{"floor":30,"key":"Smiling Mask"}],"event_choices":[{"damage_healed":0,"gold_gain":0,"cards_transformed":["Strike_B"],"player_choice":"Transformed","damage_taken":0,"max_hp_gain":0,"max_hp_loss":0,"event_name":"Transmorgrifier","floor":4,"gold_loss":0,"cards_obtained":["Reboot"]},{"damage_healed":0,"gold_gain":0,"player_choice":"Damaged","damage_taken":10,"max_hp_gain":0,"max_hp_loss":0,"event_name":"Wheel of Change","floor":12,"gold_loss":0},{"damage_healed":0,"gold_gain":0,"player_choice":"Ignored","damage_taken":0,"max_hp_gain":0,"max_hp_loss":0,"event_name":"Ghosts","floor":20,"gold_loss":0},{"damage_healed":0,"gold_gain":100,"player_choice":"Bet on Murderer","damage_taken":0,"max_hp_gain":0,"max_hp_loss":0,"event_name":"The Joust","floor":21,"gold_loss":50}],"is_beta":false,"boss_relics":[{"not_picked":["Ectoplasm","Runic Pyramid"],"picked":"Coffee Dripper"}],"items_purged_floors":[31],"is_endless":false,"potions_floor_spawned":[1,3,7,11,16,18,22,24,29],"killed_by":"Champ","ascension_level":20}