{"gold_per_floor":[110,110,25,25,25,25,50,50,50,77,93,93,18,28,28,132,132,144,194,49,62,62,62,96,113,113,141,141,141,141,156,156,156],"floor_reached":33,"playtime":1147,"items_purged":["Defend_G"],"score":303,"play_id":"62a83f47-9244-49b6-84ee-12f44d0458d8","local_time":"20190219231232","is_ascension_mode":true,"campfire_choices":[{"data":"Poisoned Stab","floor":6.0,"key":"SMITH"},{"data":"Flash of Steel","floor":8.0,"key":"SMITH"},{"data":"Masterful Stab","floor":12.0,"key":"SMITH"},{"data":"Neutralize","floor":15.0,"key":"SMITH"},{"data":"Backstab","floor":23,"key":"SMITH"},{"data":"Prepared","floor":28,"key":"SMITH"},{"data":"Underhanded Strike","floor":30,"key":"SMITH"},{"data":"Survivor","floor":32,"key":"SMITH"}],"neow_cost":"NONE","seed_source_timestamp":355521568904615,"circlet_count":0,"master_deck":["Defend_G","Defend_G","Defend_G","Defend_G","Strike_G","Strike_G","Strike_G","Strike_G","Survivor+1","Neutralize+1","Poisoned Stab+1","Flash of Steel+1","Well Laid Plans","Masterful Stab+1","Underhanded Strike+1","Backstab+1","Prepared+1","Prepared+1","Reflex+1"],"special_seed":0,"relics":["Ring of the Snake","Dream Catcher","Sundial","Meat on the Bone","Philosopher\u0027s Stone","Bag of Preparation","Mummified Hand","PreservedInsect","Juzu Bracelet","Enchiridion"],"potions_floor_usage":[33,33],"damage_taken":[{"damage":0.0,"enemies":"Jaw Worm","floor":1.0,"turns":5.0},{"damage":31.0,"enemies":"Gremlin Nob","floor":7.0,"turns":5.0},{"damage":15.0,"enemies":"3 Sentries","floor":10.0,"turns":10.0},{"damage":0.0,"enemies":"Cultist","floor":11.0,"turns":3.0},{"damage":0.0,"enemies":"2 Louse","floor":14.0,"turns":2.0},{"damage":37.0,"enemies":"Hexaghost","floor":16.0,"turns":10.0},{"damage":0.0,"enemies":"Chosen","floor":18.0,"turns":4.0},{"damage":8,"enemies":"3 Byrds","floor":21,"turns":4},{"damage":5,"enemies":"Gremlin Leader","floor":24,"turns":7},{"damage":25,"enemies":"Snake Plant","floor":25,"turns":5},{"damage":27,"enemies":"Book of Stabbing","floor":27,"turns":4},{"damage":0,"enemies":"Centurion and Healer","floor":31,"turns":3},{"damage":49,"enemies":"Collector","floor":33,"turns":6}],"seed_played":"4975198974753942514","potions_obtained":[{"floor":11.0,"key":"SkillPotion"},{"floor":16.0,"key":"SpeedPotion"},{"floor":24,"key":"FearPotion"},{"floor":27,"key":"Fire Potion"}],"is_trial":false,"path_per_floor":["M","?","$","?","?","R","E","R","T","E","M","R","$","M","R","B",null,"M","?","$","M","$","R","E","M","T","E","R","?","R","M","R","B"],"character_chosen":"THE_SILENT","items_purchased":["Flash of Steel","Bag of Preparation"],"campfire_rested":0,"item_purchase_floors":[3,20],"current_hp_per_floor":[77,77,77,77,77,77,46,46,46,31,43,43,43,43,43,18,77,77,77,77,69,69,69,64,39,39,24,24,8,8,20,20,0],"gold":156,"neow_bonus":"TEN_PERCENT_HP_BONUS","is_prod":false,"is_daily":false,"chose_seed":false,"campfire_upgraded":8,"win_rate":0,"timestamp":1550614352,"path_taken":["M","?","?","?","?","R","E","R","T","E","M","R","$","M","R","BOSS","M","?","$","M","?","R","E","M","T","E","R","?","R","M","R","BOSS"],"build_version":"2019-01-23","purchased_purges":1,"victory":false,"max_hp_per_floor":[77,77,77,77,77,77,77,77,77,77,77,77,77,77,77,77,77,77,77,77,77,77,77,77,77,77,77,77,77,77,77,77,77],"card_choices":[{"not_picked":["Deadly Poison","Acrobatics"],"picked":"Poisoned Stab","floor":1.0},{"not_picked":["Skewer","Quick Slash","Prepared"],"picked":"SKIP","floor":7.0},{"not_picked":["Poisoned Stab","Outmaneuver"],"picked":"Well Laid Plans","floor":10.0},{"not_picked":["Prepared","Slice"],"picked":"Masterful Stab","floor":11.0},{"not_picked":["Backflip","Noxious Fumes","Dagger Spray"],"picked":"SKIP","floor":14.0},{"not_picked":["Flying Knee","PiercingWail+1"],"picked":"Underhanded Strike","floor":18.0},{"not_picked":["Dagger Spray","Cloak And Dagger+1"],"picked":"Backstab","floor":21},{"not_picked":["Dagger Throw+1","Doppelganger"],"picked":"Prepared","floor":24},{"not_picked":["Blade Dance","Sucker Punch"],"picked":"Prepared+1","floor":25},{"not_picked":["Poisoned Stab","Deadly Poison+1"],"picked":"Reflex+1","floor":27},{"not_picked":["Doppelganger","Acrobatics+1","Cloak And Dagger"],"picked":"SKIP","floor":31}],"player_experience":1118961,"relics_obtained":[{"floor":7.0,"key":"Dream Catcher"},{"floor":9.0,"key":"Sundial"},{"floor":10.0,"key":"Meat on the Bone"},{"floor":24,"key":"Mummified Hand"},{"floor":26,"key":"PreservedInsect"},{"floor":27,"key":"Juzu Bracelet"},{"floor":29,"key":"Enchiridion"}],"event_choices":[{"cards_removed":["Strike_G"],"damage_healed":0.0,"max_hp_gain":0.0,"max_hp_loss":0.0,"gold_gain":0.0,"event_name":"Purifier","player_choice":"Purged","floor":2.0,"gold_loss":0.0,"damage_taken":0.0},{"damage_healed":0.0,"max_hp_gain":0.0,"max_hp_loss":0.0,"gold_gain":0.0,"event_name":"The Cleric","player_choice":"Leave","floor":4.0,"gold_loss":0.0,"damage_taken":0.0},{"damage_healed":0.0,"max_hp_gain":0.0,"max_hp_loss":0.0,"gold_gain":0.0,"event_name":"Liars Game","player_choice":"Ignored","floor":5.0,"gold_loss":0.0,"damage_taken":0.0},{"damage_healed":0,"gold_gain":100,"player_choice":"Bet on Murderer","damage_taken":0,"max_hp_gain":0,"max_hp_loss":0,"event_name":"The Joust","floor":19,"gold_loss":50},{"damage_healed":0,"gold_gain":0,"player_choice":"Obtained Book","damage_taken":16,"max_hp_gain":0,"max_hp_loss":0,"event_name":"Cursed Tome","floor":29,"gold_loss":0}],"is_beta":false,"boss_relics":[{"not_picked":["Runic Dome","White Beast Statue"],"picked":"Philosopher\u0027s Stone"}],"items_purged_floors":[13],"is_endless":false,"potions_floor_spawned":[11,16,24,27,31],"killed_by":"Collector","ascension_level":1}