{"gold_per_floor":[113,124,140,158,177,177,352,366,415,415,365,365,381,411,411,508,508,523,523,34,53,53,53,53,53,53,53,65,65],"floor_reached":29,"playtime":2937,"items_purged":[],"score":306,"play_id":"fec0e885-8196-4179-ad57-d0be3dc59a95","local_time":"20190130212826","is_ascension_mode":true,"campfire_choices":[{"floor":6.0,"key":"REST"},{"floor":10.0,"key":"REST"},{"floor":15.0,"key":"REST"},{"data":"Creative AI","floor":23.0,"key":"SMITH"},{"data":"Machine Learning","floor":25.0,"key":"SMITH"},{"data":"Heatsinks","floor":27.0,"key":"SMITH"}],"neow_cost":"TEN_PERCENT_HP_LOSS","seed_source_timestamp":0,"circlet_count":0,"master_deck":["Strike_B","Strike_B+1","Defend_B","Defend_B","Defend_B","Zap","Dualcast","Reboot","Heatsinks+1","Machine Learning+1","Conserve Battery","Sweeping Beam","Sunder+1","Seek","Creative AI+1","Biased Cognition","Defragment+1","White Noise","Ghostly","Ghostly","Ghostly","Ghostly","Ghostly"],"special_seed":0,"relics":["Cracked Core","Anchor","Letter Opener","Whetstone","Lizard Tail","Nilry\u0027s Codex","Frozen Egg 2","Blue Candle"],"potions_floor_usage":[],"damage_taken":[{"damage":14.0,"enemies":"Small Slimes","floor":1.0,"turns":2.0},{"damage":5.0,"enemies":"2 Louse","floor":2.0,"turns":2.0},{"damage":7.0,"enemies":"Jaw Worm","floor":3.0,"turns":3.0},{"damage":20.0,"enemies":"Exordium Thugs","floor":4.0,"turns":6.0},{"damage":15.0,"enemies":"2 Fungi Beasts","floor":5.0,"turns":4.0},{"damage":5.0,"enemies":"3 Louse","floor":8.0,"turns":3.0},{"damage":8.0,"enemies":"Blue Slaver","floor":13.0,"turns":3.0},{"damage":6.0,"enemies":"3 Sentries","floor":14.0,"turns":7.0},{"damage":40.0,"enemies":"Hexaghost","floor":16.0,"turns":9.0},{"damage":23.0,"enemies":"Spheric Guardian","floor":18.0,"turns":4.0},{"damage":10.0,"enemies":"3 Byrds","floor":21.0,"turns":4.0},{"damage":3.0,"enemies":"3 Cultists","floor":28.0,"turns":5.0},{"damage":0,"enemies":"Shelled Parasite and Fungi","floor":29,"turns":1}],"seed_played":"-397310058268875332","potions_obtained":[{"floor":2.0,"key":"SkillPotion"},{"floor":4.0,"key":"Strength Potion"},{"floor":5.0,"key":"GamblersBrew"},{"floor":14.0,"key":"FocusPotion"},{"floor":28.0,"key":"AttackPotion"}],"is_trial":false,"path_per_floor":["M","M","M","M","M","R","?","M","T","R","?","T","M","E","R","B",null,"M","?","$","M","?","R","?","R","T","R","M","M"],"character_chosen":"DEFECT","items_purchased":["Frozen Egg 2","PowerPotion","Fruit Juice","Defragment+1"],"campfire_rested":3,"item_purchase_floors":[20,20,20,20],"current_hp_per_floor":[54,49,42,22,7,27,27,22,22,42,42,42,34,28,48,8,53,30,14,14,9,9,9,9,9,9,9,6,6],"gold":65,"neow_bonus":"TRANSFORM_TWO_CARDS","is_prod":false,"is_daily":false,"chose_seed":false,"campfire_upgraded":3,"win_rate":0,"timestamp":1548901706,"path_taken":["M","M","M","M","M","R","?","M","T","R","?","?","?","E","R","BOSS","M","?","$","M","?","R","?","R","T","R","M","M"],"build_version":"2019-01-23","purchased_purges":0,"victory":false,"max_hp_per_floor":[68,68,68,68,68,68,68,68,68,68,68,68,68,68,68,68,68,68,68,68,73,36,36,36,36,36,36,36,36],"card_choices":[{"not_picked":["Coolheaded","Steam","Redo"],"picked":"SKIP","floor":1.0},{"not_picked":["Turbo","Ball Lightning"],"picked":"Machine Learning","floor":2.0},{"not_picked":["Cold Snap","Coolheaded"],"picked":"Conserve Battery","floor":3.0},{"not_picked":["Gash","Cold Snap"],"picked":"Sweeping Beam","floor":4.0},{"not_picked":["Compile Driver","Steam"],"picked":"Sunder","floor":5.0},{"not_picked":["Lockon","Coolheaded"],"picked":"Seek","floor":8.0},{"not_picked":["Hello World","Gash","Recycle"],"picked":"SKIP","floor":13.0},{"not_picked":["Sweeping Beam","Redo"],"picked":"Creative AI","floor":14.0},{"not_picked":["Multi-Cast","Hyperbeam"],"picked":"Biased Cognition","floor":16.0},{"not_picked":["Steam+1","Go for the Eyes","Force Field"],"picked":"SKIP","floor":18.0},{"not_picked":["Beam Cell","Double Energy"],"picked":"White Noise","floor":21.0},{"not_picked":["Reinforced Body","Gash+1","Chaos+1"],"picked":"SKIP","floor":28.0}],"player_experience":336901,"relics_obtained":[{"floor":9.0,"key":"Anchor"},{"floor":12.0,"key":"Letter Opener"},{"floor":14.0,"key":"Whetstone"},{"floor":19.0,"key":"Nilry\u0027s Codex"},{"floor":26.0,"key":"Blue Candle"}],"event_choices":[{"damage_healed":0.0,"max_hp_gain":0.0,"max_hp_loss":0.0,"gold_gain":175.0,"event_name":"Liars Game","player_choice":"AGREE","floor":7.0,"gold_loss":0.0,"damage_taken":0.0,"cards_obtained":["Doubt"]},{"cards_removed":["Doubt"],"damage_healed":0.0,"max_hp_gain":0.0,"max_hp_loss":0.0,"gold_gain":0.0,"event_name":"The Cleric","player_choice":"Card Removal","floor":11.0,"gold_loss":50.0,"damage_taken":0.0},{"damage_healed":0.0,"max_hp_gain":0.0,"max_hp_loss":0.0,"gold_gain":0.0,"event_name":"Cursed Tome","player_choice":"Obtained Book","floor":19.0,"gold_loss":0.0,"damage_taken":16.0},{"damage_healed":0.0,"max_hp_gain":0.0,"max_hp_loss":37.0,"gold_gain":0.0,"event_name":"Ghosts","player_choice":"Became a Ghost","floor":22.0,"gold_loss":0.0,"damage_taken":0.0,"cards_obtained":["Ghostly","Ghostly","Ghostly","Ghostly","Ghostly"]},{"cards_removed":["Defend_B"],"damage_healed":0.0,"max_hp_gain":0.0,"max_hp_loss":0.0,"gold_gain":0.0,"event_name":"Back to Basics","player_choice":"Elegance","floor":24.0,"gold_loss":0.0,"damage_taken":0.0}],"is_beta":false,"boss_relics":[{"not_picked":["Cursed Key","Coffee Dripper"],"picked":"Lizard Tail"}],"items_purged_floors":[],"is_endless":false,"potions_floor_spawned":[2,4,5,14,28],"killed_by":"Shelled Parasite and Fungi","ascension_level":5}