{"gold_per_floor":[119,119,144,160,160,195,214,214,237,237,260,280,280,316,316,407,407,432,447,447],"floor_reached":20,"playtime":783,"items_purged":[],"score":363,"play_id":"167a9cb2-cdb9-48e0-a497-238fb532b876","local_time":"20190124114903","is_ascension_mode":true,"campfire_choices":[{"data":"Carnage","floor":8,"key":"SMITH"},{"data":"Uppercut","floor":10,"key":"SMITH"},{"data":"Evolve","floor":15,"key":"SMITH"}],"neow_cost":"CURSE","seed_source_timestamp":1269483959772357,"circlet_count":0,"master_deck":["AscendersBane","Strike_R","Strike_R","Strike_R","Strike_R","Defend_R","Defend_R","Defend_R","Bash","Injury","Anger","Uppercut+1","Power Through","Iron Wave","Carnage+1","Second Wind","Sentinel","Evolve+1","Wild Strike+1","True Grit","Shrug It Off+1"],"relics":["Burning Blood","Golden Idol","Omamori","Anchor","Dream Catcher","Mark of Pain"],"potions_floor_usage":[6,14,16],"damage_taken":[{"damage":8,"enemies":"2 Louse","floor":1,"turns":3},{"damage":9,"enemies":"Jaw Worm","floor":3,"turns":4},{"damage":1,"enemies":"Cultist","floor":4,"turns":3},{"damage":29,"enemies":"3 Sentries","floor":6,"turns":9},{"damage":1,"enemies":"2 Fungi Beasts","floor":7,"turns":2},{"damage":0,"enemies":"Exordium Thugs","floor":11,"turns":4},{"damage":0,"enemies":"Red Slaver","floor":12,"turns":5},{"damage":8,"enemies":"Gremlin Nob","floor":14,"turns":3},{"damage":11,"enemies":"Hexaghost","floor":16,"turns":9},{"damage":19,"enemies":"Spheric Guardian","floor":18,"turns":4},{"damage":52,"enemies":"3 Byrds","floor":19,"turns":7},{"damage":12,"enemies":"3 Cultists","floor":20,"turns":2}],"seed_played":"-8224934015485967104","potions_obtained":[{"floor":3,"key":"Dexterity Potion"},{"floor":6,"key":"FearPotion"},{"floor":14,"key":"AttackPotion"},{"floor":19,"key":"SteroidPotion"}],"is_trial":false,"path_per_floor":["M","?","M","M","?","E","M","R","T","R","M","M","?","E","R","B",null,"M","M","M"],"character_chosen":"IRONCLAD","items_purchased":[],"campfire_rested":0,"item_purchase_floors":[],"current_hp_per_floor":[66,40,37,42,67,44,49,49,49,49,55,61,61,59,59,54,70,57,11,0],"gold":447,"neow_bonus":"TRANSFORM_TWO_CARDS","is_prod":false,"is_daily":false,"chose_seed":false,"campfire_upgraded":3,"win_rate":0,"timestamp":1548326943,"path_taken":["M","?","M","M","?","E","M","R","T","R","M","?","?","E","R","BOSS","M","M","M"],"build_version":"2019-01-23","purchased_purges":0,"victory":false,"max_hp_per_floor":[75,75,75,75,75,75,75,75,75,75,75,75,75,75,75,75,75,75,75,75],"card_choices":[{"not_picked":["Anger","Corruption"],"picked":"Power Through","floor":1},{"not_picked":["Pummel","Body Slam"],"picked":"Iron Wave","floor":3},{"not_picked":["Iron Wave","Heavy Blade"],"picked":"Carnage","floor":4},{"not_picked":["Spot Weakness","Armaments"],"picked":"Second Wind","floor":6},{"not_picked":["Shrug It Off","Pommel Strike"],"picked":"Sentinel","floor":7},{"not_picked":["Combust","Clash"],"picked":"Evolve","floor":11},{"not_picked":["Blood for Blood","Havoc"],"picked":"Wild Strike","floor":12},{"not_picked":["Inflame","Clash"],"picked":"True Grit","floor":14},{"not_picked":["Heavy Blade","Iron Wave","Anger"],"picked":"SKIP","floor":18},{"not_picked":["Perfected Strike","Corruption"],"picked":"Shrug It Off+1","floor":19}],"player_experience":929973,"relics_obtained":[{"floor":6,"key":"Omamori"},{"floor":9,"key":"Anchor"},{"floor":14,"key":"Dream Catcher"}],"event_choices":[{"damage_healed":0,"gold_gain":0,"player_choice":"Take Damage","damage_taken":26,"relics_obtained":["Golden Idol"],"max_hp_gain":0,"max_hp_loss":0,"event_name":"Golden Idol","floor":2,"gold_loss":0},{"damage_healed":25,"gold_gain":0,"player_choice":"Banana","damage_taken":0,"max_hp_gain":0,"max_hp_loss":0,"event_name":"Big Fish","floor":5,"gold_loss":0},{"damage_healed":0,"gold_gain":0,"player_choice":"Upgraded","damage_taken":0,"max_hp_gain":0,"max_hp_loss":0,"event_name":"Upgrade Shrine","floor":13,"gold_loss":0,"cards_upgraded":["Wild Strike"]}],"is_beta":false,"boss_relics":[{"not_picked":["Philosopher\u0027s Stone","Orrery"],"picked":"Mark of Pain"}],"items_purged_floors":[],"is_endless":false,"potions_floor_spawned":[3,6,14,19],"killed_by":"3 Cultists","ascension_level":19}