{"gold_per_floor":[113,16,94,19,34,66,114,114,137,171,183,201,229,255,267,382,394,425,3,3,3,3,28,28,63,63,74,87,87,100,111,111,214,214,228,245,245,261,274,301,311,110,110,123,158,158,158,170,170,170],"floor_reached":51,"playtime":5895,"items_purged":["Strike_R","Clumsy"],"score":1174,"play_id":"aa222f01-fa1b-4165-a89e-83271c7524a0","local_time":"20190128021308","is_ascension_mode":true,"campfire_choices":[{"data":"Bash","floor":8.0,"key":"SMITH"},{"floor":15.0,"key":"REST"},{"floor":24.0,"key":"REST"},{"data":"Heavy Blade","floor":29.0,"key":"SMITH"},{"data":"Armaments","floor":32.0,"key":"SMITH"},{"data":"Demon Form","floor":47,"key":"SMITH"},{"data":"Demon Form","floor":49,"key":"SMITH"}],"neow_cost":"NONE","seed_source_timestamp":14548115762214,"circlet_count":0,"master_deck":["Strike_R","Strike_R","Strike_R","Strike_R","Defend_R","Defend_R","Defend_R","Bash+1","Heavy Blade+1","Sword Boomerang","Flame Barrier","Pommel Strike","Seeing Red","Evolve","Demon Form+1","Ghostly","Ghostly","Ghostly","Ghostly","Ghostly","Demon Form+1","Armaments+1","Flex+1","Heavy Blade+1"],"special_seed":0,"relics":["Burning Blood","NeowsBlessing","The Courier","Juzu Bracelet","Omamori","Pen Nib","MawBank","Calling Bell","Anchor","Kunai","FossilizedHelix","Orichalcum","Ancient Tea Set","Frozen Eye","MutagenicStrength","Pantograph","Ice Cream","Vajra","Black Star","Bag of Marbles","PreservedInsect","Du-Vu Doll","Art of War","Question Card"],"potions_floor_usage":[50],"damage_taken":[{"damage":0.0,"enemies":"Cultist","floor":1.0,"turns":1.0},{"damage":0.0,"enemies":"2 Louse","floor":5.0,"turns":1.0},{"damage":0.0,"enemies":"3 Sentries","floor":6.0,"turns":1.0},{"damage":16.0,"enemies":"Gremlin Nob","floor":10.0,"turns":3.0},{"damage":12.0,"enemies":"Jaw Worm","floor":11.0,"turns":3.0},{"damage":6.0,"enemies":"Exordium Thugs","floor":12.0,"turns":3.0},{"damage":40.0,"enemies":"Lagavulin","floor":13.0,"turns":5.0},{"damage":10.0,"enemies":"Lots of Slimes","floor":14.0,"turns":3.0},{"damage":40.0,"enemies":"Slime Boss","floor":16.0,"turns":13.0},{"damage":40.0,"enemies":"Spheric Guardian","floor":18.0,"turns":7.0},{"damage":14.0,"enemies":"Book of Stabbing","floor":23.0,"turns":7.0},{"damage":28.0,"enemies":"Gremlin Leader","floor":25.0,"turns":7.0},{"damage":0.0,"enemies":"Chosen","floor":27.0,"turns":8.0},{"damage":0.0,"enemies":"Snake Plant","floor":28.0,"turns":3.0},{"damage":0.0,"enemies":"Chosen and Byrds","floor":30.0,"turns":6.0},{"damage":0.0,"enemies":"Centurion and Healer","floor":31.0,"turns":5.0},{"damage":0.0,"enemies":"Collector","floor":33.0,"turns":7.0},{"damage":6.0,"enemies":"Orb Walker","floor":35.0,"turns":4.0},{"damage":11.0,"enemies":"3 Shapes","floor":36.0,"turns":7.0},{"damage":0.0,"enemies":"Writhing Mass","floor":38.0,"turns":7.0},{"damage":0,"enemies":"Spire Growth","floor":39,"turns":7},{"damage":0,"enemies":"Nemesis","floor":40,"turns":7},{"damage":3,"enemies":"4 Shapes","floor":41,"turns":7},{"damage":0,"enemies":"Transient","floor":44,"turns":5},{"damage":0,"enemies":"Giant Head","floor":45,"turns":7},{"damage":0,"enemies":"Spire Growth","floor":48,"turns":5},{"damage":0,"enemies":"Time Eater","floor":50,"turns":9}],"seed_played":"-359888807603559626","potions_obtained":[{"floor":5.0,"key":"Energy Potion"},{"floor":6.0,"key":"AttackPotion"},{"floor":10.0,"key":"Weak Potion"},{"floor":12.0,"key":"SpeedPotion"},{"floor":16.0,"key":"SpeedPotion"},{"floor":23.0,"key":"Regen Potion"},{"floor":27.0,"key":"Swift Potion"},{"floor":28.0,"key":"SteroidPotion"},{"floor":35.0,"key":"SteroidPotion"},{"floor":36.0,"key":"FearPotion"},{"floor":40,"key":"Swift Potion"}],"is_trial":false,"path_per_floor":["M","$","?","$","M","E","T","R","T","E","M","M","E","M","R","B",null,"M","$","?","?","?","E","R","E","T","M","M","R","M","M","R","B",null,"M","M","?","M","M","E","M","$","T","M","E","?","R","M","R","B",null],"character_chosen":"IRONCLAD","items_purchased":["Heavy Blade","Explosive Potion","Orichalcum","Ancient Tea Set","Frozen Eye","Energy Potion","PreservedInsect"],"campfire_rested":2,"item_purchase_floors":[2,2,19,19,19,19,42],"current_hp_per_floor":[80,80,80,80,80,80,80,80,80,70,64,64,30,26,50,16,64,30,30,30,30,30,22,34,12,12,18,24,24,30,36,36,40,40,40,35,35,40,40,40,40,40,40,40,40,36,36,40,40,40],"gold":170,"neow_bonus":"THREE_ENEMY_KILL","is_prod":false,"is_daily":false,"chose_seed":false,"campfire_upgraded":5,"win_rate":0,"timestamp":1548659588,"path_taken":["M","?","?","$","M","E","?","R","T","E","M","M","E","M","R","BOSS","M","$","?","?","?","E","R","E","T","M","M","R","M","M","R","BOSS","M","M","?","M","M","E","M","$","T","M","E","?","R","M","R","BOSS"],"build_version":"2019-01-23","purchased_purges":2,"victory":true,"max_hp_per_floor":[80,80,80,80,80,80,80,80,80,80,80,80,80,80,80,80,80,80,80,80,80,40,40,40,40,40,40,40,40,40,40,40,40,40,40,40,40,40,40,40,40,40,40,40,40,40,40,40,40,40],"card_choices":[{"not_picked":["Flex","Carnage","Sever Soul"],"picked":"SKIP","floor":1.0},{"not_picked":["Searing Blow","Ghostly Armor"],"picked":"Sword Boomerang","floor":5.0},{"not_picked":["Searing Blow","Whirlwind"],"picked":"Flame Barrier","floor":6.0},{"not_picked":["Dark Embrace","Burning Pact","True Grit"],"picked":"SKIP","floor":10.0},{"not_picked":["Clothesline","Heavy Blade"],"picked":"Pommel Strike","floor":11.0},{"not_picked":["Disarm","Burning Pact","Metallicize"],"picked":"SKIP","floor":12.0},{"not_picked":["Perfected Strike","Power Through"],"picked":"Seeing Red","floor":13.0},{"not_picked":["Metallicize","Anger"],"picked":"Evolve","floor":14.0},{"not_picked":["Brutality","Limit Break"],"picked":"Demon Form","floor":16.0},{"not_picked":["True Grit","Hemokinesis","Whirlwind"],"picked":"SKIP","floor":18.0},{"not_picked":["Body Slam","Headbutt"],"picked":"Demon Form","floor":23.0},{"not_picked":["Warcry","Shrug It Off"],"picked":"Armaments","floor":25.0},{"not_picked":["Body Slam","Armaments"],"picked":"Flex+1","floor":27.0},{"not_picked":["Headbutt","Anger","Spot Weakness"],"picked":"SKIP","floor":28.0},{"not_picked":["Intimidate","Wild Strike","Perfected Strike"],"picked":"SKIP","floor":30.0},{"not_picked":["Metallicize","Combust","Twin Strike"],"picked":"SKIP","floor":31.0},{"not_picked":["Inflame","Sword Boomerang"],"picked":"Heavy Blade+1","floor":35.0},{"not_picked":["Body Slam","Warcry+1","Perfected Strike"],"picked":"SKIP","floor":36.0},{"not_picked":["Flex+1","Shrug It Off","Seeing Red+1"],"picked":"SKIP","floor":38.0},{"not_picked":["Wild Strike+1","Iron Wave+1","Brutality"],"picked":"SKIP","floor":39},{"not_picked":["Warcry","Twin Strike","Flame Barrier"],"picked":"SKIP","floor":40},{"not_picked":["Corruption","Rupture+1","Shrug It Off"],"picked":"SKIP","floor":41},{"not_picked":["Iron Wave","Heavy Blade+1","Flex"],"picked":"SKIP","floor":44},{"not_picked":["Iron Wave+1","Cleave+1","Havoc"],"picked":"SKIP","floor":45},{"not_picked":["Anger","Twin Strike+1","Searing Blow+1","Shrug It Off"],"picked":"SKIP","floor":48}],"player_experience":316820,"relics_obtained":[{"floor":6.0,"key":"The Courier"},{"floor":7.0,"key":"Juzu Bracelet"},{"floor":9.0,"key":"Omamori"},{"floor":10.0,"key":"Pen Nib"},{"floor":13.0,"key":"MawBank"},{"floor":17.0,"key":"Anchor"},{"floor":17.0,"key":"Kunai"},{"floor":17.0,"key":"FossilizedHelix"},{"floor":23.0,"key":"Pantograph"},{"floor":25.0,"key":"Ice Cream"},{"floor":26.0,"key":"Vajra"},{"floor":40,"key":"Bag of Marbles"},{"floor":43,"key":"Du-Vu Doll"},{"floor":45,"key":"Art of War"},{"floor":45,"key":"Question Card"}],"event_choices":[{"damage_healed":0.0,"max_hp_gain":0.0,"max_hp_loss":0.0,"gold_gain":78.0,"event_name":"Golden Wing","player_choice":"Gained Gold","floor":3.0,"gold_loss":0.0,"damage_taken":0.0},{"cards_removed":["Defend_R"],"damage_healed":0.0,"max_hp_gain":0.0,"max_hp_loss":0.0,"gold_gain":0.0,"event_name":"Bonfire Elementals","player_choice":"Offered Basic","floor":20.0,"gold_loss":0.0,"damage_taken":0.0},{"damage_healed":0.0,"max_hp_gain":0.0,"max_hp_loss":0.0,"gold_gain":0.0,"event_name":"Drug Dealer","player_choice":"Inject Mutagens","floor":21.0,"gold_loss":0.0,"damage_taken":0.0,"relics_obtained":["MutagenicStrength"]},{"damage_healed":0.0,"max_hp_gain":0.0,"max_hp_loss":40.0,"gold_gain":0.0,"event_name":"Ghosts","player_choice":"Became a Ghost","floor":22.0,"gold_loss":0.0,"damage_taken":0.0,"cards_obtained":["Ghostly","Ghostly","Ghostly","Ghostly","Ghostly"]},{"damage_healed":0.0,"max_hp_gain":0.0,"max_hp_loss":0.0,"gold_gain":0.0,"event_name":"SecretPortal","player_choice":"Ignored","floor":37.0,"gold_loss":0.0,"damage_taken":0.0},{"damage_healed":0,"gold_gain":0,"player_choice":"Damaged","damage_taken":4,"max_hp_gain":0,"max_hp_loss":0,"event_name":"Wheel of Change","floor":46,"gold_loss":0}],"is_beta":false,"boss_relics":[{"not_picked":["Philosopher\u0027s Stone","Eternal Feather"],"picked":"Calling Bell"},{"not_picked":["Black Blood","Orrery"],"picked":"Black Star"}],"items_purged_floors":[4,42],"is_endless":false,"potions_floor_spawned":[5,6,10,12,16,23,27,28,31,35,36,40,44,48],"ascension_level":5}