{"gold_per_floor":[109,125,142,142,142,172,186,186,238,249,249,249,59,59,59,164,164,184,204,204,222,242,242,242,242,242,260,270,301,301,312,312,312],"floor_reached":33,"playtime":3238,"items_purged":[],"score":282,"play_id":"96826f47-0af5-44b7-960e-8fdbcf5a2ca2","local_time":"20190224124946","is_ascension_mode":true,"campfire_choices":[{"data":"True Grit","floor":8,"key":"SMITH"},{"data":"Armaments","floor":11,"key":"SMITH"},{"data":"Immolate","floor":15,"key":"SMITH"},{"data":"Feel No Pain","floor":23,"key":"SMITH"},{"data":"Bash","floor":25,"key":"SMITH"},{"data":"Inflame","floor":30,"key":"SMITH"},{"floor":32,"key":"REST"}],"neow_cost":"NONE","seed_source_timestamp":761173842588877,"circlet_count":0,"master_deck":["Strike_R","Strike_R","Strike_R","Strike_R","Defend_R","Defend_R","Defend_R","Defend_R","Bash+1","Armaments+1","True Grit+1","Feel No Pain+1","Disarm+1","Wild Strike","Shrug It Off+1","Immolate+1","Inflame+1","Dark Shackles+1","Offering+1","Sentinel+1","Armaments+1","Warcry+1","Offering+1","Burning Pact+1","Ghostly Armor+1","Impervious+1","Dual Wield+1"],"relics":["Burning Blood","NeowsBlessing","Toxic Egg 2","Dream Catcher","Dodecahedron","Runic Pyramid","Enchiridion","Centennial Puzzle","Juzu Bracelet"],"potions_floor_usage":[6,29,33,33,33],"damage_taken":[{"damage":0,"enemies":"Cultist","floor":1,"turns":1},{"damage":0,"enemies":"2 Louse","floor":2,"turns":1},{"damage":0,"enemies":"Jaw Worm","floor":3,"turns":1},{"damage":44,"enemies":"Lagavulin","floor":6,"turns":8},{"damage":5,"enemies":"3 Louse","floor":7,"turns":6},{"damage":1,"enemies":"Red Slaver","floor":10,"turns":5},{"damage":40,"enemies":"Slime Boss","floor":16,"turns":10},{"damage":6,"enemies":"2 Thieves","floor":18,"turns":3},{"damage":1,"enemies":"Shell Parasite","floor":19,"turns":3},{"damage":6,"enemies":"Snecko","floor":21,"turns":4},{"damage":6,"enemies":"Centurion and Healer","floor":22,"turns":6},{"damage":17,"enemies":"Shelled Parasite and Fungi","floor":27,"turns":6},{"damage":6,"enemies":"Snecko","floor":28,"turns":3},{"damage":7,"enemies":"Book of Stabbing","floor":29,"turns":9},{"damage":8,"enemies":"3 Cultists","floor":31,"turns":6},{"damage":75,"enemies":"Champ","floor":33,"turns":20}],"seed_played":"5140944320106596054","potions_obtained":[{"floor":3,"key":"Block Potion"},{"floor":6,"key":"Ancient Potion"},{"floor":19,"key":"Ancient Potion"},{"floor":27,"key":"Explosive Potion"},{"floor":28,"key":"SkillPotion"},{"floor":29,"key":"Explosive Potion"},{"floor":31,"key":"SkillPotion"}],"is_trial":false,"path_per_floor":["M","?","?","M","T","?","?","?"],"character_chosen":"IRONCLAD","items_purchased":["Immolate","Inflame"],"campfire_rested":1,"item_purchase_floors":[13,13],"current_hp_per_floor":[80,80,80,73,80,42,43,43,43,48,48,48,48,48,48,14,80,80,80,64,64,64,64,49,49,49,38,38,37,37,35,60,0],"gold":312,"neow_bonus":"THREE_ENEMY_KILL","is_prod":false,"is_daily":false,"chose_seed":false,"campfire_upgraded":6,"win_rate":0,"timestamp":1551037786,"path_taken":["M","M","?","?","?","E","?","R","T","M","R","?","$","?","R","BOSS","M","M","?","M","M","R","?","R","T","M","M","E","R","M","R","BOSS"],"build_version":"2019-01-23","purchased_purges":0,"victory":false,"max_hp_per_floor":[80,80,80,80,80,80,80,80,80,80,80,80,80,80,80,80,80,80,80,80,80,80,80,85,85,85,85,85,85,85,85,85,85],"card_choices":[{"not_picked":["Cleave","Shrug It Off"],"picked":"Armaments","floor":1},{"not_picked":["Wild Strike","Warcry"],"picked":"True Grit","floor":2},{"not_picked":["Iron Wave","Flex"],"picked":"Feel No Pain","floor":3},{"not_picked":["Sword Boomerang","Heavy Blade"],"picked":"Disarm","floor":6},{"not_picked":["Havoc+1","Clash"],"picked":"Wild Strike","floor":7},{"not_picked":["Wild Strike","Clash"],"picked":"Shrug It Off+1","floor":10},{"not_picked":["Dark Embrace","Berserk"],"picked":"Offering+1","floor":16},{"not_picked":["Sword Boomerang","Battle Trance+1"],"picked":"Sentinel+1","floor":18},{"not_picked":["Clash","Cleave"],"picked":"Armaments+1","floor":19},{"not_picked":["Headbutt","Rage+1"],"picked":"Warcry+1","floor":21},{"not_picked":["Heavy Blade","Body Slam+1"],"picked":"Offering+1","floor":22},{"not_picked":["Rage+1","Infernal Blade+1"],"picked":"Burning Pact+1","floor":27},{"not_picked":["Dual Wield+1","Body Slam"],"picked":"Ghostly Armor+1","floor":28},{"not_picked":["Headbutt+1","Sever Soul"],"picked":"Impervious+1","floor":29},{"not_picked":["Sword Boomerang","Twin Strike"],"picked":"Dual Wield+1","floor":31}],"player_experience":73626,"relics_obtained":[{"floor":6,"key":"Toxic Egg 2"},{"floor":9,"key":"Dream Catcher"},{"floor":12,"key":"Dodecahedron"},{"floor":20,"key":"Enchiridion"},{"floor":26,"key":"Centennial Puzzle"},{"floor":29,"key":"Juzu Bracelet"}],"event_choices":[{"cards_removed":["Strike_R"],"damage_healed":0,"gold_gain":0,"player_choice":"Card Removal","damage_taken":7,"max_hp_gain":0,"max_hp_loss":0,"event_name":"Golden Wing","floor":4,"gold_loss":0},{"damage_healed":7,"gold_gain":0,"player_choice":"Full Heal","damage_taken":0,"max_hp_gain":0,"max_hp_loss":0,"event_name":"Wheel of Change","floor":5,"gold_loss":0},{"damage_healed":0,"gold_gain":0,"player_choice":"1 cards matched","damage_taken":0,"max_hp_gain":0,"max_hp_loss":0,"event_name":"Match and Keep!","floor":14,"gold_loss":0,"cards_obtained":["Dark Shackles"]},{"damage_healed":0,"gold_gain":0,"player_choice":"Obtained Book","damage_taken":16,"max_hp_gain":0,"max_hp_loss":0,"event_name":"Cursed Tome","floor":20,"gold_loss":0},{"damage_healed":0,"gold_gain":0,"player_choice":"Shed Blood","damage_taken":20,"max_hp_gain":5,"max_hp_loss":0,"event_name":"Forgotten Altar","floor":24,"gold_loss":0}],"is_beta":false,"boss_relics":[{"not_picked":["Lizard Tail","Velvet Choker"],"picked":"Runic Pyramid"}],"items_purged_floors":[],"is_endless":false,"potions_floor_spawned":[3,6,19,27,28,29,31],"killed_by":"Champ","ascension_level":1}