{"gold_per_floor":[119,139,139,139,162,162,198,198,198,221,371,67,107,182,182,280,280,305,3,3,16,31,31,64,64],"floor_reached":25,"playtime":925,"items_purged":["Doubt"],"score":458,"play_id":"2ab80353-1568-4f39-a567-d6cf8019fd74","local_time":"20181023225757","is_ascension_mode":true,"campfire_choices":[{"data":"Chaos","floor":6.0,"key":"SMITH"},{"data":"Zap","floor":8.0,"key":"SMITH"},{"data":"Dualcast","floor":15.0,"key":"SMITH"},{"data":"Loop","floor":23.0,"key":"SMITH"}],"neow_cost":"NONE","seed_source_timestamp":1057694377541433,"circlet_count":0,"master_deck":["Defend_B","Defend_B","Defend_B","Defend_B","Zap+1","Dualcast+1","AscendersBane","BootSequence","FTL","Chaos+1","Injury","Scrape","Beam Cell","Tempest","Creative AI","Fusion+1","Seek+1","Go for the Eyes+1","Melter","Sunder","Loop+1","Rebound+1"],"special_seed":0,"relics":["Cracked Core","Golden Idol","Pantograph","Ornamental Fan","ClockworkSouvenir","Du-Vu Doll","Astrolabe","Toy Ornithopter","MutagenicStrength","Incense Burner"],"potions_floor_usage":[],"damage_taken":[{"damage":1.0,"enemies":"Cultist","floor":1.0,"turns":3.0},{"damage":0.0,"enemies":"Jaw Worm","floor":2.0,"turns":3.0},{"damage":0.0,"enemies":"2 Louse","floor":5.0,"turns":2.0},{"damage":32.0,"enemies":"Gremlin Nob","floor":7.0,"turns":4.0},{"damage":0.0,"enemies":"Looter","floor":10.0,"turns":2.0},{"damage":16.0,"enemies":"Lagavulin","floor":13.0,"turns":5.0},{"damage":20.0,"enemies":"Hexaghost","floor":16.0,"turns":7.0},{"damage":22.0,"enemies":"2 Thieves","floor":18.0,"turns":4.0},{"damage":0.0,"enemies":"Chosen","floor":21.0,"turns":3.0},{"damage":1.0,"enemies":"Centurion and Healer","floor":22.0,"turns":4.0},{"damage":26.0,"enemies":"Book of Stabbing","floor":24.0,"turns":4.0},{"damage":27,"enemies":"Shelled Parasite and Fungi","floor":25,"turns":2}],"seed_played":"5370395925773080462","potions_obtained":[{"floor":1.0,"key":"Poison Potion"},{"floor":10.0,"key":"PowerPotion"},{"floor":16.0,"key":"Strength Potion"},{"floor":18.0,"key":"AttackPotion"}],"is_trial":false,"path_per_floor":["M","M","?","?","M","R","E","R","T","M","?","$","E","?","R","B",null,"M","$","?","M","M","R","E"],"character_chosen":"DEFECT","items_purchased":["ClockworkSouvenir","Toy Ornithopter","Sunder"],"campfire_rested":0,"item_purchase_floors":[12,19,19],"current_hp_per_floor":[70,70,70,70,70,70,38,38,38,38,38,38,22,11,11,16,63,41,41,41,41,40,40,24,0],"gold":64,"neow_bonus":"TEN_PERCENT_HP_BONUS","is_prod":false,"is_daily":false,"chose_seed":false,"campfire_upgraded":4,"win_rate":0,"timestamp":1540328277,"path_taken":["M","M","?","?","M","R","E","R","T","?","?","?","E","?","R","BOSS","M","$","?","M","M","R","E","M"],"build_version":"2018-10-18","purchased_purges":1,"victory":false,"max_hp_per_floor":[78,78,78,78,78,78,78,78,78,78,78,78,78,78,78,78,78,78,78,78,78,78,78,78,78],"card_choices":[{"not_picked":["Gash","Turbo"],"picked":"BootSequence","floor":1.0},{"not_picked":["Go for the Eyes","Rebound"],"picked":"FTL","floor":2.0},{"not_picked":["Hyperbeam","Rebound","Stack"],"picked":"SKIP","floor":5.0},{"not_picked":["Skim","Darkness"],"picked":"Scrape","floor":7.0},{"not_picked":["Genetic Algorithm","Go for the Eyes"],"picked":"Beam Cell","floor":10.0},{"not_picked":["Conserve Battery","Force Field"],"picked":"Tempest","floor":13.0},{"not_picked":["Machine Learning","Fission"],"picked":"Creative AI","floor":16.0},{"not_picked":["Gash","Go for the Eyes"],"picked":"Melter","floor":18.0},{"not_picked":["Turbo+1","Capacitor","Hello World"],"picked":"SKIP","floor":21.0},{"not_picked":["Barrage","Conserve Battery"],"picked":"Loop","floor":22.0},{"not_picked":["Coolheaded","Steam Power"],"picked":"Rebound+1","floor":24.0}],"player_experience":859199,"relics_obtained":[{"floor":7.0,"key":"Pantograph"},{"floor":9.0,"key":"Ornamental Fan"},{"floor":13.0,"key":"Du-Vu Doll"},{"floor":24.0,"key":"Incense Burner"}],"event_choices":[{"damage_healed":0.0,"max_hp_gain":0.0,"max_hp_loss":0.0,"gold_gain":0.0,"cards_transformed":["Strike_B"],"event_name":"Living Wall","player_choice":"Change","floor":3.0,"gold_loss":0.0,"damage_taken":0.0,"cards_obtained":["Chaos"]},{"damage_healed":0.0,"max_hp_gain":0.0,"max_hp_loss":0.0,"gold_gain":0.0,"event_name":"Golden Idol","player_choice":"Take Wound","floor":4.0,"gold_loss":0.0,"damage_taken":0.0,"relics_obtained":["Golden Idol"],"cards_obtained":["Injury"]},{"damage_healed":0.0,"max_hp_gain":0.0,"max_hp_loss":0.0,"gold_gain":150.0,"event_name":"Liars Game","player_choice":"AGREE","floor":11.0,"gold_loss":0.0,"damage_taken":0.0,"cards_obtained":["Doubt"]},{"damage_healed":0.0,"max_hp_gain":0.0,"max_hp_loss":0.0,"gold_gain":75.0,"event_name":"World of Goop","player_choice":"Gather Gold","floor":14.0,"gold_loss":0.0,"damage_taken":11.0},{"damage_healed":0.0,"max_hp_gain":0.0,"max_hp_loss":0.0,"gold_gain":0.0,"event_name":"Drug Dealer","player_choice":"Inject Mutagens","floor":20.0,"gold_loss":0.0,"damage_taken":0.0,"relics_obtained":["MutagenicStrength"]}],"is_beta":false,"boss_relics":[{"not_picked":["Pandora\u0027s Box","Black Star"],"picked":"Astrolabe"}],"items_purged_floors":[12],"is_endless":false,"potions_floor_spawned":[1,10,16,18],"killed_by":"Shelled Parasite and Fungi","ascension_level":20}