{"gold_per_floor":[19,39,97,97,116,143,143,153,180,180,212,212,212,245,245,322,322,340,357,10,30,47,47,75,75,100,133,208,156,189,201,201,275,275,286,304,1303,1317,564,599,599,626,626,626,626,642,653,144,144,144],"floor_reached":51,"playtime":6851,"items_purged":["Normality","Normality"],"score":1417,"play_id":"e7b12dfc-9463-4762-be91-6985336610b9","local_time":"20190309225718","is_ascension_mode":true,"campfire_choices":[{"data":"Machine Learning","floor":7.0,"key":"SMITH"},{"data":"Zap","floor":10.0,"key":"SMITH"},{"data":"Genetic Algorithm","floor":13.0,"key":"SMITH"},{"data":"Defend_B","floor":15.0,"key":"SMITH"},{"floor":23.0,"key":"REST"},{"data":"Seek","floor":25.0,"key":"SMITH"},{"floor":32.0,"key":"REST"},{"floor":41.0,"key":"REST"},{"floor":45.0,"key":"REST"},{"floor":49.0,"key":"REST"}],"neow_cost":"NO_GOLD","seed_source_timestamp":1985609310955489,"circlet_count":0,"master_deck":["AscendersBane","Strike_B+1","Defend_B+1","Defend_B","Defend_B","Defend_B","Zap+1","Dualcast","Impatience","Forethought","Doom and Gloom+1","Compile Driver+1","Chill","Machine Learning+1","Recycle","Genetic Algorithm+1","Reprogram","Seek+1","Leap+1","Electrodynamics+1","Loop+1","Cold Snap","Conserve Battery","Hologram","Sunder+1","Sweeping Beam+1","Ball Lightning","Capacitor","Barrage","Rip and Tear","White Noise+1","Rainbow","Coolheaded+1"],"special_seed":0,"relics":["Cracked Core","Ancient Tea Set","Vajra","Whetstone","Prayer Wheel","Pen Nib","Astrolabe","Anchor","Sling","Kunai","Juzu Bracelet","Blood Vial","Oddly Smooth Stone","Lizard Tail","Dead Branch","Matryoshka","DataDisk","Bag of Preparation","Strawberry","Ornamental Fan","ClockworkSouvenir","Dream Catcher"],"potions_floor_usage":[50,50],"damage_taken":[{"damage":0.0,"enemies":"Small Slimes","floor":1.0,"turns":3.0},{"damage":0.0,"enemies":"2 Louse","floor":2.0,"turns":2.0},{"damage":7.0,"enemies":"Jaw Worm","floor":5.0,"turns":2.0},{"damage":8.0,"enemies":"3 Sentries","floor":6.0,"turns":8.0},{"damage":0.0,"enemies":"Exordium Wildlife","floor":8.0,"turns":2.0},{"damage":21.0,"enemies":"Lagavulin","floor":11.0,"turns":4.0},{"damage":0.0,"enemies":"3 Sentries","floor":14.0,"turns":4.0},{"damage":17.0,"enemies":"Hexaghost","floor":16.0,"turns":9.0},{"damage":22.0,"enemies":"2 Thieves","floor":18.0,"turns":2.0},{"damage":0.0,"enemies":"Spheric Guardian","floor":19.0,"turns":3.0},{"damage":2.0,"enemies":"Cultist and Chosen","floor":21.0,"turns":6.0},{"damage":0.0,"enemies":"Snake Plant","floor":22.0,"turns":6.0},{"damage":1.0,"enemies":"Gremlin Leader","floor":24.0,"turns":6.0},{"damage":24.0,"enemies":"Book of Stabbing","floor":27.0,"turns":5.0},{"damage":5.0,"enemies":"Slavers","floor":30.0,"turns":3.0},{"damage":5.0,"enemies":"Chosen and Byrds","floor":31.0,"turns":6.0},{"damage":37.0,"enemies":"Champ","floor":33.0,"turns":10.0},{"damage":13.0,"enemies":"3 Shapes","floor":35.0,"turns":4.0},{"damage":12.0,"enemies":"3 Darklings","floor":36.0,"turns":5.0},{"damage":43.0,"enemies":"Maw","floor":38.0,"turns":9.0},{"damage":23.0,"enemies":"Reptomancer","floor":40.0,"turns":6.0},{"damage":26.0,"enemies":"Giant Head","floor":42.0,"turns":7.0},{"damage":0.0,"enemies":"Sphere and 2 Shapes","floor":46.0,"turns":2.0},{"damage":0.0,"enemies":"4 Shapes","floor":47.0,"turns":3.0},{"damage":69,"enemies":"Time Eater","floor":50,"turns":10}],"seed_played":"-5622717158795016204","potions_obtained":[{"floor":1.0,"key":"Ancient Potion"},{"floor":2.0,"key":"Explosive Potion"},{"floor":16.0,"key":"EssenceOfSteel"},{"floor":22.0,"key":"Fire Potion"},{"floor":24.0,"key":"FearPotion"},{"floor":40.0,"key":"Swift Potion"},{"floor":42.0,"key":"Weak Potion"}],"is_trial":false,"path_per_floor":["M","M","?","?","M","E","R","M","T","R","E","?","R","E","R","B",null,"M","M","$","M","M","R","E","R","T","E","?","$","E","M","R","B",null,"M","M","?","M","$","E","R","E","T","?","R","M","M","$","R","B",null],"character_chosen":"DEFECT","items_purchased":["Anchor","Sling","Block Potion","Dead Branch","GamblersBrew","Weak Potion","Matryoshka","ClockworkSouvenir","Strength Potion","Dream Catcher"],"campfire_rested":5,"item_purchase_floors":[20,20,29,39,39,39,39,48,48,48],"current_hp_per_floor":[68,68,68,68,61,53,53,53,53,53,32,25,25,25,25,8,58,36,36,36,34,34,56,55,55,55,31,24,24,21,18,40,5,58,47,37,37,37,37,16,38,14,21,21,45,47,49,49,73,6],"gold":144,"neow_bonus":"RANDOM_COLORLESS_2","is_prod":false,"is_daily":false,"chose_seed":false,"campfire_upgraded":5,"win_rate":0,"timestamp":1552190238,"path_taken":["M","M","?","?","M","E","R","M","T","R","E","?","R","E","R","BOSS","M","M","$","M","M","R","E","R","T","E","?","$","E","M","R","BOSS","M","M","?","M","$","E","R","E","T","?","R","M","M","$","R","BOSS"],"build_version":"2019-01-23","purchased_purges":2,"victory":true,"max_hp_per_floor":[75,75,75,75,75,75,75,75,75,75,75,75,75,75,75,75,75,75,75,75,75,75,75,75,75,75,75,75,75,75,75,75,75,75,75,75,75,75,75,75,75,75,82,82,82,82,82,82,82,82],"card_choices":[{"not_picked":["Chill","Cold Snap"],"picked":"Doom and Gloom","floor":1.0},{"not_picked":["Go for the Eyes","Reinforced Body"],"picked":"Compile Driver","floor":2.0},{"not_picked":["Redo","Stack"],"picked":"Chill","floor":5.0},{"not_picked":["Steam Power","Heatsinks"],"picked":"Machine Learning","floor":6.0},{"not_picked":["Stack","Gash"],"picked":"Recycle","floor":8.0},{"not_picked":["Cold Snap","Undo"],"picked":"Genetic Algorithm","floor":11.0},{"not_picked":["Sweeping Beam","BootSequence"],"picked":"Reprogram","floor":14.0},{"not_picked":["Fission","Meteor Strike"],"picked":"Seek","floor":16.0},{"not_picked":["Doom and Gloom","Beam Cell"],"picked":"Cold Snap","floor":18.0},{"not_picked":["Compile Driver","Conserve Battery+1","Melter+1"],"picked":"SKIP","floor":18.0},{"not_picked":["Stack","Steam Power"],"picked":"Conserve Battery","floor":19.0},{"not_picked":["Tempest","Gash+1"],"picked":"Hologram","floor":19.0},{"not_picked":["Fusion","Tempest","Conserve Battery"],"picked":"SKIP","floor":21.0},{"not_picked":["Genetic Algorithm","Stack","Barrage"],"picked":"SKIP","floor":21.0},{"not_picked":["Sweeping Beam","Gash"],"picked":"Sunder+1","floor":22.0},{"not_picked":["Beam Cell","Heatsinks","Darkness"],"picked":"SKIP","floor":22.0},{"not_picked":["Creative AI","Sunder","Fusion"],"picked":"SKIP","floor":24.0},{"not_picked":["Ball Lightning","Skim"],"picked":"Sweeping Beam+1","floor":27.0},{"not_picked":["Force Field","Redo+1","Cold Snap"],"picked":"SKIP","floor":30.0},{"not_picked":["Cold Snap","Go for the Eyes","Redo"],"picked":"SKIP","floor":31.0},{"not_picked":["Leap","Consume","Steam"],"picked":"SKIP","floor":31.0},{"not_picked":["Genetic Algorithm","Redo"],"picked":"Ball Lightning","floor":35.0},{"not_picked":["Sweeping Beam","Turbo","Steam Power"],"picked":"SKIP","floor":35.0},{"not_picked":["Streamline+1","Go for the Eyes+1"],"picked":"Capacitor","floor":36.0},{"not_picked":["Ball Lightning","Stack"],"picked":"Barrage","floor":36.0},{"not_picked":["Compile Driver+1","Gash"],"picked":"Rip and Tear","floor":38.0},{"not_picked":["Fission","Redo","Ball Lightning"],"picked":"SKIP","floor":38.0},{"not_picked":["Redo","Barrage"],"picked":"White Noise+1","floor":40.0},{"not_picked":["Reboot","Turbo","Melter"],"picked":"SKIP","floor":42.0},{"not_picked":["White Noise+1","Ball Lightning","Hologram"],"picked":"SKIP","floor":46.0},{"not_picked":["Conserve Battery","Go for the Eyes","Hologram+1"],"picked":"SKIP","floor":46.0},{"not_picked":["Reinforced Body","Sweeping Beam"],"picked":"Rainbow","floor":47.0},{"not_picked":["Recycle","Gash","Melter+1"],"picked":"SKIP","floor":47.0},{"not_picked":["Redo+1","Gash"],"picked":"Coolheaded+1","floor":49.0}],"player_experience":666414,"relics_obtained":[{"floor":6.0,"key":"Ancient Tea Set"},{"floor":9.0,"key":"Vajra"},{"floor":11.0,"key":"Whetstone"},{"floor":14.0,"key":"Pen Nib"},{"floor":24.0,"key":"Kunai"},{"floor":26.0,"key":"Juzu Bracelet"},{"floor":27.0,"key":"Blood Vial"},{"floor":30.0,"key":"Oddly Smooth Stone"},{"floor":40.0,"key":"DataDisk"},{"floor":42.0,"key":"Bag of Preparation"},{"floor":43.0,"key":"Strawberry"},{"floor":43.0,"key":"Ornamental Fan"}],"event_choices":[{"damage_healed":0.0,"max_hp_gain":0.0,"max_hp_loss":0.0,"gold_gain":58.0,"event_name":"Golden Wing","player_choice":"Gained Gold","floor":3.0,"gold_loss":0.0,"damage_taken":0.0},{"damage_healed":0.0,"max_hp_gain":0.0,"max_hp_loss":0.0,"gold_gain":0.0,"event_name":"Living Wall","player_choice":"Grow","floor":4.0,"gold_loss":0.0,"damage_taken":0.0,"cards_upgraded":["Doom and Gloom"]},{"damage_healed":0.0,"max_hp_gain":0.0,"max_hp_loss":0.0,"gold_gain":0.0,"event_name":"Scrap Ooze","player_choice":"Success","floor":12.0,"gold_loss":0.0,"damage_taken":7.0,"relics_obtained":["Prayer Wheel"]},{"damage_healed":0.0,"max_hp_gain":0.0,"max_hp_loss":0.0,"gold_gain":75.0,"event_name":"FaceTrader","player_choice":"Touch","floor":28.0,"gold_loss":0.0,"damage_taken":7.0},{"damage_healed":0.0,"max_hp_gain":0.0,"max_hp_loss":0.0,"gold_gain":999.0,"event_name":"MindBloom","player_choice":"Gold","floor":37.0,"gold_loss":0.0,"damage_taken":0.0,"cards_obtained":["Normality","Normality"]},{"damage_healed":0.0,"max_hp_gain":0.0,"max_hp_loss":0.0,"gold_gain":0.0,"event_name":"Tomb of Lord Red Mask","player_choice":"Ignored","floor":44.0,"gold_loss":0.0,"damage_taken":0.0}],"is_beta":false,"boss_relics":[{"not_picked":["White Beast Statue","Busted Crown"],"picked":"Astrolabe"},{"not_picked":["Runic Dome","FrozenCore"],"picked":"Lizard Tail"}],"items_purged_floors":[39,48],"is_endless":false,"potions_floor_spawned":[1,2,5,16,22,24,27,40,42],"ascension_level":13}