{"gold_per_floor":[109,259,274,291,52,52,85,85,112,123,123,123],"floor_reached":12,"playtime":522,"items_purged":["Doubt"],"score":156,"play_id":"aed3c3d4-8d0a-41df-b862-165fe6bbe71a","local_time":"20190309030458","is_ascension_mode":true,"campfire_choices":[{"data":"Bash","floor":6,"key":"SMITH"},{"data":"Havoc","floor":8,"key":"SMITH"}],"neow_cost":"NONE","seed_source_timestamp":907366625501845,"circlet_count":0,"master_deck":["AscendersBane","Strike_R","Strike_R","Strike_R","Strike_R","Strike_R","Defend_R","Defend_R","Defend_R","Defend_R","Bash+1","Ghostly Armor","Battle Trance","Havoc+1","Corruption","Double Tap"],"relics":["Burning Blood","Happy Flower","Dream Catcher","Anchor"],"potions_floor_usage":[7],"damage_taken":[{"damage":2,"enemies":"Cultist","floor":1,"turns":4},{"damage":1,"enemies":"2 Louse","floor":3,"turns":3},{"damage":9,"enemies":"Small Slimes","floor":4,"turns":7},{"damage":59,"enemies":"3 Sentries","floor":7,"turns":18},{"damage":0,"enemies":"2 Fungi Beasts","floor":10,"turns":4},{"damage":84,"enemies":"Gremlin Nob","floor":12,"turns":4}],"seed_played":"-5980163018150060565","potions_obtained":[{"floor":3,"key":"FairyPotion"},{"floor":4,"key":"SkillPotion"}],"is_trial":false,"path_per_floor":["M","?","M","M","$","R","E","R","T","M","?","E"],"character_chosen":"IRONCLAD","items_purchased":["Happy Flower"],"campfire_rested":0,"item_purchase_floors":[5],"current_hp_per_floor":[79,79,82,79,79,79,26,26,26,32,32,0],"gold":123,"neow_bonus":"TEN_PERCENT_HP_BONUS","is_prod":false,"is_daily":false,"chose_seed":false,"campfire_upgraded":2,"win_rate":0,"timestamp":1552097098,"path_taken":["M","?","M","M","$","R","E","R","T","M","?","E"],"build_version":"2019-01-23","purchased_purges":1,"victory":false,"max_hp_per_floor":[82,82,82,82,82,82,82,82,82,82,82,82],"card_choices":[{"not_picked":["Shrug It Off","Clash"],"picked":"Ghostly Armor","floor":1},{"not_picked":["Clothesline","Flex"],"picked":"Battle Trance","floor":3},{"not_picked":["Perfected Strike","Blood for Blood","Battle Trance"],"picked":"SKIP","floor":4},{"not_picked":["Blood for Blood","Thunderclap"],"picked":"Havoc","floor":7},{"not_picked":["Anger","Power Through"],"picked":"Corruption","floor":10}],"player_experience":1173332,"relics_obtained":[{"floor":7,"key":"Dream Catcher"},{"floor":9,"key":"Anchor"}],"event_choices":[{"damage_healed":0,"gold_gain":150,"player_choice":"AGREE","damage_taken":0,"max_hp_gain":0,"max_hp_loss":0,"event_name":"Liars Game","floor":2,"gold_loss":0,"cards_obtained":["Doubt"]},{"damage_healed":0,"gold_gain":0,"player_choice":"1 cards matched","damage_taken":0,"max_hp_gain":0,"max_hp_loss":0,"event_name":"Match and Keep!","floor":11,"gold_loss":0,"cards_obtained":["Double Tap"]}],"is_beta":false,"boss_relics":[],"items_purged_floors":[5],"is_endless":false,"potions_floor_spawned":[3,4],"killed_by":"Gremlin Nob","ascension_level":20}