{"gold_per_floor":[111,186,204,222,192,192,220,220,220,232,248,267,267,298,298,298],"floor_reached":16,"playtime":2179,"items_purged":[],"score":112,"play_id":"f2d84a34-ffdb-457a-9bb6-520e75ae383d","local_time":"20180717114201","is_ascension_mode":false,"campfire_choices":[{"data":"Dagger Spray","floor":6,"key":"SMITH"},{"data":"Blur","floor":8,"key":"SMITH"},{"data":"Backflip","floor":13,"key":"SMITH"},{"floor":15,"key":"REST"}],"neow_cost":"NONE","seed_source_timestamp":231712264702906,"circlet_count":0,"master_deck":["Defend_G","Defend_G","Defend_G","Defend_G","Defend_G","Strike_G","Strike_G","Strike_G","Strike_G","Strike_G","Survivor","Neutralize+1","Quick Slash","Dagger Spray+1","Blur+1","Well Laid Plans","Backflip+1"],"relics":["Ring of the Snake","Letter Opener","Darkstone Periapt","Gremlin Horn"],"potions_floor_usage":[12,12,16],"damage_taken":[{"damage":0,"enemies":"Jaw Worm","floor":1,"turns":5},{"damage":0,"enemies":"2 Louse","floor":3,"turns":4},{"damage":0,"enemies":"Cultist","floor":4,"turns":4},{"damage":0,"enemies":"Looter","floor":5,"turns":4},{"damage":9,"enemies":"3 Sentries","floor":7,"turns":7},{"damage":0,"enemies":"Blue Slaver","floor":10,"turns":4},{"damage":0,"enemies":"2 Fungi Beasts","floor":11,"turns":3},{"damage":0,"enemies":"Exordium Thugs","floor":12,"turns":3},{"damage":13,"enemies":"Lagavulin","floor":14,"turns":14},{"damage":59,"enemies":"Hexaghost","floor":16,"turns":21}],"seed_played":"-8557007031415599481","potions_obtained":[{"floor":1,"key":"Dexterity Potion"},{"floor":3,"key":"GhostInAJar"},{"floor":7,"key":"AttackPotion"},{"floor":11,"key":"EssenceOfSteel"}],"is_trial":false,"path_per_floor":["M","?","M","M","M","R","E","R","T","M","M","M","R","E","R"],"character_chosen":"THE_SILENT","items_purchased":[],"campfire_rested":1,"item_purchase_floors":[],"current_hp_per_floor":[70,59,59,59,59,59,50,50,50,50,50,50,50,37,58,0],"gold":298,"neow_bonus":"UPGRADE_CARD","is_prod":false,"is_daily":false,"chose_seed":false,"campfire_upgraded":3,"win_rate":0,"timestamp":1531842121,"path_taken":["M","?","M","?","M","R","E","R","T","M","M","M","R","E","R","BOSS"],"build_version":"2018-07-12","purchased_purges":0,"victory":false,"max_hp_per_floor":[70,70,70,70,70,70,70,70,70,70,70,70,70,70,70,70],"card_choices":[{"not_picked":["Heel Hook","Prepared","Deadly Poison"],"picked":"SKIP","floor":1},{"not_picked":["Poisoned Stab","Bane","Blade Dance"],"picked":"SKIP","floor":3},{"not_picked":["Eviscerate","Poisoned Stab"],"picked":"Quick Slash","floor":4},{"not_picked":["Escape Plan","Riddle With Holes"],"picked":"Dagger Spray","floor":5},{"not_picked":["Quick Slash","Underhanded Strike"],"picked":"Blur","floor":7},{"not_picked":["Adrenaline","Skewer"],"picked":"Well Laid Plans","floor":10},{"not_picked":["Dagger Throw","All Out Attack","Well Laid Plans"],"picked":"SKIP","floor":11},{"not_picked":["Escape Plan","Flying Knee"],"picked":"Backflip","floor":12},{"not_picked":["Catalyst","Deflect","Bane"],"picked":"SKIP","floor":14}],"player_experience":68502,"relics_obtained":[{"floor":7,"key":"Letter Opener"},{"floor":9,"key":"Darkstone Periapt"},{"floor":14,"key":"Gremlin Horn"}],"event_choices":[{"event_name":"World of Goop","player_choice":"Gather Gold","floor":2,"damage_taken":0}],"boss_relics":[],"items_purged_floors":[],"is_endless":false,"potions_floor_spawned":[1,3,7,11],"killed_by":"Hexaghost","ascension_level":0}