{"gold_per_floor":[11,23,23,37,55,81,92,111,137,137,149,174,174,193,193,294,294,313,332,332,352,124,124,158,158,204,204,220,236,261,272,272,369,369,388,405,415,426,436,436,467,467,545,90,90,108,34,64,64,64],"floor_reached":51,"playtime":7816,"items_purged":["Decay","Injury"],"score":851,"play_id":"9950c58e-293a-4f8f-8bed-8576316fc5bd","local_time":"20180729003709","is_ascension_mode":true,"campfire_choices":[{"data":"Concentrate","floor":10.0,"key":"SMITH"},{"floor":15.0,"key":"REST"},{"floor":23.0,"key":"REST"},{"data":"Infinite Blades","floor":25.0,"key":"SMITH"},{"floor":32.0,"key":"REST"},{"floor":40.0,"key":"REST"},{"floor":42.0,"key":"REST"},{"floor":49,"key":"REST"}],"neow_cost":"NO_GOLD","seed_source_timestamp":854627251179926,"circlet_count":0,"master_deck":["Defend_G","Defend_G","Defend_G","Defend_G","Strike_G","Strike_G","Strike_G","Strike_G+1","Survivor","Neutralize+1","Underhanded Strike","Concentrate+1","Backflip","Outmaneuver","Heel Hook","Sucker Punch+1","Expertise","Quick Slash","Prepared","Terror","Flying Knee","Dagger Spray","Die Die Die","Clumsy","Dagger Throw+1","Tools of the Trade","RitualDagger","Infinite Blades+1","A Thousand Cuts","Tactician+1","Choke","RitualDagger","Phantasmal Killer"],"special_seed":0,"relics":["Ring of the Snake","Boot","Bronze Scales","Blood Vial","Orichalcum","Calling Bell","Thread and Needle","Question Card","Happy Flower","Whetstone","Regal Pillow","Strawberry","Ornamental Fan","StoneCalendar","Fusion Hammer","Anchor","Shuriken","Pen Nib","DollysMirror","Mummified Hand"],"potions_floor_usage":[50],"damage_taken":[{"damage":0.0,"enemies":"Small Slimes","floor":1.0,"turns":3.0},{"damage":0.0,"enemies":"Cultist","floor":2.0,"turns":4.0},{"damage":0.0,"enemies":"Jaw Worm","floor":4.0,"turns":4.0},{"damage":1.0,"enemies":"Lots of Slimes","floor":5.0,"turns":6.0},{"damage":24.0,"enemies":"Gremlin Nob","floor":6.0,"turns":5.0},{"damage":2.0,"enemies":"Blue Slaver","floor":7.0,"turns":5.0},{"damage":0.0,"enemies":"Exordium Wildlife","floor":8.0,"turns":3.0},{"damage":0.0,"enemies":"Gremlin Gang","floor":11.0,"turns":3.0},{"damage":7.0,"enemies":"Lagavulin","floor":12.0,"turns":4.0},{"damage":3.0,"enemies":"3 Louse","floor":14.0,"turns":3.0},{"damage":36.0,"enemies":"The Guardian","floor":16.0,"turns":10.0},{"damage":14.0,"enemies":"Spheric Guardian","floor":18.0,"turns":5.0},{"damage":0.0,"enemies":"Shell Parasite","floor":19.0,"turns":4.0},{"damage":9.0,"enemies":"Snecko","floor":21.0,"turns":6.0},{"damage":17.0,"enemies":"Gremlin Leader","floor":24.0,"turns":4.0},{"damage":1.0,"enemies":"Chosen and Byrds","floor":28.0,"turns":3.0},{"damage":0.0,"enemies":"3 Cultists","floor":29.0,"turns":4.0},{"damage":23.0,"enemies":"Slavers","floor":30.0,"turns":4.0},{"damage":13.0,"enemies":"Snake Plant","floor":31.0,"turns":3.0},{"damage":57.0,"enemies":"Champ","floor":33.0,"turns":9.0},{"damage":0.0,"enemies":"Flame Bruiser 1 Orb","floor":35.0,"turns":3.0},{"damage":19.0,"enemies":"3 Shapes","floor":36.0,"turns":4.0},{"damage":10.0,"enemies":"Flame Bruiser 2 Orb","floor":37.0,"turns":5.0},{"damage":3.0,"enemies":"Sphere and 2 Shapes","floor":38.0,"turns":3.0},{"damage":18.0,"enemies":"Transient","floor":39.0,"turns":5.0},{"damage":42.0,"enemies":"Nemesis","floor":41.0,"turns":5.0},{"damage":11.0,"enemies":"Maw","floor":46.0,"turns":5.0},{"damage":45,"enemies":"2 Orb Walkers","floor":48,"turns":4},{"damage":53,"enemies":"Donu and Deca","floor":50,"turns":6}],"seed_played":"-2744348221317883772","potions_obtained":[{"floor":2.0,"key":"PowerPotion"},{"floor":5.0,"key":"EntropicBrew"},{"floor":6.0,"key":"Regen Potion"},{"floor":16.0,"key":"Fire Potion"},{"floor":24.0,"key":"AttackPotion"},{"floor":30.0,"key":"Energy Potion"},{"floor":35.0,"key":"Energy Potion"},{"floor":38.0,"key":"SpeedPotion"},{"floor":39.0,"key":"Energy Potion"}],"is_trial":false,"path_per_floor":["M","M","?","M","M","E","M","M","T","R","M","E","?","M","R","B",null,"M","M","?","M","$","R","E","R","T","T","M","M","E","M","R","B",null,"M","M","M","M","M","R","E","R","T","$","?","M","$","E","R","B"],"character_chosen":"THE_SILENT","items_purchased":["Whetstone","Pen Nib","DollysMirror","Ancient Potion"],"campfire_rested":6,"item_purchase_floors":[22,44,44,47],"current_hp_per_floor":[70,70,70,70,69,45,43,43,43,43,43,36,29,28,49,30,70,56,58,52,45,45,66,51,51,58,58,59,61,40,29,67,12,77,77,58,50,49,33,71,31,69,69,69,69,60,60,17,55,4],"gold":64,"neow_bonus":"TRANSFORM_TWO_CARDS","is_prod":false,"is_daily":false,"chose_seed":false,"campfire_upgraded":2,"win_rate":0,"timestamp":1532839029,"path_taken":["M","M","?","M","M","E","M","M","T","R","?","E","?","?","R","BOSS","M","?","?","M","$","R","E","R","T","?","M","M","E","M","R","BOSS","M","?","M","M","M","R","E","R","T","$","?","M","?","E","R","BOSS"],"build_version":"2018-07-26","purchased_purges":2,"victory":true,"max_hp_per_floor":[70,70,70,70,70,70,70,70,70,70,70,70,70,70,70,70,70,70,70,70,70,70,70,70,70,77,77,77,77,77,77,77,77,77,77,77,77,77,77,77,77,77,77,77,77,77,77,77,77,77],"card_choices":[{"not_picked":["Setup","Bane"],"picked":"Backflip","floor":1.0},{"not_picked":["Flying Knee","Poisoned Stab"],"picked":"Outmaneuver","floor":2.0},{"not_picked":["Bouncing Flask","Deadly Poison"],"picked":"Heel Hook","floor":4.0},{"not_picked":["Heel Hook","Bane"],"picked":"Sucker Punch","floor":5.0},{"not_picked":["Blur","Slice"],"picked":"Expertise","floor":6.0},{"not_picked":["Blur","Distraction"],"picked":"Quick Slash","floor":7.0},{"not_picked":["Bullet Time","Concentrate"],"picked":"Prepared","floor":8.0},{"not_picked":["PiercingWail","Slice"],"picked":"Terror","floor":11.0},{"not_picked":["Leg Sweep","Bane"],"picked":"Flying Knee","floor":12.0},{"not_picked":["Cloak And Dagger","Leg Sweep"],"picked":"Dagger Spray","floor":14.0},{"not_picked":["Grand Finale","Night Terror"],"picked":"Die Die Die","floor":16.0},{"not_picked":["Slice","Underhanded Strike+1","Dodge and Roll+1"],"picked":"Dagger Throw+1","floor":18.0},{"not_picked":["Accuracy","Underhanded Strike+1","Dagger Throw"],"picked":"Tools of the Trade","floor":19.0},{"not_picked":["Setup","Dagger Spray","Outmaneuver+1"],"picked":"Infinite Blades","floor":21.0},{"not_picked":["All Out Attack","Acrobatics+1","PiercingWail+1"],"picked":"A Thousand Cuts","floor":24.0},{"not_picked":["Dagger Spray+1","Escape Plan+1","Quick Slash","Deadly Poison"],"picked":"SKIP","floor":28.0},{"not_picked":["Deadly Poison","Concentrate","Poisoned Stab+1","Dagger Throw"],"picked":"SKIP","floor":29.0},{"not_picked":["PiercingWail","Footwork","Quick Slash+1","Unload"],"picked":"SKIP","floor":30.0},{"not_picked":["Terror","Setup","Prepared"],"picked":"Tactician+1","floor":31.0},{"not_picked":["Flying Knee+1","Prepared","Bane","Catalyst"],"picked":"SKIP","floor":35.0},{"not_picked":["Bouncing Flask","Dash+1","Blade Dance","PiercingWail"],"picked":"SKIP","floor":36.0},{"not_picked":["PiercingWail+1","Distraction+1","All Out Attack","Dodge and Roll+1"],"picked":"SKIP","floor":37.0},{"not_picked":["Masterful Stab+1","Backstab","Poisoned Stab+1","Leg Sweep"],"picked":"SKIP","floor":38.0},{"not_picked":["Prepared","Corpse Explosion","Dagger Spray+1","Blur"],"picked":"SKIP","floor":39.0},{"not_picked":["Acrobatics+1","Noxious Fumes","Venomology"],"picked":"Choke","floor":41.0},{"not_picked":["Outmaneuver+1","Choke","Catalyst","Prepared+1"],"picked":"SKIP","floor":46.0},{"not_picked":["Deadly Poison","Bouncing Flask","Dodge and Roll+1"],"picked":"Phantasmal Killer","floor":48}],"player_experience":189507,"relics_obtained":[{"floor":6.0,"key":"Boot"},{"floor":9.0,"key":"Bronze Scales"},{"floor":12.0,"key":"Blood Vial"},{"floor":17.0,"key":"Thread and Needle"},{"floor":17.0,"key":"Question Card"},{"floor":17.0,"key":"Happy Flower"},{"floor":24.0,"key":"Regal Pillow"},{"floor":26.0,"key":"Strawberry"},{"floor":27.0,"key":"Ornamental Fan"},{"floor":30.0,"key":"StoneCalendar"},{"floor":41.0,"key":"Anchor"},{"floor":43.0,"key":"Shuriken"},{"floor":48,"key":"Mummified Hand"}],"event_choices":[{"event_name":"Upgrade Shrine","player_choice":"Upgraded","floor":3.0,"damage_taken":0.0},{"event_name":"Scrap Ooze","player_choice":"success","floor":13.0,"damage_taken":7.0},{"event_name":"Nest","player_choice":"Joined the Cult","floor":20.0,"damage_taken":0.0},{"event_name":"Accursed Blacksmith","player_choice":"Ignore","floor":45.0,"damage_taken":0.0}],"is_beta":false,"boss_relics":[{"not_picked":["Ectoplasm","Tiny House"],"picked":"Calling Bell"},{"not_picked":["Runic Dome","Runic Pyramid"],"picked":"Fusion Hammer"}],"items_purged_floors":[22,44],"is_endless":false,"potions_floor_spawned":[2,5,6,8,12,16,19,24,29,30,35,38,39],"ascension_level":3}