{"gold_per_floor":[209,209,219,16,30,55,82,109,174,220,232,258,270,310,322,435,447,471,167,185,185,199,199,114,147,173,173,173,73,73,93,93,189,189,204,204,304,321,321],"floor_reached":39,"playtime":3819,"items_purged":["Strike_B","Strike_B"],"score":633,"play_id":"798e4267-a9c1-4c30-bc0c-e17d45497c57","local_time":"20190303195028","is_ascension_mode":true,"campfire_choices":[{"floor":13.0,"key":"REST"},{"floor":15.0,"key":"REST"},{"floor":23.0,"key":"REST"},{"floor":28.0,"key":"REST"},{"data":"Defragment","floor":30.0,"key":"SMITH"},{"data":"Defragment","floor":32.0,"key":"SMITH"}],"neow_cost":"NONE","seed_source_timestamp":1460536365718921,"circlet_count":0,"master_deck":["Strike_B","Strike_B","Defend_B","Defend_B","Defend_B","Defend_B","Zap","Dualcast","Chaos+1","Trip","BootSequence","Genetic Algorithm","Ball Lightning","Steam","Ball Lightning","Sweeping Beam","Electrodynamics","Defragment+1","Defragment+1","Compile Driver","Conserve Battery","Capacitor","Core Surge","Double Energy+1","Blind","Defragment"],"special_seed":0,"relics":["Cracked Core","ClockworkSouvenir","MawBank","Regal Pillow","Question Card","Happy Flower","Sozu","Runic Capacitor","Centennial Puzzle","Juzu Bracelet","Art of War","Boot","Inserter","Calipers"],"potions_floor_usage":[],"damage_taken":[{"damage":12.0,"enemies":"Jaw Worm","floor":1.0,"turns":2.0},{"damage":1.0,"enemies":"Cultist","floor":3.0,"turns":4.0},{"damage":0.0,"enemies":"Small Slimes","floor":5.0,"turns":2.0},{"damage":33.0,"enemies":"3 Sentries","floor":6.0,"turns":14.0},{"damage":6.0,"enemies":"Blue Slaver","floor":7.0,"turns":5.0},{"damage":1.0,"enemies":"Looter","floor":8.0,"turns":3.0},{"damage":8.0,"enemies":"Gremlin Nob","floor":10.0,"turns":4.0},{"damage":5.0,"enemies":"3 Louse","floor":12.0,"turns":3.0},{"damage":16.0,"enemies":"Lagavulin","floor":14.0,"turns":4.0},{"damage":21.0,"enemies":"The Guardian","floor":16.0,"turns":12.0},{"damage":13.0,"enemies":"2 Thieves","floor":18.0,"turns":3.0},{"damage":10.0,"enemies":"Shell Parasite","floor":20.0,"turns":4.0},{"damage":14.0,"enemies":"Centurion and Healer","floor":22.0,"turns":4.0},{"damage":30.0,"enemies":"Gremlin Leader","floor":25.0,"turns":4.0},{"damage":6.0,"enemies":"3 Cultists","floor":31.0,"turns":3.0},{"damage":26.0,"enemies":"Collector","floor":33.0,"turns":7.0},{"damage":17.0,"enemies":"Orb Walker","floor":35.0,"turns":4.0},{"damage":23.0,"enemies":"Mind Bloom Boss Battle","floor":37.0,"turns":6.0},{"damage":17.0,"enemies":"3 Darklings","floor":38.0,"turns":3.0},{"damage":19,"enemies":"Maw","floor":39,"turns":6}],"seed_played":"7775567187028599017","potions_obtained":[{"floor":1.0,"key":"EssenceOfSteel"},{"floor":7.0,"key":"PowerPotion"},{"floor":10.0,"key":"Dexterity Potion"},{"floor":14.0,"key":"Explosive Potion"}],"is_trial":false,"path_per_floor":["M","?","M","$","M","E","M","M","T","E","?","M","R","E","R","B",null,"M","$","M","?","M","R","?","E","T","?","R","$","R","M","R","B",null,"M","?","?","M","M"],"character_chosen":"DEFECT","items_purchased":["ClockworkSouvenir","Runic Capacitor","Defragment"],"campfire_rested":4,"item_purchase_floors":[4,19,19],"current_hp_per_floor":[56,56,55,55,55,22,16,15,15,7,7,2,39,23,60,39,66,53,53,43,43,29,66,66,36,36,36,73,73,73,67,67,41,67,50,50,27,10,0],"gold":321,"neow_bonus":"HUNDRED_GOLD","is_prod":false,"is_daily":false,"chose_seed":false,"campfire_upgraded":2,"win_rate":0,"timestamp":1551660628,"path_taken":["M","?","M","$","M","E","?","M","T","E","?","?","R","E","R","BOSS","M","$","M","?","M","R","?","E","T","?","R","?","R","M","R","BOSS","M","?","?","M","M"],"build_version":"2019-01-23","purchased_purges":2,"victory":false,"max_hp_per_floor":[75,75,75,75,75,75,75,75,75,75,75,75,75,75,75,75,75,75,75,75,75,75,75,75,75,75,75,75,75,75,75,75,75,75,75,75,75,75,75],"card_choices":[{"not_picked":["Beam Cell","Hologram"],"picked":"Chaos","floor":1.0},{"not_picked":["Glacier","Scrape"],"picked":"Genetic Algorithm","floor":3.0},{"not_picked":["Lockon","Stack","Barrage"],"picked":"SKIP","floor":5.0},{"not_picked":["Genetic Algorithm","Rebound","Barrage"],"picked":"SKIP","floor":6.0},{"not_picked":["Thunder Strike","Stack","BootSequence"],"picked":"SKIP","floor":7.0},{"not_picked":["Turbo","Cold Snap"],"picked":"Ball Lightning","floor":8.0},{"not_picked":["Conserve Battery","Sweeping Beam"],"picked":"Steam","floor":10.0},{"not_picked":["Hello World","Double Energy","Barrage"],"picked":"Ball Lightning","floor":12.0},{"not_picked":["Chill","Coolheaded","Recycle"],"picked":"Sweeping Beam","floor":14.0},{"not_picked":["Creative AI","Fission","Echo Form"],"picked":"Electrodynamics","floor":16.0},{"not_picked":["Hologram+1","Stack+1","FTL+1"],"picked":"Defragment","floor":18.0},{"not_picked":["Capacitor","Darkness","Coolheaded"],"picked":"Compile Driver","floor":20.0},{"not_picked":["Force Field","Streamline","Lockon"],"picked":"Conserve Battery","floor":22.0},{"not_picked":["Reboot","Turbo","Conserve Battery"],"picked":"Capacitor","floor":25.0},{"not_picked":["Steam","Stack","Hello World+1","Cold Snap"],"picked":"SKIP","floor":31.0},{"not_picked":["Amplify","Fission","Multi-Cast"],"picked":"Core Surge","floor":33.0},{"not_picked":["Barrage+1","Cold Snap","Coolheaded+1"],"picked":"Double Energy+1","floor":35.0},{"not_picked":["Deep Breath","Apotheosis","Swift Strike"],"picked":"Blind","floor":36.0},{"not_picked":["Steam+1","Heatsinks","Stack+1"],"picked":"Defragment","floor":38.0}],"player_experience":581487,"relics_obtained":[{"floor":6.0,"key":"MawBank"},{"floor":9.0,"key":"Regal Pillow"},{"floor":10.0,"key":"Question Card"},{"floor":14.0,"key":"Happy Flower"},{"floor":25.0,"key":"Juzu Bracelet"},{"floor":26.0,"key":"Art of War"},{"floor":37.0,"key":"Calipers"}],"event_choices":[{"damage_healed":0.0,"max_hp_gain":0.0,"max_hp_loss":0.0,"gold_gain":0.0,"event_name":"Match and Keep!","player_choice":"2 cards matched","floor":2.0,"gold_loss":0.0,"damage_taken":0.0,"cards_obtained":["Trip","BootSequence"]},{"damage_healed":0.0,"max_hp_gain":0.0,"max_hp_loss":0.0,"gold_gain":0.0,"event_name":"Accursed Blacksmith","player_choice":"Forge","floor":11.0,"gold_loss":0.0,"damage_taken":0.0,"cards_upgraded":["Chaos"]},{"damage_healed":0.0,"max_hp_gain":0.0,"max_hp_loss":0.0,"gold_gain":0.0,"event_name":"Ghosts","player_choice":"Ignored","floor":21.0,"gold_loss":0.0,"damage_taken":0.0},{"damage_healed":0.0,"max_hp_gain":0.0,"max_hp_loss":0.0,"gold_gain":0.0,"event_name":"Addict","player_choice":"Obtained Relic","floor":24.0,"gold_loss":85.0,"damage_taken":0.0,"relics_obtained":["Centennial Puzzle"]},{"damage_healed":0.0,"max_hp_gain":0.0,"max_hp_loss":0.0,"gold_gain":0.0,"event_name":"The Mausoleum","player_choice":"Opened","floor":27.0,"gold_loss":0.0,"damage_taken":0.0,"relics_obtained":["Boot"]},{"damage_healed":0.0,"max_hp_gain":0.0,"max_hp_loss":0.0,"gold_gain":0.0,"event_name":"SensoryStone","player_choice":"Memory 1","floor":36.0,"gold_loss":0.0,"damage_taken":0.0},{"damage_healed":0.0,"max_hp_gain":0.0,"max_hp_loss":0.0,"gold_gain":0.0,"event_name":"MindBloom","player_choice":"Fight","floor":37.0,"gold_loss":0.0,"damage_taken":0.0}],"is_beta":false,"boss_relics":[{"not_picked":["Lizard Tail","Snecko Eye"],"picked":"Sozu"},{"not_picked":["Pandora\u0027s Box","Runic Dome"],"picked":"Inserter"}],"items_purged_floors":[19,29],"is_endless":false,"potions_floor_spawned":[1,7,10,14,18,20,22],"killed_by":"Maw","ascension_level":9}