{"gold_per_floor":[111,111,27,27,42,42,75,75,75,89,89,89,118,135,135,206,206,220,220,239,239],"floor_reached":21,"playtime":633,"items_purged":[],"score":374,"play_id":"eb967c2a-33a5-42bd-9a07-4691f54cd02f","local_time":"20190129070806","is_ascension_mode":true,"campfire_choices":[{"data":"Dualcast","floor":6,"key":"SMITH"},{"floor":8,"key":"REST"},{"floor":11,"key":"REST"},{"data":"Doom and Gloom","floor":12,"key":"SMITH"},{"data":"Melter","floor":15,"key":"SMITH"}],"neow_cost":"NONE","seed_source_timestamp":1684780680022137,"circlet_count":0,"master_deck":["AscendersBane","Strike_B","Strike_B","Strike_B","Defend_B","Defend_B","Defend_B","Defend_B","Zap+1","Dualcast+1","Leap","FTL","Doom and Gloom+1","Electrodynamics+1","Melter+1","Biased Cognition+1"],"relics":["Cracked Core","Frozen Egg 2","WingedGreaves","Blue Candle","Eternal Feather"],"potions_floor_usage":[16,18],"damage_taken":[{"damage":4,"enemies":"Small Slimes","floor":1,"turns":3},{"damage":0,"enemies":"2 Louse","floor":5,"turns":2},{"damage":59,"enemies":"Gremlin Nob","floor":7,"turns":5},{"damage":12,"enemies":"Jaw Worm","floor":10,"turns":2},{"damage":11,"enemies":"Lagavulin","floor":13,"turns":5},{"damage":2,"enemies":"Looter","floor":14,"turns":2},{"damage":9,"enemies":"Slime Boss","floor":16,"turns":6},{"damage":14,"enemies":"Shell Parasite","floor":18,"turns":3},{"damage":17,"enemies":"2 Thieves","floor":20,"turns":2},{"damage":8,"enemies":"Snake Plant","floor":21,"turns":2}],"seed_played":"-6568972059159209404","potions_obtained":[{"floor":7,"key":"GamblersBrew"},{"floor":13,"key":"Ancient Potion"},{"floor":16,"key":"Weak Potion"}],"is_trial":false,"path_per_floor":["M","?","$","?","M","R","E","R","T","M","R","R","E","M","R","B",null,"M","?","M","M"],"character_chosen":"DEFECT","items_purchased":["FTL"],"campfire_rested":2,"item_purchase_floors":[3],"current_hp_per_floor":[60,65,65,65,65,65,6,28,28,16,38,38,27,25,25,16,61,47,25,8,0],"gold":239,"neow_bonus":"UPGRADE_CARD","is_prod":false,"is_daily":false,"chose_seed":false,"campfire_upgraded":3,"win_rate":0,"timestamp":1548742086,"path_taken":["M","?","$","?","M","R","E","R","T","?","R","R","E","M","R","BOSS","M","?","M","M"],"build_version":"2019-01-23","purchased_purges":0,"victory":false,"max_hp_per_floor":[71,76,76,76,76,76,76,76,76,76,76,76,76,76,76,76,76,76,81,81,81],"card_choices":[{"not_picked":["Stack","Coolheaded"],"picked":"Leap","floor":1},{"not_picked":["Redo","Conserve Battery"],"picked":"Doom and Gloom","floor":5},{"not_picked":["Compile Driver","Gash"],"picked":"Electrodynamics","floor":7},{"not_picked":["Stack","Storm+1","Turbo"],"picked":"SKIP","floor":10},{"not_picked":["Sweeping Beam","Barrage","Heatsinks+1"],"picked":"SKIP","floor":13},{"not_picked":["Stack","Hologram"],"picked":"Melter","floor":14},{"not_picked":["Rainbow","Amplify"],"picked":"Biased Cognition+1","floor":16},{"not_picked":["Barrage+1","Streamline","Cold Snap"],"picked":"SKIP","floor":18},{"not_picked":["Coolheaded","Beam Cell","Cold Snap"],"picked":"SKIP","floor":20}],"player_experience":967165,"relics_obtained":[{"floor":7,"key":"Frozen Egg 2"},{"floor":9,"key":"WingedGreaves"},{"floor":13,"key":"Blue Candle"}],"event_choices":[{"damage_healed":0,"gold_gain":0,"player_choice":"Donut","damage_taken":0,"max_hp_gain":5,"max_hp_loss":0,"event_name":"Big Fish","floor":2,"gold_loss":0},{"cards_removed":["Strike_B"],"damage_healed":0,"gold_gain":0,"player_choice":"Forget","damage_taken":0,"max_hp_gain":0,"max_hp_loss":0,"event_name":"Living Wall","floor":4,"gold_loss":0},{"damage_healed":0,"gold_gain":0,"player_choice":"Shed Blood","damage_taken":27,"max_hp_gain":5,"max_hp_loss":0,"event_name":"Forgotten Altar","floor":19,"gold_loss":0}],"is_beta":false,"boss_relics":[{"not_picked":["Coffee Dripper","Black Star"],"picked":"Eternal Feather"}],"items_purged_floors":[],"is_endless":false,"potions_floor_spawned":[7,13,16],"killed_by":"Snake Plant","ascension_level":20}