{"gold_per_floor":[115,115,140,17,38,59,59,133,133,156,172,187,187,220,220,343,343,363,363,381,405,62,62],"floor_reached":23,"playtime":3108,"items_purged":["Shame"],"score":273,"play_id":"d18043f7-02bb-46a4-99fb-84e56276ffc3","local_time":"20190207200643","is_ascension_mode":true,"campfire_choices":[{"floor":7,"key":"REST"},{"floor":13,"key":"REST"},{"floor":15,"key":"REST"}],"neow_cost":"CURSE","seed_source_timestamp":947249436830740,"circlet_count":0,"master_deck":["Defend_G","Defend_G","Defend_G","Defend_G","Strike_G","Strike_G+1","Strike_G","Survivor","Neutralize","Sucker Punch","Cloak And Dagger","Well Laid Plans","Quick Slash","Poisoned Stab+1","Blade Dance","Burst","Prepared+1","Venomology+1","Concentrate+1","Outmaneuver","J.A.X.","Leg Sweep","Underhanded Strike"],"relics":["Ring of the Snake","Ginger","Golden Idol","Pear","Darkstone Periapt","Centennial Puzzle","Astrolabe","Sling","Whetstone"],"potions_floor_usage":[6,8,12,14,16,21,21,21,23],"damage_taken":[{"damage":0,"enemies":"2 Louse","floor":1,"turns":4},{"damage":0,"enemies":"Small Slimes","floor":3,"turns":3},{"damage":1,"enemies":"Jaw Worm","floor":5,"turns":3},{"damage":0,"enemies":"Lots of Slimes","floor":6,"turns":2},{"damage":21,"enemies":"3 Sentries","floor":8,"turns":12},{"damage":6,"enemies":"3 Louse","floor":10,"turns":4},{"damage":4,"enemies":"Blue Slaver","floor":11,"turns":4},{"damage":6,"enemies":"Exordium Thugs","floor":12,"turns":3},{"damage":17,"enemies":"Gremlin Nob","floor":14,"turns":5},{"damage":59,"enemies":"Hexaghost","floor":16,"turns":11},{"damage":15,"enemies":"Chosen","floor":18,"turns":6},{"damage":25,"enemies":"Shell Parasite","floor":20,"turns":5},{"damage":3,"enemies":"Centurion and Healer","floor":21,"turns":6},{"damage":21,"enemies":"Gremlin Leader","floor":23,"turns":4}],"seed_played":"9000501886308177523","potions_obtained":[{"floor":3,"key":"AttackPotion"},{"floor":6,"key":"Energy Potion"},{"floor":10,"key":"AttackPotion"},{"floor":12,"key":"Strength Potion"},{"floor":20,"key":"SteroidPotion"},{"floor":21,"key":"GamblersBrew"}],"is_trial":false,"path_per_floor":["M","?","M","$","M","M","R","?","T","M","M","M","R","E","R","B",null,"M","?","M","M","$","E"],"character_chosen":"THE_SILENT","items_purchased":["Explosive Potion","Sling","Whetstone"],"campfire_rested":3,"item_purchase_floors":[4,22,22],"current_hp_per_floor":[63,46,46,46,45,45,66,55,55,49,45,39,63,46,70,11,63,48,48,23,20,20,0],"gold":62,"neow_bonus":"ONE_RARE_RELIC","is_prod":false,"is_daily":false,"chose_seed":false,"campfire_upgraded":0,"win_rate":0,"timestamp":1549588003,"path_taken":["M","?","M","$","M","M","R","?","T","M","M","M","R","E","R","BOSS","M","?","M","M","$","E"],"build_version":"2019-01-23","purchased_purges":1,"victory":false,"max_hp_per_floor":[70,70,70,70,70,70,70,80,80,80,80,80,80,80,80,80,80,80,80,80,80,80,80],"card_choices":[{"not_picked":["Footwork","Acrobatics"],"picked":"Sucker Punch","floor":1},{"not_picked":["Flying Knee","Prepared"],"picked":"Cloak And Dagger","floor":3},{"not_picked":["Acrobatics","Flechettes","Outmaneuver"],"picked":"SKIP","floor":5},{"not_picked":["Dagger Throw","PiercingWail"],"picked":"Well Laid Plans","floor":6},{"not_picked":["Catalyst","Distraction"],"picked":"Quick Slash","floor":8},{"not_picked":["Footwork","Caltrops","Phantasmal Killer"],"picked":"SKIP","floor":10},{"not_picked":["Acrobatics","Choke","Quick Slash"],"picked":"SKIP","floor":11},{"not_picked":["Calculated Gamble","Quick Slash"],"picked":"Poisoned Stab","floor":12},{"not_picked":["Dagger Spray","Crippling Poison"],"picked":"Blade Dance","floor":14},{"not_picked":["Phantasmal Killer","Grand Finale"],"picked":"Burst","floor":16},{"not_picked":["Blade Dance","Caltrops"],"picked":"Outmaneuver","floor":18},{"not_picked":["Flying Knee","PiercingWail"],"picked":"Leg Sweep","floor":20},{"not_picked":["Footwork","Well Laid Plans+1"],"picked":"Underhanded Strike","floor":21}],"player_experience":394843,"relics_obtained":[{"floor":8,"key":"Pear"},{"floor":9,"key":"Darkstone Periapt"},{"floor":14,"key":"Centennial Puzzle"}],"event_choices":[{"damage_healed":0,"gold_gain":0,"player_choice":"Take Damage","damage_taken":17,"relics_obtained":["Golden Idol"],"max_hp_gain":0,"max_hp_loss":0,"event_name":"Golden Idol","floor":2,"gold_loss":0},{"damage_healed":0,"gold_gain":0,"player_choice":"Searched \u00271\u0027 times","damage_taken":0,"max_hp_gain":0,"max_hp_loss":0,"event_name":"Dead Adventurer","floor":8,"gold_loss":0},{"damage_healed":0,"gold_gain":0,"player_choice":"Obtain J.A.X.","damage_taken":0,"max_hp_gain":0,"max_hp_loss":0,"event_name":"Drug Dealer","floor":19,"gold_loss":0,"cards_obtained":["J.A.X."]}],"is_beta":false,"boss_relics":[{"not_picked":["Orrery","Ectoplasm"],"picked":"Astrolabe"}],"items_purged_floors":[4],"is_endless":false,"potions_floor_spawned":[3,6,10,12,20,21],"killed_by":"Gremlin Leader","ascension_level":8}