{"gold_per_floor":[110,123,73,88,107,107,136,136,162,37,37,53,71,131,131,233,233,247,274,294,294,304,304,338,338,338,373,393,412,412,444,444,444],"floor_reached":33,"playtime":1193,"items_purged":["Strike_B"],"score":385,"play_id":"54fcff6c-7c35-4aa4-a924-06b8dadc3924","local_time":"20190219201813","is_ascension_mode":true,"campfire_choices":[{"data":"Dualcast","floor":6.0,"key":"SMITH"},{"data":"Tempest","floor":8.0,"key":"SMITH"},{"data":"Scrape","floor":11.0,"key":"SMITH"},{"data":"Strike_B","floor":15.0,"key":"SMITH"},{"data":"Hologram","floor":23,"key":"SMITH"},{"data":"Reboot","floor":30,"key":"SMITH"},{"data":"FTL","floor":32,"key":"SMITH"}],"neow_cost":"NONE","seed_source_timestamp":345037147167179,"circlet_count":0,"master_deck":["Strike_B+1","Strike_B+1","Defend_B","Defend_B","Defend_B","Zap+1","Dualcast+1","Scrape+1","Tempest+1","Reboot+1","Steam+1","Hologram+1","Meteor Strike","FTL+1"],"special_seed":0,"relics":["Cracked Core","Pen Nib","Centennial Puzzle","Tiny Chest","Coffee Dripper","Red Mask","Symbiotic Virus","Singing Bowl","Whetstone","Happy Flower"],"potions_floor_usage":[16,27,27,28,31],"damage_taken":[{"damage":6.0,"enemies":"Jaw Worm","floor":1.0,"turns":2.0},{"damage":1.0,"enemies":"2 Louse","floor":2.0,"turns":2.0},{"damage":0.0,"enemies":"Small Slimes","floor":4.0,"turns":2.0},{"damage":19.0,"enemies":"Gremlin Gang","floor":5.0,"turns":4.0},{"damage":16.0,"enemies":"Lagavulin","floor":7.0,"turns":6.0},{"damage":2.0,"enemies":"Blue Slaver","floor":12.0,"turns":2.0},{"damage":1.0,"enemies":"Exordium Thugs","floor":13.0,"turns":3.0},{"damage":21.0,"enemies":"3 Sentries","floor":14.0,"turns":4.0},{"damage":0,"enemies":"Slime Boss","floor":16,"turns":6},{"damage":15,"enemies":"2 Thieves","floor":18,"turns":2},{"damage":22,"enemies":"Masked Bandits","floor":19,"turns":4},{"damage":0,"enemies":"Spheric Guardian","floor":20,"turns":2},{"damage":0,"enemies":"Snake Plant","floor":22,"turns":3},{"damage":4,"enemies":"Book of Stabbing","floor":24,"turns":4},{"damage":5,"enemies":"Slavers","floor":27,"turns":4},{"damage":0,"enemies":"Centurion and Healer","floor":28,"turns":6},{"damage":0,"enemies":"Cultist and Chosen","floor":29,"turns":4},{"damage":17,"enemies":"Gremlin Leader","floor":31,"turns":5},{"damage":35,"enemies":"Champ","floor":33,"turns":7}],"seed_played":"-3379349669921961896","potions_obtained":[{"floor":1.0,"key":"SteroidPotion"},{"floor":4.0,"key":"AttackPotion"},{"floor":7.0,"key":"Fire Potion"},{"floor":13.0,"key":"Regen Potion"},{"floor":19,"key":"AttackPotion"},{"floor":22,"key":"EssenceOfSteel"},{"floor":29,"key":"Strength Potion"},{"floor":31,"key":"Explosive Potion"}],"is_trial":false,"path_per_floor":["M","M","?","M","M","R","E","R","T","$","R","M","M","E","R","B",null,"M","?","M","?","M","R","E","?","T","E","M","M","R","E","R","B"],"character_chosen":"DEFECT","items_purchased":["PowerPotion"],"campfire_rested":0,"item_purchase_floors":[10],"current_hp_per_floor":[69,68,68,68,49,49,33,33,33,33,33,31,30,21,21,21,75,60,38,38,38,38,38,34,34,34,29,31,33,33,16,16,0],"gold":444,"neow_bonus":"UPGRADE_CARD","is_prod":false,"is_daily":false,"chose_seed":false,"campfire_upgraded":7,"win_rate":0,"timestamp":1550603893,"path_taken":["M","M","?","M","M","R","E","R","T","$","R","M","M","E","R","BOSS","M","?","M","?","M","R","E","?","T","E","M","?","R","E","R","BOSS"],"build_version":"2019-01-23","purchased_purges":1,"victory":false,"max_hp_per_floor":[75,75,75,75,75,75,75,75,75,75,75,75,75,75,75,75,75,75,75,75,75,75,75,75,75,75,75,77,79,79,79,79,79],"card_choices":[{"not_picked":["Redo","Genetic Algorithm"],"picked":"Scrape","floor":1.0},{"not_picked":["Sweeping Beam","Self Repair","Rebound"],"picked":"SKIP","floor":2.0},{"not_picked":["Cold Snap","Barrage"],"picked":"Tempest","floor":4.0},{"not_picked":["Redo","Rebound","Conserve Battery"],"picked":"SKIP","floor":5.0},{"not_picked":["Conserve Battery","Coolheaded","Machine Learning"],"picked":"SKIP","floor":7.0},{"not_picked":["Redo","Rip and Tear","Stack"],"picked":"SKIP","floor":12.0},{"not_picked":["Recycle","Heatsinks","Doom and Gloom"],"picked":"SKIP","floor":13.0},{"not_picked":["Cold Snap","Conserve Battery","Barrage"],"picked":"SKIP","floor":14.0},{"not_picked":["Hyperbeam","Rainbow"],"picked":"Reboot","floor":16},{"not_picked":["Barrage+1","Reinforced Body"],"picked":"Steam+1","floor":18},{"not_picked":["Reprogram","Melter"],"picked":"Hologram","floor":20},{"not_picked":["Biased Cognition","Rip and Tear","Hologram+1"],"picked":"SKIP","floor":22},{"not_picked":["Loop","Rebound+1","Coolheaded"],"picked":"SKIP","floor":24},{"not_picked":["Aggregate","Chaos"],"picked":"Meteor Strike","floor":27},{"not_picked":["Conserve Battery","Cold Snap","Beam Cell"],"picked":"Singing Bowl","floor":28},{"not_picked":["Blizzard","Sweeping Beam","Redo"],"picked":"Singing Bowl","floor":29},{"not_picked":["Steam","Blizzard"],"picked":"FTL","floor":31}],"player_experience":1113980,"relics_obtained":[{"floor":7.0,"key":"Pen Nib"},{"floor":9.0,"key":"Centennial Puzzle"},{"floor":14.0,"key":"Tiny Chest"},{"floor":19,"key":"Red Mask"},{"floor":24,"key":"Symbiotic Virus"},{"floor":26,"key":"Singing Bowl"},{"floor":27,"key":"Whetstone"},{"floor":31,"key":"Happy Flower"}],"event_choices":[{"cards_removed":["Strike_B"],"damage_healed":0.0,"max_hp_gain":0.0,"max_hp_loss":0.0,"gold_gain":0.0,"event_name":"The Cleric","player_choice":"Card Removal","floor":3.0,"gold_loss":50.0,"damage_taken":0.0},{"damage_healed":0,"gold_gain":0,"player_choice":"Fought Bandits","damage_taken":0,"max_hp_gain":0,"max_hp_loss":0,"event_name":"Masked Bandits","floor":19,"gold_loss":0},{"cards_removed":["Defend_B"],"damage_healed":0,"gold_gain":0,"player_choice":"Elegance","damage_taken":0,"max_hp_gain":0,"max_hp_loss":0,"event_name":"Back to Basics","floor":21,"gold_loss":0},{"damage_healed":0,"gold_gain":0,"player_choice":"0 cards matched","damage_taken":0,"max_hp_gain":0,"max_hp_loss":0,"event_name":"Match and Keep!","floor":25,"gold_loss":0,"cards_obtained":[]}],"is_beta":false,"boss_relics":[{"not_picked":["Tiny House","Runic Pyramid"],"picked":"Coffee Dripper"}],"items_purged_floors":[10],"is_endless":false,"potions_floor_spawned":[1,4,7,13,19,22,29,31],"killed_by":"Champ","ascension_level":1}