{"gold_per_floor":[116,116,191,204,279,279,291,291,291,71,83,108,120,133,133,230,230,243,259,182,199,199,228,228,327,354,354],"floor_reached":27,"playtime":1114,"items_purged":["Strike_R"],"score":337,"play_id":"740d23c4-fa47-4f14-b7db-3cf2b0196f74","local_time":"20180810033858","is_ascension_mode":true,"campfire_choices":[{"data":"True Grit","floor":6,"key":"SMITH"},{"floor":8,"key":"REST"},{"data":"Bash","floor":15,"key":"SMITH"},{"data":"Whirlwind","floor":24,"key":"SMITH"}],"neow_cost":"PERCENT_DAMAGE","seed_source_timestamp":85540709017640,"circlet_count":0,"master_deck":["Strike_R","Strike_R","Strike_R","Defend_R","Defend_R","Defend_R","Defend_R","Bash+1","Clash","True Grit+1","Clash","Fire Breathing","Barricade","Body Slam","J.A.X.","Clash","Whirlwind+1"],"relics":["Burning Blood","Mummified Hand","Vajra","Odd Mushroom","Coffee Dripper","Art of War","Happy Flower"],"potions_floor_usage":[16,18,21,23,23],"damage_taken":[{"damage":2,"enemies":"Small Slimes","floor":1,"turns":5},{"damage":2,"enemies":"Jaw Worm","floor":4,"turns":3},{"damage":0,"enemies":"Cultist","floor":7,"turns":2},{"damage":0,"enemies":"Blue Slaver","floor":11,"turns":4},{"damage":4,"floor":12,"turns":6},{"damage":0,"enemies":"Large Slime","floor":13,"turns":2},{"damage":1,"enemies":"Looter","floor":14,"turns":3},{"damage":23,"enemies":"The Guardian","floor":16,"turns":8},{"damage":7,"enemies":"Chosen","floor":18,"turns":6},{"damage":22,"enemies":"Shell Parasite","floor":19,"turns":4},{"damage":20,"enemies":"Centurion and Healer","floor":21,"turns":5},{"damage":58,"enemies":"Slavers","floor":23,"turns":7},{"damage":24,"enemies":"Chosen and Byrds","floor":27,"turns":4}],"seed_played":"-3579429362959978587","potions_obtained":[{"floor":4,"key":"Swift Potion"},{"floor":7,"key":"Dexterity Potion"},{"floor":13,"key":"GamblersBrew"},{"floor":16,"key":"BloodPotion"},{"floor":18,"key":"AttackPotion"},{"floor":21,"key":"SteroidPotion"}],"is_trial":false,"path_per_floor":["M","?","?","M","?","R","M","R","T","$","M","?","M","M","R","B",null,"M","M","?","M","?","E","R","?","T"],"character_chosen":"IRONCLAD","items_purchased":["Vajra"],"campfire_rested":1,"item_purchase_floors":[10],"current_hp_per_floor":[68,68,57,61,52,52,58,86,86,86,92,94,96,96,96,79,92,91,75,75,70,70,18,18,18,18,0],"gold":354,"neow_bonus":"TWENTY_PERCENT_HP_BONUS","is_prod":false,"is_daily":false,"chose_seed":false,"campfire_upgraded":3,"win_rate":0,"timestamp":1533886738,"path_taken":["M","?","?","M","?","R","?","R","T","?","M","?","M","M","R","BOSS","M","?","?","M","?","E","R","?","T","?"],"build_version":"2018-08-09","purchased_purges":1,"victory":false,"max_hp_per_floor":[96,96,96,96,96,96,96,96,96,96,96,96,96,96,96,96,96,96,96,96,96,96,96,96,96,96,96],"card_choices":[{"not_picked":["Warcry","Evolve"],"picked":"Clash","floor":1},{"not_picked":["Shrug It Off","Thunderclap"],"picked":"True Grit","floor":4},{"not_picked":["Power Through","Pommel Strike","Heavy Blade"],"picked":"SKIP","floor":7},{"not_picked":["Dark Embrace","Warcry"],"picked":"Clash","floor":11},{"not_picked":["Wild Strike","Body Slam"],"picked":"Fire Breathing","floor":13},{"not_picked":["Corruption","Body Slam","Spot Weakness"],"picked":"SKIP","floor":14},{"not_picked":["Demon Form","Reaper"],"picked":"Barricade","floor":16},{"not_picked":["Cleave","Clash"],"picked":"Body Slam","floor":18},{"not_picked":["Battle Trance","Corruption","Body Slam"],"picked":"SKIP","floor":19},{"not_picked":["Pommel Strike","Flex"],"picked":"Clash","floor":21},{"not_picked":["Sentinel+1","Burning Pact"],"picked":"Whirlwind","floor":23}],"player_experience":187607,"relics_obtained":[{"floor":9,"key":"Mummified Hand"},{"floor":12,"key":"Odd Mushroom"},{"floor":23,"key":"Art of War"},{"floor":26,"key":"Happy Flower"}],"event_choices":[{"event_name":"Living Wall","player_choice":"Forget","floor":2,"damage_taken":0},{"event_name":"World of Goop","player_choice":"Gather Gold","floor":3,"damage_taken":0},{"event_name":"FaceTrader","player_choice":"Touch","floor":5,"damage_taken":0},{"event_name":"Mushrooms","player_choice":"Fought Mushrooms","floor":12,"damage_taken":0},{"event_name":"Drug Dealer","player_choice":"Got JAXXED","floor":20,"damage_taken":0},{"event_name":"Vampires","player_choice":"Ignored","floor":22,"damage_taken":0},{"event_name":"Nest","player_choice":"Stole From Cult","floor":25,"damage_taken":0}],"is_beta":false,"boss_relics":[{"not_picked":["Mark of Pain","Calling Bell"],"picked":"Coffee Dripper"}],"items_purged_floors":[10],"is_endless":false,"potions_floor_spawned":[4,7,13,16,18,21],"killed_by":"Chosen and Byrds","ascension_level":8}