{"gold_per_floor":[116,133,20,32,52,52,66,66,66,84,148,323,342,355,355,451,451,462,58,58,58,87,87,87,87,87,87,87,87,87,99,99,203,203,215,215,226,244,466,466,466,466,466,485,102,121,133,145,145,145],"floor_reached":51,"playtime":967,"items_purged":["Strike_R","Doubt","Strike_R"],"score":789,"play_id":"8bcfbf4c-5910-406f-b414-be8e6806ea94","local_time":"20190313151814","is_ascension_mode":false,"campfire_choices":[{"data":"Inflame","floor":6,"key":"SMITH"},{"data":"Whirlwind","floor":8,"key":"SMITH"},{"data":"Whirlwind","floor":15,"key":"SMITH"},{"floor":23,"key":"RECALL"},{"floor":25,"key":"REST"},{"floor":30,"key":"REST"},{"floor":32,"key":"REST"},{"floor":40,"key":"REST"},{"floor":42,"key":"REST"},{"floor":49,"key":"REST"}],"neow_cost":"NONE","seed_source_timestamp":1709073103761,"circlet_count":0,"master_deck":["Strike_R","Strike_R","Defend_R","Defend_R","Defend_R","Defend_R","Bash","Twin Strike","Headbutt","Inflame+1","Cleave","Shockwave","Whirlwind+1","Thunderclap","Flame Barrier","Whirlwind+1","Flame Barrier","Shame","Writhe","Limit Break+1","Shame","Pain","Parasite"],"relics":["Burning Blood","Bottled Tornado","Blood Vial","Fusion Hammer","Bag of Marbles","Pen Nib","Dodecahedron","Red Mask","Anchor","Singing Bowl","Enchiridion","Calling Bell","Happy Flower","Question Card","Incense Burner","Omamori","Brimstone"],"potions_floor_usage":[11,16,33,33,50,50],"damage_taken":[{"damage":6,"enemies":"2 Louse","floor":1,"turns":3},{"damage":0,"enemies":"Small Slimes","floor":2,"turns":3},{"damage":6,"enemies":"Jaw Worm","floor":4,"turns":3},{"damage":20,"enemies":"Large Slime","floor":5,"turns":6},{"damage":6,"enemies":"3 Louse","floor":7,"turns":3},{"damage":10,"enemies":"Looter","floor":10,"turns":2},{"damage":18,"enemies":"Lagavulin Event","floor":11,"turns":4},{"damage":0,"enemies":"2 Fungi Beasts","floor":13,"turns":2},{"damage":0,"enemies":"Gremlin Gang","floor":14,"turns":1},{"damage":47,"enemies":"Hexaghost","floor":16,"turns":10},{"damage":4,"enemies":"Shell Parasite","floor":18,"turns":6},{"damage":0,"enemies":"Masked Bandits","floor":22,"turns":1},{"damage":0,"enemies":"3 Byrds","floor":31,"turns":1},{"damage":52,"enemies":"Champ","floor":33,"turns":7},{"damage":3,"enemies":"3 Shapes","floor":35,"turns":3},{"damage":13,"enemies":"3 Darklings","floor":37,"turns":4},{"damage":0,"enemies":"Jaw Worm Horde","floor":38,"turns":2},{"damage":15,"enemies":"Sphere and 2 Shapes","floor":44,"turns":5},{"damage":29,"enemies":"Transient","floor":46,"turns":5},{"damage":26,"enemies":"Writhing Mass","floor":47,"turns":3},{"damage":1,"enemies":"3 Darklings","floor":48,"turns":2},{"damage":68,"enemies":"Awakened One","floor":50,"turns":6}],"seed_played":"473030781152707272","potions_obtained":[{"floor":2,"key":"PowerPotion"},{"floor":5,"key":"Strength Potion"},{"floor":10,"key":"Block Potion"},{"floor":11,"key":"Swift Potion"},{"floor":18,"key":"Strength Potion"},{"floor":33,"key":"FairyPotion"},{"floor":35,"key":"PowerPotion"}],"is_trial":false,"path_per_floor":["M","M","$","M","M","R","M","R","T","M","?","?","M","M","R","B",null,"M","$","?","?","?","R","$","R","T","?","$","?","R","M","R","B",null,"M","?","M","M","?","R","?","R","T","M","$","M","M","M","R","B",null],"character_chosen":"IRONCLAD","items_purchased":["Inflame","Bag of Marbles","Pen Nib","Brimstone","PowerPotion"],"campfire_rested":6,"item_purchase_floors":[3,19,19,45,45],"current_hp_per_floor":[80,80,80,80,66,66,66,66,66,62,52,52,60,68,68,29,80,80,80,80,80,80,80,80,80,80,80,80,64,80,82,82,36,82,84,84,79,88,88,88,88,88,88,81,81,62,46,55,83,23],"gold":145,"neow_bonus":"TRANSFORM_CARD","is_prod":false,"is_daily":false,"chose_seed":false,"campfire_upgraded":3,"win_rate":0,"timestamp":1552511894,"path_taken":["M","M","$","M","M","R","M","R","T","M","?","?","M","M","R","BOSS","M","$","?","?","?","R","$","R","T","?","?","?","R","?","R","BOSS","M","?","M","?","?","R","?","R","T","?","$","M","M","M","R","BOSS"],"build_version":"2019-01-23","purchased_purges":3,"victory":true,"max_hp_per_floor":[80,80,80,80,80,80,80,80,80,80,80,80,80,80,80,80,80,80,80,80,80,80,80,80,80,80,80,80,80,80,82,82,82,82,84,84,86,88,88,88,88,88,88,90,90,92,94,96,96,96],"card_choices":[{"not_picked":["Clothesline","Twin Strike"],"picked":"Headbutt","floor":1},{"not_picked":["Entrench","Warcry","Body Slam"],"picked":"SKIP","floor":2},{"not_picked":["Power Through","Dark Embrace"],"picked":"Cleave","floor":4},{"not_picked":["Iron Wave","Burning Pact"],"picked":"Shockwave","floor":5},{"not_picked":["Fire Breathing","Sword Boomerang"],"picked":"Whirlwind","floor":7},{"not_picked":["Searing Blow","Seeing Red"],"picked":"Thunderclap","floor":10},{"not_picked":["Clash","Flex"],"picked":"Flame Barrier","floor":11},{"not_picked":["Twin Strike","Evolve"],"picked":"Whirlwind","floor":13},{"not_picked":["Feel No Pain","Cleave"],"picked":"Flame Barrier","floor":14},{"not_picked":["Perfected Strike","Evolve","Hemokinesis"],"picked":"SKIP","floor":18},{"not_picked":["Perfected Strike","Shrug It Off","Metallicize"],"picked":"Singing Bowl","floor":31},{"not_picked":["Exhume","Juggernaut"],"picked":"Limit Break","floor":33},{"not_picked":["Thunderclap+1","Twin Strike+1","Pummel+1","Disarm"],"picked":"Singing Bowl","floor":35},{"not_picked":["Wild Strike+1","Armaments","True Grit","Warcry+1"],"picked":"Singing Bowl","floor":37},{"not_picked":["Berserk","Heavy Blade","Sentinel","Flex"],"picked":"Singing Bowl","floor":38},{"not_picked":["Cleave","Heavy Blade+1","Clash","Havoc"],"picked":"Singing Bowl","floor":44},{"not_picked":["Body Slam+1","Rage+1","Wild Strike","Flex+1"],"picked":"Singing Bowl","floor":46},{"not_picked":["Shrug It Off","Impervious","Carnage","Feel No Pain+1"],"picked":"Singing Bowl","floor":47},{"not_picked":["Infernal Blade","Entrench","Flex+1","Corruption+1"],"picked":"Singing Bowl","floor":48}],"player_experience":1046806,"relics_obtained":[{"floor":9,"key":"Bottled Tornado"},{"floor":22,"key":"Red Mask"},{"floor":26,"key":"Anchor"},{"floor":29,"key":"Enchiridion"},{"floor":34,"key":"Happy Flower"},{"floor":34,"key":"Question Card"},{"floor":34,"key":"Incense Burner"},{"floor":43,"key":"Omamori"}],"event_choices":[{"damage_healed":0,"gold_gain":30,"player_choice":"Searched \u00273\u0027 times","damage_taken":0,"relics_obtained":["Blood Vial"],"max_hp_gain":0,"max_hp_loss":0,"event_name":"Dead Adventurer","floor":11,"gold_loss":0},{"damage_healed":0,"gold_gain":175,"player_choice":"AGREE","damage_taken":0,"max_hp_gain":0,"max_hp_loss":0,"event_name":"Liars Game","floor":12,"gold_loss":0,"cards_obtained":["Doubt"]},{"damage_healed":0,"gold_gain":0,"player_choice":"Stole Relic","damage_taken":0,"relics_obtained":["Dodecahedron"],"max_hp_gain":0,"max_hp_loss":0,"event_name":"Addict","floor":20,"gold_loss":0,"cards_obtained":["Shame"]},{"damage_healed":0,"gold_gain":0,"player_choice":"Ignored","damage_taken":0,"max_hp_gain":0,"max_hp_loss":0,"event_name":"Vampires","floor":21,"gold_loss":0},{"damage_healed":0,"gold_gain":0,"player_choice":"Fought Bandits","damage_taken":0,"max_hp_gain":0,"max_hp_loss":0,"event_name":"Masked Bandits","floor":22,"gold_loss":0},{"damage_healed":0,"gold_gain":0,"player_choice":"Opened","damage_taken":0,"relics_obtained":["Singing Bowl"],"max_hp_gain":0,"max_hp_loss":0,"event_name":"The Mausoleum","floor":27,"gold_loss":0,"cards_obtained":["Writhe"]},{"damage_healed":0,"gold_gain":0,"player_choice":"Obtained Book","damage_taken":16,"max_hp_gain":0,"max_hp_loss":0,"event_name":"Cursed Tome","floor":29,"gold_loss":0},{"damage_healed":0,"gold_gain":0,"player_choice":"Forge","damage_taken":0,"max_hp_gain":0,"max_hp_loss":0,"event_name":"Accursed Blacksmith","floor":36,"gold_loss":0,"cards_upgraded":["Limit Break"]},{"damage_healed":0,"gold_gain":222,"player_choice":"Wore Mask","damage_taken":0,"max_hp_gain":0,"max_hp_loss":0,"event_name":"Tomb of Lord Red Mask","floor":39,"gold_loss":0},{"damage_healed":0,"gold_gain":0,"player_choice":"0 cards matched","damage_taken":0,"max_hp_gain":0,"max_hp_loss":0,"event_name":"Match and Keep!","floor":41,"gold_loss":0,"cards_obtained":[]}],"is_beta":false,"boss_relics":[{"not_picked":["Empty Cage","Orrery"],"picked":"Fusion Hammer"},{"not_picked":["White Beast Statue","Eternal Feather"],"picked":"Calling Bell"}],"items_purged_floors":[3,19,45],"is_endless":false,"potions_floor_spawned":[2,5,10,11,13,18,31,33,35,46,48],"ascension_level":0}