{"gold_per_floor":[116,116,128,142,92,92,121,121,146,146,162,185,197,216,216,321,321,340,340,340,353,353,353,383,383,437,449,472,484,510,537,549,659,671,699,314,333,86,103,135,135,181,204,215,233,247,263,340,340,340],"floor_reached":50,"playtime":3354,"items_purged":["Corruption+1","Burning Pact+1"],"score":720,"play_id":"197690db-4a6f-4fb1-bc24-c08b3c436a6e","local_time":"20180809175905","is_ascension_mode":true,"campfire_choices":[{"data":"Armaments","floor":6,"key":"SMITH"},{"data":"Feed","floor":8,"key":"SMITH"},{"data":"Bash","floor":10,"key":"SMITH"},{"data":"Metallicize","floor":15,"key":"SMITH"},{"floor":23,"key":"REST"},{"data":"Fiend Fire","floor":25,"key":"SMITH"},{"floor":27,"key":"REST"},{"floor":29,"key":"REST"},{"floor":32,"key":"REST"},{"floor":41,"key":"REST"},{"floor":49,"key":"REST"}],"neow_cost":"NONE","seed_source_timestamp":0,"circlet_count":0,"master_deck":["Strike_R","Defend_R","Defend_R","Defend_R","Bash+1","Armaments+1","Shrug It Off","Feed+1","Metallicize+1","Fiend Fire+1","Twin Strike+1","Clash+1","Clash+1","Dropkick+1","Madness","Disarm+1","Clash+1","Clash+1"],"special_seed":0,"relics":["Burning Blood","NeowsBlessing","Strawberry","Blood Vial","Odd Mushroom","Astrolabe","Boot","Enchiridion","Bronze Scales","MawBank","White Beast Statue","Happy Flower","Bag of Preparation","Letter Opener","Bird Faced Urn","Whetstone","Bottled Tornado"],"potions_floor_usage":[16,18,24,33,33,40,40,42,44,44,45,45,46,46,46,47,50,50],"damage_taken":[{"damage":0,"enemies":"Cultist","floor":1,"turns":1},{"damage":0,"enemies":"Small Slimes","floor":3,"turns":1},{"damage":0,"enemies":"2 Louse","floor":4,"turns":1},{"damage":33,"enemies":"Lagavulin","floor":7,"turns":8},{"damage":12,"enemies":"Lots of Slimes","floor":11,"turns":5},{"damage":10,"floor":12,"turns":4},{"damage":0,"enemies":"2 Fungi Beasts","floor":13,"turns":4},{"damage":0,"enemies":"Blue Slaver","floor":14,"turns":4},{"damage":72,"enemies":"Slime Boss","floor":16,"turns":15},{"damage":29,"enemies":"Shell Parasite","floor":18,"turns":6},{"damage":22,"enemies":"3 Byrds","floor":21,"turns":7},{"damage":30,"enemies":"Slavers","floor":24,"turns":7},{"damage":29,"enemies":"Centurion and Healer","floor":28,"turns":6},{"damage":17,"enemies":"Cultist and Chosen","floor":30,"turns":5},{"damage":26,"enemies":"Snecko","floor":31,"turns":5},{"damage":99,"enemies":"Champ","floor":33,"turns":9},{"damage":11,"enemies":"3 Shapes","floor":35,"turns":26},{"damage":8,"enemies":"Orb Walker","floor":37,"turns":2},{"damage":23,"enemies":"3 Darklings","floor":39,"turns":6},{"damage":90,"enemies":"2 Orb Walkers","floor":40,"turns":7},{"damage":65,"floor":42,"turns":8},{"damage":4,"enemies":"Spire Growth","floor":44,"turns":4},{"damage":0,"enemies":"Transient","floor":45,"turns":5},{"damage":10,"enemies":"3 Darklings","floor":46,"turns":4},{"damage":17,"enemies":"Maw","floor":47,"turns":5},{"damage":101,"enemies":"Time Eater","floor":50,"turns":8}],"seed_played":"2924482315242552579","potions_obtained":[{"floor":3,"key":"SteroidPotion"},{"floor":4,"key":"SkillPotion"},{"floor":12,"key":"SteroidPotion"},{"floor":13,"key":"SkillPotion"},{"floor":14,"key":"Energy Potion"},{"floor":16,"key":"Swift Potion"},{"floor":18,"key":"SneckoOil"},{"floor":24,"key":"SteroidPotion"},{"floor":31,"key":"PowerPotion"},{"floor":33,"key":"AttackPotion"},{"floor":35,"key":"SteroidPotion"},{"floor":37,"key":"FearPotion"},{"floor":39,"key":"Regen Potion"},{"floor":40,"key":"LiquidBronze"},{"floor":42,"key":"EntropicBrew"},{"floor":44,"key":"EssenceOfSteel"},{"floor":45,"key":"EntropicBrew"},{"floor":46,"key":"SteroidPotion"},{"floor":47,"key":"Poison Potion"}],"is_trial":false,"path_per_floor":["M","?","M","M","?","R","E","R","T","R","M","?","M","M","R","B",null,"M","?","?","M","?","R","E","R","T","R","M","R","M","M","R","B",null,"M","$","M","$","M","E","R","?","T","M","M","M","M","T","R"],"character_chosen":"IRONCLAD","items_purchased":["Happy Flower","Dropkick","Madness","Bag of Preparation"],"campfire_rested":6,"item_purchase_floors":[36,36,36,38],"current_hp_per_floor":[78,78,80,80,80,80,60,60,60,60,60,62,74,86,86,26,87,70,70,47,37,21,57,39,39,39,76,59,97,92,78,118,27,109,110,110,114,114,99,32,75,18,18,28,38,40,35,35,79,0],"gold":340,"neow_bonus":"THREE_ENEMY_KILL","is_prod":false,"is_daily":false,"chose_seed":false,"campfire_upgraded":5,"win_rate":0,"timestamp":1533851945,"path_taken":["M","?","M","?","?","R","E","R","T","R","?","?","M","M","R","BOSS","M","?","?","M","?","R","E","R","T","R","M","R","?","M","R","BOSS","M","$","M","$","M","E","R","?","T","M","M","?","M","?","R","BOSS"],"build_version":"2018-08-02","purchased_purges":2,"victory":false,"max_hp_per_floor":[80,80,80,80,80,80,87,87,87,87,91,95,99,103,103,107,107,111,111,116,120,120,120,124,124,124,124,128,128,132,136,136,136,136,140,140,144,144,144,144,144,144,144,148,148,148,148,148,148,148],"card_choices":[{"not_picked":["Carnage","Flex"],"picked":"Armaments","floor":1},{"not_picked":["Thunderclap","Perfected Strike"],"picked":"Shrug It Off","floor":3},{"not_picked":["Armaments","Flex","Bloodletting"],"picked":"SKIP","floor":4},{"not_picked":["True Grit","Rampage"],"picked":"Feed","floor":7},{"not_picked":["Twin Strike","Iron Wave","Second Wind"],"picked":"SKIP","floor":11},{"not_picked":["Armaments","Spot Weakness"],"picked":"Metallicize","floor":13},{"not_picked":["Havoc","Shrug It Off","Exhume"],"picked":"SKIP","floor":14},{"not_picked":["Juggernaut","Immolate"],"picked":"Fiend Fire","floor":16},{"not_picked":["Clothesline","Second Wind+1","Thunderclap"],"picked":"SKIP","floor":18},{"not_picked":["Body Slam","Feel No Pain","Twin Strike"],"picked":"SKIP","floor":21},{"not_picked":["Heavy Blade","Evolve+1","Clothesline"],"picked":"SKIP","floor":24},{"not_picked":["Sword Boomerang","Iron Wave"],"picked":"Clash","floor":28},{"not_picked":["Entrench","Cleave","Sword Boomerang+1"],"picked":"SKIP","floor":30},{"not_picked":["Cleave","Pummel","Headbutt+1"],"picked":"SKIP","floor":31},{"not_picked":["Wild Strike","Carnage"],"picked":"Clash+1","floor":35},{"not_picked":["Corruption+1","Clash"],"picked":"Disarm+1","floor":37},{"not_picked":["Body Slam+1","Clothesline+1","Wild Strike"],"picked":"SKIP","floor":39},{"not_picked":["Carnage+1","Twin Strike"],"picked":"Clash+1","floor":40},{"not_picked":["Wild Strike","Warcry+1","Cleave+1"],"picked":"SKIP","floor":44},{"not_picked":["Sword Boomerang","Clothesline"],"picked":"Clash+1","floor":45},{"not_picked":["Immolate","Perfected Strike+1","Warcry"],"picked":"SKIP","floor":46},{"not_picked":["Flex","Wild Strike+1","Armaments"],"picked":"SKIP","floor":47}],"player_experience":173396,"relics_obtained":[{"floor":7,"key":"Strawberry"},{"floor":9,"key":"Blood Vial"},{"floor":12,"key":"Odd Mushroom"},{"floor":22,"key":"Enchiridion"},{"floor":24,"key":"Bronze Scales"},{"floor":26,"key":"MawBank"},{"floor":40,"key":"Letter Opener"},{"floor":42,"key":"Bird Faced Urn"},{"floor":43,"key":"Whetstone"},{"floor":48,"key":"Bottled Tornado"}],"event_choices":[{"event_name":"Living Wall","player_choice":"Forget","floor":2,"damage_taken":0},{"event_name":"The Cleric","player_choice":"Card Removal","floor":5,"damage_taken":0},{"event_name":"Mushrooms","player_choice":"Fought Mushrooms","floor":12,"damage_taken":0},{"event_name":"The Mausoleum","player_choice":"Yes","floor":19,"damage_taken":0},{"event_name":"Forgotten Altar","player_choice":"Shed Blood","floor":20,"damage_taken":0},{"event_name":"Cursed Tome","player_choice":"Obtained Book","floor":22,"damage_taken":0},{"event_name":"Mysterious Sphere","player_choice":"Fight","floor":42,"damage_taken":0}],"is_beta":false,"boss_relics":[{"not_picked":["Ectoplasm","Mark of Pain"],"picked":"Astrolabe"},{"not_picked":["Philosopher\u0027s Stone","Pandora\u0027s Box"],"picked":"White Beast Statue"}],"items_purged_floors":[36,38],"is_endless":false,"potions_floor_spawned":[3,4,12,13,14,16,18,24,31,33,35,37,39,40,42,44,45,46,47],"killed_by":"Time Eater","ascension_level":6}