{"gold_per_floor":[215,230,155,155,55,73,73,87,87,104,104,124,124,139,139,238,238,250,250,262,279,297,297,315,315,315,315],"floor_reached":27,"playtime":1484,"items_purged":["Strike_B","Defend_B"],"score":209,"play_id":"f960633e-f4b9-43cc-88a7-3214c344861c","local_time":"20180716162057","is_ascension_mode":false,"campfire_choices":[{"data":"FTL","floor":7,"key":"SMITH"},{"data":"Zap","floor":13,"key":"SMITH"},{"floor":15,"key":"REST"},{"data":"Buffer","floor":23,"key":"SMITH"},{"data":"Streamline","floor":25,"key":"SMITH"}],"neow_cost":"NONE","seed_source_timestamp":162745038787106,"circlet_count":0,"master_deck":["Strike_B","Strike_B","Strike_B","Defend_B","Defend_B","Defend_B","Zap+1","Dualcast","Hologram","Streamline+1","FTL+1","Coolheaded","Ball Lightning","Sweeping Beam","Buffer+1","Compile Driver+1","Rebound+1","Steam+1","Ball Lightning+1","Compile Driver"],"relics":["Cracked Core","NlothsMask","Coffee Dripper","Kunai"],"potions_floor_usage":[16,16],"damage_taken":[{"damage":0,"enemies":"2 Louse","floor":1,"turns":3},{"damage":1,"enemies":"Cultist","floor":2,"turns":3},{"damage":11,"enemies":"Jaw Worm","floor":6,"turns":4},{"damage":16,"enemies":"Exordium Thugs","floor":8,"turns":5},{"damage":3,"enemies":"Red Slaver","floor":10,"turns":4},{"damage":5,"enemies":"Lots of Slimes","floor":12,"turns":3},{"damage":12,"enemies":"3 Louse","floor":14,"turns":4},{"damage":46,"enemies":"Slime Boss","floor":16,"turns":10},{"damage":23,"enemies":"3 Byrds","floor":18,"turns":6},{"damage":0,"enemies":"Spheric Guardian","floor":20,"turns":3},{"damage":5,"enemies":"Centurion and Healer","floor":21,"turns":4},{"damage":6,"enemies":"Chosen and Byrds","floor":22,"turns":4},{"damage":16,"enemies":"Snecko","floor":24,"turns":5},{"damage":13,"enemies":"Snake Plant","floor":27,"turns":2}],"seed_played":"-3226572779945387711","potions_obtained":[{"floor":2,"key":"Ancient Potion"},{"floor":10,"key":"Poison Potion"},{"floor":22,"key":"Swift Potion"}],"is_trial":false,"path_per_floor":["M","M","$","?","$","M","R","M","T","M","$","M","R","M","R","B",null,"M","?","M","M","M","R","M","R","T"],"character_chosen":"DEFECT","items_purchased":[],"campfire_rested":1,"item_purchase_floors":[],"current_hp_per_floor":[75,74,74,74,74,63,63,47,47,44,44,39,39,27,49,3,75,52,38,38,33,27,27,11,11,11,0],"gold":315,"neow_bonus":"HUNDRED_GOLD","is_prod":false,"is_daily":false,"chose_seed":false,"campfire_upgraded":4,"win_rate":0.0,"timestamp":1531772457,"path_taken":["M","M","$","?","?","M","R","M","T","?","$","?","R","M","R","BOSS","M","?","M","M","M","R","M","R","T","M"],"build_version":"2018-07-12","purchased_purges":2,"victory":false,"max_hp_per_floor":[75,75,75,75,75,75,75,75,75,75,75,75,75,75,75,75,75,75,80,80,80,80,80,80,80,80,80],"card_choices":[{"not_picked":["Redo","Gash"],"picked":"Hologram","floor":1},{"not_picked":["Leap","Chaos"],"picked":"Streamline","floor":2},{"not_picked":["Undo","Cold Snap"],"picked":"FTL","floor":6},{"not_picked":["Go for the Eyes","Compile Driver"],"picked":"Coolheaded","floor":8},{"not_picked":["Leap","Reprogram"],"picked":"Ball Lightning","floor":10},{"not_picked":["Rebound","Force Field","Blizzard"],"picked":"SKIP","floor":12},{"not_picked":["Force Field","Leap"],"picked":"Sweeping Beam","floor":14},{"not_picked":["Creative AI","Amplify"],"picked":"Buffer","floor":16},{"not_picked":["Sunder","Sweeping Beam+1"],"picked":"Compile Driver+1","floor":18},{"not_picked":["Hologram","Compile Driver"],"picked":"Rebound+1","floor":20},{"not_picked":["Static Discharge","Blizzard"],"picked":"Steam+1","floor":21},{"not_picked":["Rebound","Turbo"],"picked":"Ball Lightning+1","floor":22},{"not_picked":["Auto Shields","Turbo"],"picked":"Compile Driver","floor":24}],"player_experience":50017,"relics_obtained":[{"floor":26,"key":"Kunai"}],"event_choices":[{"event_name":"FaceTrader","player_choice":"Trade","floor":4,"damage_taken":0},{"event_name":"Forgotten Altar","player_choice":"Shed Blood","floor":19,"damage_taken":0}],"boss_relics":[{"not_picked":["Cursed Key","Black Star"],"picked":"Coffee Dripper"}],"items_purged_floors":[3,5],"is_endless":false,"potions_floor_spawned":[2,10,22],"killed_by":"Snake Plant","ascension_level":0}