{"gold_per_floor":[118,118,118,136,156,156,169,169,169,169,181,106,125,144,144,242,242,259,259,159,159,159,159,190,205,205,205,216,216,216,227,227,323,323,343,137,148,171,171,171,188,188,188,38,56,75,89,99,99,99],"floor_reached":51,"playtime":3965,"items_purged":["Defend_G","Defend_G","Defend_G","Strike_G"],"score":686,"play_id":"75f5348a-6241-4b71-8198-e306cb3f5aff","local_time":"20181212234934","is_ascension_mode":false,"campfire_choices":[{"data":"Die Die Die","floor":6,"key":"SMITH"},{"data":"Neutralize","floor":10,"key":"SMITH"},{"data":"Dodge and Roll","floor":15,"key":"SMITH"},{"data":"Cloak And Dagger","floor":23,"key":"SMITH"},{"data":"Noxious Fumes","floor":27,"key":"SMITH"},{"data":"Escape Plan","floor":30,"key":"SMITH"},{"data":"Backflip","floor":32,"key":"SMITH"},{"data":"Backflip","floor":40,"key":"SMITH"},{"floor":49,"key":"REST"}],"neow_cost":"NONE","seed_source_timestamp":544156150148005,"circlet_count":0,"master_deck":["Defend_G","Defend_G","Strike_G","Strike_G","Strike_G","Survivor+1","Neutralize+1","Die Die Die+1","Noxious Fumes+1","PiercingWail","Escape Plan+1","Dodge and Roll+1","Backflip+1","After Image","Backflip+1","Cloak And Dagger+1","Cloak And Dagger+1","A Thousand Cuts","Well Laid Plans","Bandage Up","Writhe"],"relics":["Orrery","FossilizedHelix","Singing Bowl","Lizard Tail","MutagenicStrength","Snake Skull","Mummified Hand","White Beast Statue","Ancient Tea Set","Du-Vu Doll"],"potions_floor_usage":[18,33,46,46,48,50,50,50],"damage_taken":[{"damage":0,"enemies":"2 Louse","floor":1,"turns":3},{"damage":0,"enemies":"Jaw Worm","floor":4,"turns":4},{"damage":0,"enemies":"Cultist","floor":5,"turns":4},{"damage":1,"enemies":"3 Louse","floor":7,"turns":3},{"damage":0,"enemies":"Exordium Thugs","floor":11,"turns":5},{"damage":1,"enemies":"Large Slime","floor":13,"turns":8},{"damage":0,"enemies":"Blue Slaver","floor":14,"turns":4},{"damage":2,"enemies":"The Guardian","floor":16,"turns":15},{"damage":12,"enemies":"Chosen","floor":18,"turns":10},{"damage":0,"enemies":"Book of Stabbing","floor":24,"turns":11},{"damage":0,"enemies":"Shell Parasite","floor":25,"turns":9},{"damage":4,"enemies":"Sentry and Sphere","floor":28,"turns":8},{"damage":0,"enemies":"Snake Plant","floor":31,"turns":6},{"damage":13,"enemies":"Collector","floor":33,"turns":12},{"damage":42,"enemies":"3 Shapes","floor":35,"turns":3},{"damage":8,"enemies":"3 Darklings","floor":37,"turns":7},{"damage":5,"enemies":"Maw","floor":41,"turns":10},{"damage":4,"enemies":"Jaw Worm Horde","floor":45,"turns":4},{"damage":0,"enemies":"Sphere and 2 Shapes","floor":46,"turns":7},{"damage":0,"enemies":"Writhing Mass","floor":47,"turns":12},{"damage":0,"enemies":"4 Shapes","floor":48,"turns":7},{"damage":47,"enemies":"Time Eater","floor":50,"turns":20}],"seed_played":"3655003855458123997","potions_obtained":[{"floor":4,"key":"FearPotion"},{"floor":11,"key":"Strength Potion"},{"floor":13,"key":"PowerPotion"},{"floor":14,"key":"Block Potion"},{"floor":24,"key":"Strength Potion"},{"floor":35,"key":"Block Potion"},{"floor":37,"key":"GhostInAJar"},{"floor":46,"key":"FearPotion"},{"floor":47,"key":"Block Potion"},{"floor":48,"key":"SpeedPotion"}],"is_trial":false,"path_per_floor":["M","?","?","M","M","R","M","?","T","R","M","$","M","M","R","B",null,"M","?","$","?","?","R","E","M","T","R","M","?","R","M","R","B",null,"M","$","M","T","?","R","M","?","T","$","M","M","M","M","R","B",null],"character_chosen":"THE_SILENT","items_purchased":["Well Laid Plans"],"campfire_rested":1,"item_purchase_floors":[36],"current_hp_per_floor":[70,75,75,75,75,75,74,67,67,67,67,67,68,70,70,68,79,67,67,67,67,67,67,69,69,69,69,67,67,67,69,69,56,85,45,45,39,39,39,39,40,63,63,63,65,71,77,83,99,56],"gold":99,"neow_bonus":"BOSS_RELIC","is_prod":false,"is_daily":false,"chose_seed":false,"campfire_upgraded":8,"win_rate":0,"timestamp":1544676574,"path_taken":["M","?","?","?","M","R","M","?","T","R","M","$","M","M","R","BOSS","M","?","$","?","?","R","E","?","T","R","M","?","R","?","R","BOSS","M","$","M","?","?","R","M","?","T","?","M","?","M","M","R","BOSS"],"build_version":"2018-12-06","purchased_purges":4,"victory":true,"max_hp_per_floor":[70,75,75,75,75,75,75,75,75,75,75,75,77,79,79,79,79,79,79,79,79,79,79,81,81,81,81,83,83,83,85,85,85,85,87,87,89,89,89,89,91,91,91,91,93,95,97,99,99,99],"card_choices":[{"not_picked":["Bane","Heel Hook"],"picked":"Die Die Die","floor":0},{"not_picked":["Terror","Slice"],"picked":"Noxious Fumes","floor":0},{"not_picked":["Dagger Throw","Finisher"],"picked":"PiercingWail","floor":0},{"not_picked":["Backstab","Slice"],"picked":"Accuracy","floor":0},{"not_picked":["Calculated Gamble","Bane","Dagger Spray"],"picked":"SKIP","floor":1},{"not_picked":["Deflect","Choke","Crippling Poison"],"picked":"SKIP","floor":4},{"not_picked":["Dagger Throw","Deadly Poison"],"picked":"Escape Plan","floor":5},{"not_picked":["Poisoned Stab","Leg Sweep"],"picked":"Dodge and Roll","floor":7},{"not_picked":["Infinite Blades","Predator"],"picked":"Backflip","floor":11},{"not_picked":["Deadly Poison","Deflect","Distraction"],"picked":"Singing Bowl","floor":13},{"not_picked":["Backstab","Finisher","Catalyst"],"picked":"Singing Bowl","floor":14},{"not_picked":["Envenom","Doppelganger"],"picked":"After Image","floor":16},{"not_picked":["Caltrops","Backstab"],"picked":"Backflip","floor":18},{"not_picked":["Flying Knee","Concentrate","Sucker Punch"],"picked":"Singing Bowl","floor":24},{"not_picked":["Poisoned Stab+1","Infinite Blades"],"picked":"Cloak And Dagger+1","floor":25},{"not_picked":["Finisher","Poisoned Stab+1","Prepared+1"],"picked":"Singing Bowl","floor":28},{"not_picked":["Heel Hook","Escape Plan","Poisoned Stab"],"picked":"Singing Bowl","floor":31},{"not_picked":["Malaise","Burst"],"picked":"A Thousand Cuts","floor":33},{"not_picked":["Poisoned Stab","Dodge and Roll","Caltrops+1"],"picked":"Singing Bowl","floor":35},{"not_picked":["Dagger Spray+1","Deflect","Prepared+1"],"picked":"Singing Bowl","floor":37},{"not_picked":["Dark Shackles","Swift Strike"],"picked":"Bandage Up","floor":39},{"not_picked":["Escape Plan+1","Eviscerate+1","Underhanded Strike"],"picked":"Singing Bowl","floor":41},{"not_picked":["Underhanded Strike","Dagger Spray","Quick Slash+1"],"picked":"Singing Bowl","floor":45},{"not_picked":["Sucker Punch+1","Bane+1","Bullet Time"],"picked":"Singing Bowl","floor":46},{"not_picked":["Flechettes","Finisher+1","Tactician"],"picked":"Singing Bowl","floor":47},{"not_picked":["Flying Knee+1","Quick Slash+1","Deflect"],"picked":"Singing Bowl","floor":48}],"player_experience":268375,"relics_obtained":[{"floor":9,"key":"Singing Bowl"},{"floor":24,"key":"Snake Skull"},{"floor":26,"key":"Mummified Hand"},{"floor":38,"key":"Ancient Tea Set"},{"floor":43,"key":"Du-Vu Doll"}],"event_choices":[{"damage_healed":0,"gold_gain":0,"player_choice":"Donut","damage_taken":0,"max_hp_gain":5,"max_hp_loss":0,"event_name":"Big Fish","floor":2,"gold_loss":0},{"cards_removed":["Accuracy"],"damage_healed":0,"gold_gain":0,"player_choice":"Gave Card","damage_taken":0,"relics_obtained":["FossilizedHelix"],"max_hp_gain":0,"max_hp_loss":0,"event_name":"WeMeetAgain","floor":3,"gold_loss":0},{"cards_removed":["Strike_G"],"damage_healed":0,"gold_gain":0,"player_choice":"Card Removal","damage_taken":7,"max_hp_gain":0,"max_hp_loss":0,"event_name":"Golden Wing","floor":8,"gold_loss":0},{"damage_healed":0,"gold_gain":0,"player_choice":"Inject Mutagens","damage_taken":0,"relics_obtained":["MutagenicStrength"],"max_hp_gain":0,"max_hp_loss":0,"event_name":"Drug Dealer","floor":19,"gold_loss":0},{"damage_healed":0,"gold_gain":0,"player_choice":"Ignored","damage_taken":0,"max_hp_gain":0,"max_hp_loss":0,"event_name":"Vampires","floor":21,"gold_loss":0},{"damage_healed":0,"gold_gain":0,"player_choice":"Read","damage_taken":0,"max_hp_gain":0,"max_hp_loss":0,"event_name":"The Library","floor":22,"gold_loss":0,"cards_obtained":["Cloak And Dagger"]},{"damage_healed":0,"gold_gain":0,"player_choice":"Forge","damage_taken":0,"max_hp_gain":0,"max_hp_loss":0,"event_name":"Accursed Blacksmith","floor":29,"gold_loss":0,"cards_upgraded":["Survivor"]},{"damage_healed":0,"gold_gain":0,"player_choice":"Memory 1","damage_taken":0,"max_hp_gain":0,"max_hp_loss":0,"event_name":"SensoryStone","floor":39,"gold_loss":0},{"damage_healed":23,"gold_gain":0,"player_choice":"Writhe","damage_taken":0,"max_hp_gain":0,"max_hp_loss":0,"event_name":"Winding Halls","floor":42,"gold_loss":0,"cards_obtained":["Writhe"]}],"is_beta":false,"boss_relics":[{"not_picked":["Tiny House","Fusion Hammer"],"picked":"Lizard Tail"},{"not_picked":["HoveringKite","Cursed Key"],"picked":"White Beast Statue"}],"items_purged_floors":[12,20,36,44],"is_endless":false,"potions_floor_spawned":[4,11,13,14,24,31,35,37,41,45,46,47,48],"ascension_level":0}