{"gold_per_floor":[116,191,202,216,236,236,236,236,236,236,79,94,122,133,133,212,212,230,230,250,3,20,20,54,54,100,128,154,154,189,209,209,281,281,294,313,323,342,392,392,447,447],"floor_reached":42,"playtime":1608,"items_purged":["Strike_B"],"score":1032,"play_id":"542cf12d-f7de-45fe-ba5c-8465ff7471df","local_time":"20180917112253","is_ascension_mode":true,"campfire_choices":[{"data":"Defragment","floor":6,"key":"SMITH"},{"data":"Zap","floor":8,"key":"SMITH"},{"data":"Chill","floor":10,"key":"SMITH"},{"data":"Defragment","floor":15,"key":"SMITH"},{"data":"Scrape","floor":23,"key":"SMITH"},{"data":"Electrodynamics","floor":25,"key":"SMITH"},{"data":"Redo","floor":29,"key":"SMITH"},{"data":"Rainbow","floor":32,"key":"SMITH"},{"floor":40,"key":"REST"}],"neow_cost":"CURSE","seed_source_timestamp":6210971969276,"circlet_count":0,"master_deck":["Strike_B","Strike_B","Strike_B","Defend_B","Defend_B","Defend_B+1","Defend_B","Zap+1","Dualcast+1","AscendersBane","Chill+1","Sweeping Beam","Defragment+1","FTL","Defragment+1","Cold Snap","Scrape+1","Redo+1","Electrodynamics+1","Compile Driver","Melter","Rainbow+1","Capacitor","Leap+1","Ball Lightning","Defragment+1","Core Surge"],"relics":["Cracked Core","Du-Vu Doll","Mercury Hourglass","Emotion Chip","War Paint","Sozu","MutagenicStrength","Lantern","Blood Vial","Red Mask","Sundial","Turnip","Inserter","Bird Faced Urn","Bronze Scales"],"potions_floor_usage":[16,22,33],"damage_taken":[{"damage":0,"enemies":"Cultist","floor":1,"turns":3},{"damage":1,"enemies":"2 Louse","floor":3,"turns":2},{"damage":7,"enemies":"Jaw Worm","floor":4,"turns":2},{"damage":8,"enemies":"Exordium Thugs","floor":5,"turns":3},{"damage":0,"enemies":"3 Louse","floor":12,"turns":3},{"damage":0,"enemies":"Lagavulin","floor":13,"turns":6},{"damage":0,"enemies":"2 Fungi Beasts","floor":14,"turns":2},{"damage":0,"enemies":"Slime Boss","floor":16,"turns":6},{"damage":0,"enemies":"Spheric Guardian","floor":18,"turns":3},{"damage":0,"enemies":"Chosen","floor":20,"turns":3},{"damage":22,"enemies":"Snake Plant","floor":22,"turns":3},{"damage":11,"enemies":"Slavers","floor":24,"turns":2},{"damage":0,"enemies":"Masked Bandits","floor":27,"turns":3},{"damage":0,"enemies":"Gremlin Leader","floor":28,"turns":5},{"damage":7,"enemies":"Book of Stabbing","floor":30,"turns":4},{"damage":3,"enemies":"Snecko","floor":31,"turns":3},{"damage":27,"enemies":"Champ","floor":33,"turns":8},{"damage":33,"enemies":"3 Darklings","floor":35,"turns":5},{"damage":0,"enemies":"3 Shapes","floor":36,"turns":2},{"damage":26,"enemies":"Spire Growth","floor":37,"turns":5},{"damage":0,"enemies":"4 Shapes","floor":38,"turns":3},{"damage":3,"enemies":"Mysterious Sphere","floor":39,"turns":3},{"damage":53,"enemies":"Giant Head","floor":42,"turns":6}],"seed_played":"5165236703968765320","potions_obtained":[{"floor":1,"key":"Regen Potion"},{"floor":4,"key":"Dexterity Potion"},{"floor":14,"key":"FocusPotion"},{"floor":16,"key":"GamblersBrew"}],"is_trial":false,"path_per_floor":["M","T","M","M","M","R","?","R","T","R","$","M","E","M","R","B",null,"M","?","M","$","M","R","E","R","T","?","E","R","E","M","R","B",null,"M","M","M","M","?","R","T"],"character_chosen":"DEFECT","items_purchased":["Defragment","Melter","Rainbow","Capacitor"],"campfire_rested":1,"item_purchase_floors":[11,21,21,21],"current_hp_per_floor":[64,64,63,56,48,48,48,48,48,48,48,48,48,48,48,48,65,65,65,65,65,52,52,41,41,41,43,45,45,40,39,39,14,57,26,28,4,6,5,26,26,0],"gold":447,"neow_bonus":"ONE_RARE_RELIC","is_prod":false,"is_daily":false,"chose_seed":false,"campfire_upgraded":8,"win_rate":0,"timestamp":1537176173,"path_taken":["M","?","M","M","M","R","?","R","T","R","$","M","E","M","R","BOSS","M","?","M","$","M","R","E","R","T","?","E","R","E","M","R","BOSS","M","?","M","?","?","R","?","E"],"build_version":"2018-09-06","purchased_purges":1,"victory":false,"max_hp_per_floor":[71,71,71,71,71,71,71,71,71,71,71,71,71,71,71,71,71,71,71,71,71,71,71,71,71,71,71,71,71,71,71,71,71,71,71,71,71,71,71,71,71,71],"card_choices":[{"not_picked":["Gash","Consume"],"picked":"Chill","floor":1},{"not_picked":["Stack","Conserve Battery"],"picked":"Sweeping Beam","floor":3},{"not_picked":["Rebound","Cold Snap"],"picked":"Defragment","floor":4},{"not_picked":["Coolheaded","Sweeping Beam"],"picked":"FTL","floor":5},{"not_picked":["Loop","Streamline"],"picked":"Cold Snap","floor":12},{"not_picked":["Thunder Strike","Go for the Eyes"],"picked":"Scrape","floor":13},{"not_picked":["Skim","Hello World"],"picked":"Redo","floor":14},{"not_picked":["Echo Form","Reboot"],"picked":"Electrodynamics","floor":16},{"not_picked":["Turbo","Consume"],"picked":"Compile Driver","floor":18},{"not_picked":["Compile Driver","Gash","Steam Power"],"picked":"SKIP","floor":20},{"not_picked":["Double Energy","Steam"],"picked":"Leap+1","floor":22},{"not_picked":["Darkness","Reinforced Body","Aggregate"],"picked":"SKIP","floor":24},{"not_picked":["Hello World","Redo"],"picked":"Ball Lightning","floor":28},{"not_picked":["All For One","Loop","Sweeping Beam"],"picked":"SKIP","floor":30},{"not_picked":["Streamline","Rebound+1"],"picked":"Defragment+1","floor":31},{"not_picked":["Electrodynamics","Echo Form"],"picked":"Core Surge","floor":33},{"not_picked":["Genetic Algorithm","Redo+1","Scrape"],"picked":"SKIP","floor":35},{"not_picked":["Hologram","Turbo","Sweeping Beam+1"],"picked":"SKIP","floor":36},{"not_picked":["Recycle","Streamline","Coolheaded"],"picked":"SKIP","floor":37},{"not_picked":["Streamline+1","Ball Lightning","Rebound"],"picked":"SKIP","floor":38}],"player_experience":741801,"relics_obtained":[{"floor":2,"key":"Mercury Hourglass"},{"floor":9,"key":"Emotion Chip"},{"floor":13,"key":"War Paint"},{"floor":24,"key":"Lantern"},{"floor":26,"key":"Blood Vial"},{"floor":27,"key":"Red Mask"},{"floor":28,"key":"Sundial"},{"floor":30,"key":"Turnip"},{"floor":39,"key":"Bird Faced Urn"},{"floor":41,"key":"Bronze Scales"}],"event_choices":[{"event_name":"Living Wall","player_choice":"Forget","floor":7,"damage_taken":0},{"event_name":"Drug Dealer","player_choice":"Inject Mutagens","floor":19,"damage_taken":0},{"event_name":"Masked Bandits","player_choice":"Fought Bandits","floor":27,"damage_taken":0},{"event_name":"Mysterious Sphere","player_choice":"Fight","floor":39,"damage_taken":0}],"is_beta":false,"boss_relics":[{"not_picked":["FrozenCore","Busted Crown"],"picked":"Sozu"},{"not_picked":["Eternal Feather","Velvet Choker"],"picked":"Inserter"}],"items_purged_floors":[11],"is_endless":false,"potions_floor_spawned":[1,4,14,16,20,22,24,31,36,39],"killed_by":"Giant Head","ascension_level":17}