{"gold_per_floor":[110,126,146,159,159,186,186,186,186,219,234,253,253,264,264,369,369,386,404,423,26,43,43,58,58,84,84,100,118,118,152,152,253,253,270,66,66,79,179,179,179],"floor_reached":41,"playtime":2725,"items_purged":[],"score":505,"play_id":"e9d8c5bc-06b5-49db-8bef-7a579c25ea49","local_time":"20190129192032","is_ascension_mode":true,"campfire_choices":[{"floor":7,"key":"REST"},{"floor":13,"key":"REST"},{"floor":15,"key":"REST"},{"floor":23,"key":"REST"},{"floor":30,"key":"REST"},{"floor":32,"key":"REST"}],"neow_cost":"NONE","seed_source_timestamp":1639619964512059,"circlet_count":0,"master_deck":["Strike_R","Strike_R","Strike_R","Strike_R","Strike_R","Defend_R","Defend_R","Defend_R","Defend_R+1","Bash","Inflame+1","Infernal Blade","Dropkick+1","Pummel","Cleave","Perfected Strike","Perfected Strike+1","Shrug It Off+1","Armaments+1","Spot Weakness+1","Inflame","Exhume","Pommel Strike+1","Infernal Blade"],"relics":["Burning Blood","Darkstone Periapt","FossilizedHelix","Champion Belt","Fusion Hammer","Sundial","Bag of Preparation","Boot","Ornamental Fan","Black Star","Sling","Bird Faced Urn"],"potions_floor_usage":[6,10,12,16,18,25,31,33,33,40,40],"damage_taken":[{"damage":9,"enemies":"2 Louse","floor":1,"turns":2},{"damage":18,"enemies":"Jaw Worm","floor":2,"turns":4},{"damage":15,"enemies":"Small Slimes","floor":3,"turns":4},{"damage":24,"enemies":"Blue Slaver","floor":4,"turns":4},{"damage":19,"enemies":"Lagavulin","floor":6,"turns":5},{"damage":16,"enemies":"Gremlin Nob","floor":10,"turns":4},{"damage":10,"enemies":"Exordium Wildlife","floor":11,"turns":3},{"damage":0,"enemies":"Exordium Thugs","floor":12,"turns":3},{"damage":8,"enemies":"Blue Slaver","floor":14,"turns":3},{"damage":62,"enemies":"Hexaghost","floor":16,"turns":8},{"damage":21,"enemies":"3 Byrds","floor":18,"turns":3},{"damage":0,"enemies":"Spheric Guardian","floor":19,"turns":2},{"damage":4,"enemies":"Centurion and Healer","floor":20,"turns":4},{"damage":18,"enemies":"Snecko","floor":22,"turns":4},{"damage":18,"enemies":"Shelled Parasite and Fungi","floor":24,"turns":4},{"damage":0,"enemies":"Snake Plant","floor":25,"turns":2},{"damage":19,"enemies":"Centurion and Healer","floor":28,"turns":4},{"damage":14,"enemies":"Sentry and Sphere","floor":29,"turns":4},{"damage":53,"enemies":"Slavers","floor":31,"turns":5},{"damage":20,"enemies":"Champ","floor":33,"turns":6},{"damage":0,"enemies":"Orb Walker","floor":35,"turns":2},{"damage":8,"enemies":"3 Darklings","floor":38,"turns":3},{"damage":20,"enemies":"Mind Bloom Boss Battle","floor":39,"turns":7},{"damage":46,"enemies":"Giant Head","floor":40,"turns":7},{"damage":49,"enemies":"Spire Growth","floor":41,"turns":3}],"seed_played":"4733086085446836157","potions_obtained":[{"floor":0,"key":"Swift Potion"},{"floor":0,"key":"SpeedPotion"},{"floor":0,"key":"Block Potion"},{"floor":6,"key":"BloodPotion"},{"floor":10,"key":"Energy Potion"},{"floor":11,"key":"AttackPotion"},{"floor":16,"key":"LiquidBronze"},{"floor":18,"key":"FearPotion"},{"floor":19,"key":"SmokeBomb"},{"floor":29,"key":"Block Potion"},{"floor":31,"key":"Strength Potion"},{"floor":35,"key":"SmokeBomb"},{"floor":38,"key":"FearPotion"}],"is_trial":false,"path_per_floor":["M","M","M","M","?","E","R","?","T","E","M","M","R","M","R","B",null,"M","M","M","$","M","R","M","M","T","?","M","M","R","E","R","B",null,"M","$","$","M","?","E","M"],"character_chosen":"IRONCLAD","items_purchased":["Sundial","Bag of Preparation","Sling"],"campfire_rested":6,"item_purchase_floors":[21,21,36],"current_hp_per_floor":[77,65,56,38,22,9,33,33,33,31,27,33,57,55,79,23,80,65,71,73,73,61,80,68,74,74,74,61,53,77,30,54,40,80,80,80,80,78,64,28,0],"gold":179,"neow_bonus":"THREE_SMALL_POTIONS","is_prod":false,"is_daily":false,"chose_seed":false,"campfire_upgraded":0,"win_rate":0,"timestamp":1548750032,"path_taken":["M","M","M","M","?","E","R","?","T","E","M","M","R","M","R","BOSS","M","M","M","$","M","R","M","M","T","?","M","M","R","E","R","BOSS","M","?","$","M","?","E","?"],"build_version":"2019-01-23","purchased_purges":0,"victory":false,"max_hp_per_floor":[80,80,80,80,80,80,80,80,80,80,80,80,80,80,80,80,80,80,80,80,80,80,80,80,80,80,80,80,80,80,80,80,80,80,80,80,80,80,80,80,80],"card_choices":[{"not_picked":["Twin Strike","Shrug It Off"],"picked":"Inflame","floor":1},{"not_picked":["Corruption","Bloodletting"],"picked":"Infernal Blade","floor":2},{"not_picked":["Clash","Iron Wave"],"picked":"Dropkick","floor":3},{"not_picked":["Shrug It Off","Dual Wield"],"picked":"Pummel","floor":4},{"not_picked":["Juggernaut","Sword Boomerang"],"picked":"Cleave","floor":6},{"not_picked":["Dual Wield","Intimidate","Havoc"],"picked":"SKIP","floor":10},{"not_picked":["Sword Boomerang","Anger"],"picked":"Perfected Strike","floor":11},{"not_picked":["Wild Strike","Cleave","Warcry"],"picked":"SKIP","floor":12},{"not_picked":["Flame Barrier","Clash","Corruption"],"picked":"SKIP","floor":14},{"not_picked":["Heavy Blade+1","Body Slam"],"picked":"Perfected Strike+1","floor":18},{"not_picked":["Combust","Seeing Red+1"],"picked":"Dual Wield","floor":19},{"not_picked":["Pommel Strike","Body Slam"],"picked":"Shrug It Off+1","floor":20},{"not_picked":["Blood for Blood","Heavy Blade","Dual Wield"],"picked":"SKIP","floor":22},{"not_picked":["Body Slam","Dark Embrace"],"picked":"Armaments+1","floor":24},{"not_picked":["Sword Boomerang","Hemokinesis","Clash"],"picked":"SKIP","floor":28},{"not_picked":["Flex","Whirlwind"],"picked":"Spot Weakness+1","floor":29},{"not_picked":["Headbutt","Sever Soul"],"picked":"Inflame","floor":31},{"not_picked":["Juggernaut","Demon Form"],"picked":"Exhume","floor":33},{"not_picked":["Pommel Strike","Body Slam","Power Through+1"],"picked":"SKIP","floor":35},{"not_picked":["Corruption","Shrug It Off"],"picked":"Pommel Strike+1","floor":38},{"not_picked":["Havoc","Body Slam"],"picked":"Infernal Blade","floor":39}],"player_experience":110089,"relics_obtained":[{"floor":6,"key":"Darkstone Periapt"},{"floor":9,"key":"FossilizedHelix"},{"floor":10,"key":"Champion Belt"},{"floor":26,"key":"Boot"},{"floor":31,"key":"Ornamental Fan"},{"floor":39,"key":"Bird Faced Urn"}],"event_choices":[{"damage_healed":0,"gold_gain":0,"player_choice":"Entered Light","damage_taken":16,"max_hp_gain":0,"max_hp_loss":0,"event_name":"Shining Light","floor":5,"gold_loss":0,"cards_upgraded":["Dropkick","Defend_R"]},{"damage_healed":0,"gold_gain":0,"player_choice":"Grow","damage_taken":0,"max_hp_gain":0,"max_hp_loss":0,"event_name":"Living Wall","floor":8,"gold_loss":0,"cards_upgraded":["Inflame"]},{"cards_removed":["Dual Wield"],"damage_healed":0,"gold_gain":0,"player_choice":"Card Removal","damage_taken":0,"max_hp_gain":0,"max_hp_loss":0,"event_name":"Wheel of Change","floor":27,"gold_loss":0},{"damage_healed":0,"gold_gain":0,"player_choice":"Fight","damage_taken":0,"max_hp_gain":0,"max_hp_loss":0,"event_name":"MindBloom","floor":39,"gold_loss":0}],"is_beta":false,"boss_relics":[{"not_picked":["Philosopher\u0027s Stone","Runic Dome"],"picked":"Fusion Hammer"},{"not_picked":["Runic Cube","Snecko Eye"],"picked":"Black Star"}],"items_purged_floors":[],"is_endless":false,"potions_floor_spawned":[6,10,11,16,18,19,20,29,31,35,38],"killed_by":"Spire Growth","ascension_level":2}