{"gold_per_floor":[113,113,132,146,163,163,17,17,17,17,17,17,34,53,53,158,158,174,191,191,221,221],"floor_reached":22,"playtime":2710,"items_purged":[],"score":176,"play_id":"eaac5635-e5c6-4501-83ca-6bfe27310e3a","local_time":"20181117212243","is_ascension_mode":false,"campfire_choices":[{"data":"Defend_G","floor":6,"key":"SMITH"},{"data":"Survivor","floor":10,"key":"SMITH"},{"data":"Good Instincts","floor":12,"key":"SMITH"},{"floor":15,"key":"REST"}],"neow_cost":"NONE","seed_source_timestamp":57104744075801,"circlet_count":0,"master_deck":["Defend_G+1","Defend_G","Defend_G","Defend_G","Defend_G","Strike_G","Strike_G","Strike_G","Strike_G","Strike_G","Survivor+1","Neutralize","Panacea","Bane+1","Poisoned Stab","Flying Knee","PiercingWail","Good Instincts+1","Sucker Punch","PiercingWail","Terror","Adrenaline","Slice+1","Dodge and Roll","Catalyst"],"relics":["Ring of the Snake","Boot","WristBlade","Red Mask"],"potions_floor_usage":[16,16,21,22],"damage_taken":[{"damage":0,"enemies":"Jaw Worm","floor":1,"turns":5},{"damage":0,"enemies":"Small Slimes","floor":3,"turns":4},{"damage":0,"enemies":"2 Louse","floor":4,"turns":3},{"damage":13,"enemies":"Large Slime","floor":5,"turns":8},{"damage":0,"enemies":"3 Louse","floor":13,"turns":4},{"damage":0,"enemies":"2 Fungi Beasts","floor":14,"turns":4},{"damage":28,"enemies":"The Guardian","floor":16,"turns":9},{"damage":10,"enemies":"3 Byrds","floor":18,"turns":6},{"damage":29,"enemies":"Chosen","floor":19,"turns":5},{"damage":12,"enemies":"Masked Bandits","floor":21,"turns":8},{"damage":24,"enemies":"Snake Plant","floor":22,"turns":3}],"seed_played":"-6265443385341091408","potions_obtained":[{"floor":3,"key":"LiquidBronze"},{"floor":5,"key":"AttackPotion"},{"floor":19,"key":"Poison Potion"},{"floor":21,"key":"LiquidBronze"}],"is_trial":false,"path_per_floor":["M","?","M","M","M","R","$","?","T","R","$","R","M","M","R","B",null,"M","M","?","?","M"],"character_chosen":"THE_SILENT","items_purchased":["Good Instincts","Sucker Punch"],"campfire_rested":1,"item_purchase_floors":[7,7],"current_hp_per_floor":[70,70,70,70,57,57,57,57,57,57,57,57,57,57,70,42,70,60,31,31,19,0],"gold":221,"neow_bonus":"RANDOM_COLORLESS","is_prod":false,"is_daily":false,"chose_seed":false,"campfire_upgraded":3,"win_rate":0.0,"timestamp":1542489763,"path_taken":["M","?","M","M","M","R","$","?","T","R","$","R","M","M","R","BOSS","M","M","?","?","M"],"build_version":"2018-11-15","purchased_purges":0,"victory":false,"max_hp_per_floor":[70,70,70,70,70,70,70,70,70,70,70,70,70,70,70,70,70,70,70,70,70,70],"card_choices":[{"not_picked":["Caltrops","Slice"],"picked":"Bane","floor":1},{"not_picked":["All Out Attack","Quick Slash"],"picked":"Poisoned Stab","floor":3},{"not_picked":["Prepared","Quick Slash"],"picked":"Flying Knee","floor":4},{"not_picked":["Escape Plan","Poisoned Stab"],"picked":"PiercingWail","floor":5},{"not_picked":["Tactician","Predator"],"picked":"PiercingWail","floor":13},{"not_picked":["Outmaneuver","Backflip"],"picked":"Terror","floor":14},{"not_picked":["Night Terror","Tools of the Trade"],"picked":"Adrenaline","floor":16},{"not_picked":["Eviscerate","Terror+1"],"picked":"Slice+1","floor":18},{"not_picked":["Dagger Throw","Poisoned Stab"],"picked":"Dodge and Roll","floor":19},{"not_picked":["Eviscerate","PiercingWail"],"picked":"Catalyst","floor":21}],"player_experience":14349,"relics_obtained":[{"floor":9,"key":"Boot"},{"floor":21,"key":"Red Mask"}],"event_choices":[{"damage_healed":0,"gold_gain":0,"player_choice":"Grow","damage_taken":0,"max_hp_gain":0,"max_hp_loss":0,"event_name":"Living Wall","floor":2,"gold_loss":0,"cards_upgraded":["Bane"]},{"damage_healed":0,"gold_gain":0,"player_choice":"Ignored","damage_taken":0,"max_hp_gain":0,"max_hp_loss":0,"event_name":"Liars Game","floor":8,"gold_loss":0},{"damage_healed":0,"gold_gain":0,"player_choice":"Ignored","damage_taken":0,"max_hp_gain":0,"max_hp_loss":0,"event_name":"Beggar","floor":20,"gold_loss":0},{"damage_healed":0,"gold_gain":0,"player_choice":"Fought Bandits","damage_taken":0,"max_hp_gain":0,"max_hp_loss":0,"event_name":"Masked Bandits","floor":21,"gold_loss":0}],"is_beta":false,"boss_relics":[{"not_picked":["Runic Pyramid","Philosopher\u0027s Stone"],"picked":"WristBlade"}],"items_purged_floors":[],"is_endless":false,"potions_floor_spawned":[3,5,19,21],"killed_by":"Snake Plant","ascension_level":0}