{"gold_per_floor":[114,131,142,152,152,187,199,236,327,368,402,43,43,61,61,158,158,169,179,179,278,28,28,38,73,73,83,108,120,120,220,220,321,321,337,17,17,35,83,83,102,134,159,159,194,0,0,28,28,28],"floor_reached":51,"playtime":6090,"items_purged":["Strike_R","Strike_R","Defend_R"],"score":1064,"play_id":"26a91eb5-2c77-46ce-97c5-62b027a593c0","local_time":"20190127011124","is_ascension_mode":true,"campfire_choices":[{"floor":7.0,"key":"REST"},{"floor":15.0,"key":"REST"},{"data":"Armaments","floor":23.0,"key":"SMITH"},{"data":"Rampage","floor":30.0,"key":"SMITH"},{"floor":32.0,"key":"DIG"},{"floor":40.0,"key":"REST"},{"floor":44,"key":"REST"},{"floor":49,"key":"REST"}],"neow_cost":"NONE","seed_source_timestamp":375393746024508,"circlet_count":0,"master_deck":["Strike_R","Strike_R+1","Strike_R+1","Defend_R","Defend_R","Defend_R+1","Bash","Cleave+1","Rampage+1","Armaments+1","Shrug It Off","Feed","Clothesline","Double Tap","Headbutt","Pommel Strike","The Bomb"],"special_seed":0,"relics":["Burning Blood","MawBank","FossilizedHelix","Meat on the Bone","Juzu Bracelet","Odd Mushroom","Bag of Preparation","Centennial Puzzle","Pear","Velvet Choker","Happy Flower","Omamori","Kunai","Bronze Scales","Shovel","Blue Candle","Sundial","Runic Cube","Unceasing Top","Whetstone","PreservedInsect","Paper Frog","Toy Ornithopter","Mango"],"potions_floor_usage":[50,50],"damage_taken":[{"damage":12.0,"enemies":"Jaw Worm","floor":1.0,"turns":3.0},{"damage":0.0,"enemies":"2 Louse","floor":2.0,"turns":2.0},{"damage":7.0,"enemies":"Small Slimes","floor":3.0,"turns":3.0},{"damage":14.0,"enemies":"Red Slaver","floor":4.0,"turns":2.0},{"damage":28.0,"enemies":"Lagavulin","floor":6.0,"turns":6.0},{"damage":32.0,"enemies":"3 Sentries","floor":8.0,"turns":7.0},{"damage":31.0,"enemies":"Lagavulin","floor":10.0,"turns":6.0},{"damage":18.0,"enemies":"The Mushroom Lair","floor":11.0,"turns":4.0},{"damage":0.0,"enemies":"2 Fungi Beasts","floor":14.0,"turns":3.0},{"damage":60.0,"enemies":"Hexaghost","floor":16.0,"turns":11.0},{"damage":12.0,"enemies":"3 Byrds","floor":18.0,"turns":5.0},{"damage":11.0,"enemies":"Shell Parasite","floor":19.0,"turns":7.0},{"damage":24.0,"enemies":"Snake Plant","floor":24.0,"turns":4.0},{"damage":36.0,"enemies":"Slavers","floor":25.0,"turns":5.0},{"damage":7.0,"enemies":"Centurion and Healer","floor":27.0,"turns":4.0},{"damage":14.0,"enemies":"Gremlin Leader","floor":28.0,"turns":5.0},{"damage":20.0,"enemies":"Shelled Parasite and Fungi","floor":29.0,"turns":4.0},{"damage":3.0,"enemies":"Colosseum Slavers","floor":31.0,"turns":4.0},{"damage":24.0,"enemies":"Colosseum Nobs","floor":31.0,"turns":4.0},{"damage":61.0,"enemies":"Automaton","floor":33.0,"turns":11.0},{"damage":14.0,"enemies":"Orb Walker","floor":35.0,"turns":3.0},{"damage":9.0,"enemies":"3 Shapes","floor":38.0,"turns":4.0},{"damage":44.0,"enemies":"2 Orb Walkers","floor":39.0,"turns":3.0},{"damage":33.0,"enemies":"Spire Growth","floor":41.0,"turns":5.0},{"damage":46,"enemies":"Reptomancer","floor":42,"turns":4},{"damage":39,"enemies":"Nemesis","floor":45,"turns":5},{"damage":44,"enemies":"Reptomancer","floor":48,"turns":5},{"damage":91,"enemies":"Time Eater","floor":50,"turns":9}],"seed_played":"1968188447928392823","potions_obtained":[{"floor":0.0,"key":"EntropicBrew"},{"floor":0.0,"key":"FearPotion"},{"floor":0.0,"key":"Fruit Juice"},{"floor":2.0,"key":"Poison Potion"},{"floor":11.0,"key":"BloodPotion"},{"floor":16.0,"key":"Fruit Juice"},{"floor":19.0,"key":"Weak Potion"},{"floor":20.0,"key":"GamblersBrew"},{"floor":31.0,"key":"Dexterity Potion"},{"floor":33.0,"key":"SpeedPotion"},{"floor":38.0,"key":"Fire Potion"},{"floor":41.0,"key":"EssenceOfSteel"},{"floor":48,"key":"Weak Potion"}],"is_trial":false,"path_per_floor":["M","M","M","M","?","E","R","E","T","E","?","$","?","M","R","B",null,"M","M","?","?","$","R","M","E","T","M","E","M","R","?","R","B",null,"M","$","?","M","?","R","M","E","T","R","E","$","?","E","R","B",null],"character_chosen":"IRONCLAD","items_purchased":["Bag of Preparation","Centennial Puzzle","Happy Flower","The Bomb","Toy Ornithopter"],"campfire_rested":5,"item_purchase_floors":[12,12,22,36,46],"current_hp_per_floor":[79,85,84,76,59,37,62,36,36,23,23,23,21,42,71,32,101,103,98,98,98,98,98,80,65,65,78,70,71,71,74,74,31,124,120,120,120,121,86,126,102,74,74,115,82,82,82,70,115,52],"gold":28,"neow_bonus":"THREE_SMALL_POTIONS","is_prod":false,"is_daily":false,"chose_seed":false,"campfire_upgraded":2,"win_rate":0,"timestamp":1548569484,"path_taken":["M","M","M","M","?","E","R","E","T","E","?","$","?","M","R","BOSS","M","M","?","?","$","R","M","E","T","M","E","M","R","?","R","BOSS","M","$","?","M","?","R","M","E","T","R","E","$","?","E","R","BOSS"],"build_version":"2019-01-23","purchased_purges":3,"victory":true,"max_hp_per_floor":[85,85,85,85,85,85,85,85,85,85,85,85,95,98,98,101,101,109,109,109,109,109,109,109,112,112,115,115,118,118,124,124,124,124,128,128,128,132,135,135,138,138,138,138,138,138,138,152,152,152],"card_choices":[{"not_picked":["Clash","Body Slam"],"picked":"Cleave","floor":1.0},{"not_picked":["Searing Blow","True Grit","Metallicize"],"picked":"SKIP","floor":2.0},{"not_picked":["Perfected Strike","Anger"],"picked":"Rampage","floor":3.0},{"not_picked":["Clash","Pummel"],"picked":"Armaments","floor":4.0},{"not_picked":["Heavy Blade","Warcry"],"picked":"Shrug It Off","floor":6.0},{"not_picked":["Warcry","Berserk"],"picked":"Feed","floor":8.0},{"not_picked":["Perfected Strike","Wild Strike"],"picked":"Evolve","floor":10.0},{"not_picked":["Feel No Pain","Reckless Charge"],"picked":"Clothesline","floor":14.0},{"not_picked":["Brutality","Fiend Fire"],"picked":"Double Tap","floor":16.0},{"not_picked":["Clothesline","Armaments","Havoc"],"picked":"SKIP","floor":18.0},{"not_picked":["Bloodletting","Clash","Blood for Blood+1"],"picked":"SKIP","floor":19.0},{"not_picked":["Entrench","Shockwave","Clothesline"],"picked":"SKIP","floor":24.0},{"not_picked":["Iron Wave","Perfected Strike+1","Reaper"],"picked":"SKIP","floor":25.0},{"not_picked":["Rupture","Carnage"],"picked":"Headbutt","floor":27.0},{"not_picked":["Thunderclap","Dual Wield"],"picked":"Pommel Strike","floor":28.0},{"not_picked":["Combust","Thunderclap+1","Shrug It Off"],"picked":"SKIP","floor":29.0},{"not_picked":["Twin Strike","Heavy Blade+1","Armaments+1"],"picked":"SKIP","floor":35.0},{"not_picked":["Inflame+1","Wild Strike","Sword Boomerang+1"],"picked":"SKIP","floor":38.0},{"not_picked":["Reaper","Cleave+1","Searing Blow"],"picked":"SKIP","floor":41.0},{"not_picked":["Pummel","Havoc","Pommel Strike+1"],"picked":"SKIP","floor":42},{"not_picked":["Body Slam+1","Shockwave+1","Shrug It Off+1"],"picked":"SKIP","floor":45},{"not_picked":["Clothesline","Demon Form","Ghostly Armor"],"picked":"SKIP","floor":48}],"player_experience":309047,"relics_obtained":[{"floor":6.0,"key":"MawBank"},{"floor":8.0,"key":"FossilizedHelix"},{"floor":9.0,"key":"Meat on the Bone"},{"floor":10.0,"key":"Juzu Bracelet"},{"floor":11.0,"key":"Odd Mushroom"},{"floor":25.0,"key":"Omamori"},{"floor":26.0,"key":"Kunai"},{"floor":28.0,"key":"Bronze Scales"},{"floor":31.0,"key":"Shovel"},{"floor":31.0,"key":"Blue Candle"},{"floor":32.0,"key":"Sundial"},{"floor":39.0,"key":"Unceasing Top"},{"floor":42,"key":"Whetstone"},{"floor":43,"key":"PreservedInsect"},{"floor":45,"key":"Paper Frog"},{"floor":48,"key":"Mango"}],"event_choices":[{"damage_healed":0.0,"max_hp_gain":0.0,"max_hp_loss":0.0,"gold_gain":0.0,"event_name":"Shining Light","player_choice":"Entered Light","floor":5.0,"gold_loss":0.0,"damage_taken":17.0,"cards_upgraded":["Defend_R","Strike_R"]},{"damage_healed":0.0,"max_hp_gain":0.0,"max_hp_loss":0.0,"gold_gain":0.0,"event_name":"Mushrooms","player_choice":"Fought Mushrooms","floor":11.0,"gold_loss":0.0,"damage_taken":0.0},{"damage_healed":0.0,"max_hp_gain":0.0,"max_hp_loss":0.0,"gold_gain":0.0,"event_name":"Scrap Ooze","player_choice":"Success","floor":13.0,"gold_loss":0.0,"damage_taken":12.0,"relics_obtained":["Pear"]},{"damage_healed":0.0,"max_hp_gain":0.0,"max_hp_loss":0.0,"gold_gain":0.0,"event_name":"Lab","player_choice":"Got Potions","floor":20.0,"gold_loss":0.0,"damage_taken":0.0},{"damage_healed":0.0,"max_hp_gain":0.0,"max_hp_loss":0.0,"gold_gain":99.0,"event_name":"Nest","player_choice":"Stole From Cult","floor":21.0,"gold_loss":0.0,"damage_taken":0.0},{"damage_healed":0.0,"max_hp_gain":0.0,"max_hp_loss":0.0,"gold_gain":0.0,"event_name":"Colosseum","player_choice":"Fight","floor":31.0,"gold_loss":0.0,"damage_taken":0.0},{"damage_healed":0.0,"max_hp_gain":0.0,"max_hp_loss":0.0,"gold_gain":0.0,"event_name":"Colosseum","player_choice":"Fought Nobs","floor":31.0,"gold_loss":0.0,"damage_taken":0.0},{"cards_removed":["Evolve"],"damage_healed":0.0,"max_hp_gain":0.0,"max_hp_loss":0.0,"gold_gain":0.0,"event_name":"Falling","player_choice":"Removed Power","floor":37.0,"gold_loss":0.0,"damage_taken":0.0},{"damage_healed":0.0,"max_hp_gain":0.0,"max_hp_loss":0.0,"gold_gain":0.0,"event_name":"Mysterious Sphere","player_choice":"Fight","floor":39.0,"gold_loss":0.0,"damage_taken":0.0},{"damage_healed":0,"gold_gain":0,"player_choice":"Memory 1","damage_taken":0,"max_hp_gain":0,"max_hp_loss":0,"event_name":"SensoryStone","floor":47,"gold_loss":0}],"is_beta":false,"boss_relics":[{"not_picked":["Tiny House","Ectoplasm"],"picked":"Velvet Choker"},{"not_picked":["Runic Pyramid","Runic Dome"],"picked":"Runic Cube"}],"items_purged_floors":[12,22,36],"is_endless":false,"potions_floor_spawned":[2,4,11,14,16,19,25,31,31,33,38,41,45,48],"ascension_level":4}