{"gold_per_floor":[111,127,140,240,240,240,260,260,260,214,214,225,255,269,269,374,374,387,387,412,91,102,102,133,150,176,202,212,228,253,268,268,372,372,387,36,54,67,67,93,93,118,118,134,145,155,188,188,188,188],"floor_reached":51,"playtime":8349,"items_purged":[],"score":883,"play_id":"1dfe87e2-6369-4249-b78f-ddbb6d44e46f","local_time":"20180727020202","is_ascension_mode":true,"campfire_choices":[{"data":"Blade Dance","floor":6.0,"key":"SMITH"},{"data":"Blade Dance","floor":8.0,"key":"SMITH"},{"floor":15.0,"key":"REST"},{"floor":23.0,"key":"REST"},{"floor":32.0,"key":"REST"},{"floor":41.0,"key":"REST"},{"floor":49,"key":"DIG"}],"neow_cost":"","seed_source_timestamp":687465906625906,"circlet_count":0,"master_deck":["Defend_G","Defend_G","Defend_G+1","Strike_G","Strike_G","Strike_G","Strike_G","Survivor","Neutralize+1","Backflip+1","Blade Dance+1","Cloak And Dagger","Blade Dance+1","Dagger Throw","Adrenaline","Terror","Wraith Form v2","Slice+1","Finisher+1","Phantasmal Killer","Flying Knee+1","Slice+1","Accuracy","Storm of Steel","Acrobatics"],"special_seed":0,"relics":["Ring of the Snake","Thread and Needle","Du-Vu Doll","Black Star","Red Mask","Bottled Lightning","Orichalcum","Regal Pillow","War Paint","Ancient Tea Set","Strawberry","Paper Crane","Pantograph","Sozu","TwistedFunnel","Bag of Preparation","Happy Flower","Shovel","Incense Burner","Pen Nib","Vajra","Juzu Bracelet","Molten Egg 2"],"potions_floor_usage":[48],"damage_taken":[{"damage":0.0,"enemies":"2 Louse","floor":1.0,"turns":3.0},{"damage":1.0,"enemies":"Cultist","floor":2.0,"turns":5.0},{"damage":0.0,"enemies":"Jaw Worm","floor":3.0,"turns":5.0},{"damage":7.0,"enemies":"Exordium Thugs","floor":7.0,"turns":6.0},{"damage":14.0,"enemies":"Gremlin Gang","floor":12.0,"turns":4.0},{"damage":5.0,"enemies":"Gremlin Nob","floor":13.0,"turns":3.0},{"damage":0.0,"enemies":"Large Slime","floor":14.0,"turns":4.0},{"damage":62.0,"enemies":"Hexaghost","floor":16.0,"turns":17.0},{"damage":13.0,"enemies":"Spheric Guardian","floor":18.0,"turns":4.0},{"damage":20.0,"floor":20.0,"turns":7.0},{"damage":0.0,"enemies":"3 Byrds","floor":22.0,"turns":5.0},{"damage":0.0,"enemies":"Slavers","floor":24.0,"turns":8.0},{"damage":2.0,"enemies":"Cultist and Chosen","floor":25.0,"turns":7.0},{"damage":14.0,"enemies":"Book of Stabbing","floor":27.0,"turns":4.0},{"damage":0.0,"enemies":"Snecko","floor":28.0,"turns":3.0},{"damage":5.0,"enemies":"Centurion and Healer","floor":29.0,"turns":5.0},{"damage":20.0,"enemies":"Slavers","floor":30.0,"turns":5.0},{"damage":4.0,"enemies":"Snake Plant","floor":31.0,"turns":3.0},{"damage":31.0,"enemies":"Automaton","floor":33.0,"turns":10.0},{"damage":24.0,"enemies":"3 Shapes","floor":35.0,"turns":3.0},{"damage":0.0,"enemies":"3 Darklings","floor":37.0,"turns":4.0},{"damage":0.0,"enemies":"Sphere and 2 Shapes","floor":38.0,"turns":3.0},{"damage":5.0,"enemies":"Giant Head","floor":40.0,"turns":6.0},{"damage":2.0,"enemies":"2 Orb Walkers","floor":42.0,"turns":4.0},{"damage":0,"enemies":"Flame Bruiser 2 Orb","floor":44,"turns":2},{"damage":0,"enemies":"Spire Growth","floor":45,"turns":2},{"damage":4,"enemies":"3 Darklings","floor":46,"turns":4},{"damage":0,"enemies":"Nemesis","floor":47,"turns":3},{"damage":0,"enemies":"4 Shapes","floor":48,"turns":1},{"damage":3,"enemies":"Donu and Deca","floor":50,"turns":9}],"seed_played":"-1500524210959356274","potions_obtained":[{"floor":2.0,"key":"Poison Potion"},{"floor":12.0,"key":"Dexterity Potion"},{"floor":13.0,"key":"Regen Potion"},{"floor":20.0,"key":"Block Potion"},{"floor":22.0,"key":"GhostInAJar"},{"floor":28.0,"key":"Explosive Potion"},{"floor":29.0,"key":"SkillPotion"},{"floor":30.0,"key":"Block Potion"},{"floor":33.0,"key":"SmokeBomb"}],"is_trial":false,"path_per_floor":["M","M","M","?","?","R","M","R","T","$","?","M","E","M","R","B",null,"M","?","?","$","M","R","E","M","T","E","M","M","E","M","R","B",null,"M","$","M","M","?","E","R","E","T","M","M","M","E","M","R","B"],"character_chosen":"THE_SILENT","items_purchased":["Dagger Throw","Bottled Lightning","GhostInAJar","Accuracy","TwistedFunnel","Storm of Steel"],"campfire_rested":4,"item_purchase_floors":[10,21,21,36,36,36],"current_hp_per_floor":[70,69,69,69,69,69,62,62,62,62,55,41,36,36,57,10,70,57,57,37,37,37,58,58,56,56,49,49,44,24,20,58,46,77,53,53,53,53,53,48,77,75,75,75,75,71,71,71,71,74],"gold":188,"neow_bonus":"","is_prod":false,"is_daily":false,"chose_seed":false,"campfire_upgraded":2,"win_rate":0,"timestamp":1532671322,"path_taken":["M","M","M","?","?","R","M","R","T","$","?","?","E","M","R","BOSS","M","?","?","$","M","R","E","M","T","E","M","M","E","M","R","BOSS","M","$","M","M","?","E","R","E","T","M","M","M","E","M","R","BOSS"],"build_version":"2018-07-26","purchased_purges":0,"victory":true,"max_hp_per_floor":[70,70,70,70,70,70,70,70,70,70,70,70,70,70,70,70,70,70,70,70,70,70,70,70,70,70,77,77,77,77,77,77,77,77,77,77,77,77,77,77,77,77,77,77,77,77,77,77,77,77],"card_choices":[{"not_picked":["PiercingWail","Deadly Poison"],"picked":"Backflip","floor":1.0},{"not_picked":["Calculated Gamble","Reflex"],"picked":"Blade Dance","floor":2.0},{"not_picked":["Finisher","Glass Knife"],"picked":"Cloak And Dagger","floor":3.0},{"not_picked":["Deadly Poison","Cloak And Dagger"],"picked":"Blade Dance","floor":7.0},{"not_picked":["Sucker Punch","Acrobatics","Quick Slash"],"picked":"SKIP","floor":12.0},{"not_picked":["Outmaneuver","Reflex","Cloak And Dagger"],"picked":"SKIP","floor":13.0},{"not_picked":["Poisoned Stab","Riddle With Holes","Underhanded Strike"],"picked":"SKIP","floor":14.0},{"not_picked":["Night Terror","Doppelganger"],"picked":"Adrenaline","floor":16.0},{"not_picked":["PiercingWail+1","Deflect"],"picked":"Terror","floor":18.0},{"not_picked":["Sucker Punch+1","Masterful Stab+1"],"picked":"Slice+1","floor":20.0},{"not_picked":["Deflect+1","PiercingWail"],"picked":"Finisher+1","floor":22.0},{"not_picked":["Endless Agony","Poisoned Stab","Underhanded Strike"],"picked":"SKIP","floor":24.0},{"not_picked":["Outmaneuver+1","Reflex+1","Eviscerate"],"picked":"SKIP","floor":25.0},{"not_picked":["Deadly Poison","Eviscerate","Bane"],"picked":"SKIP","floor":27.0},{"not_picked":["Calculated Gamble","Quick Slash","Deflect"],"picked":"SKIP","floor":28.0},{"not_picked":["Flying Knee+1","Cloak And Dagger+1"],"picked":"Phantasmal Killer","floor":29.0},{"not_picked":["Flechettes","Dash"],"picked":"Flying Knee+1","floor":30.0},{"not_picked":["Flechettes","Deadly Poison"],"picked":"Slice+1","floor":31.0},{"not_picked":["Leg Sweep","Backflip+1","Cloak And Dagger+1"],"picked":"SKIP","floor":35.0},{"not_picked":["Masterful Stab","Terror+1","Slice+1"],"picked":"SKIP","floor":37.0},{"not_picked":["Calculated Gamble","Backflip","Deadly Poison"],"picked":"SKIP","floor":38.0},{"not_picked":["Backstab","Dagger Throw"],"picked":"Acrobatics","floor":40.0},{"not_picked":["Dagger Spray+1","Concentrate+1","Flying Knee+1"],"picked":"SKIP","floor":42.0},{"not_picked":["Blur+1","Quick Slash+1","Reflex+1"],"picked":"SKIP","floor":44},{"not_picked":["Acrobatics","Sucker Punch","Deflect+1"],"picked":"SKIP","floor":45},{"not_picked":["Escape Plan","Tools of the Trade","Catalyst"],"picked":"SKIP","floor":46},{"not_picked":["Deflect","Poisoned Stab+1","Quick Slash+1"],"picked":"SKIP","floor":47}],"player_experience":181158,"relics_obtained":[{"floor":9.0,"key":"Thread and Needle"},{"floor":13.0,"key":"Du-Vu Doll"},{"floor":20.0,"key":"Red Mask"},{"floor":24.0,"key":"Orichalcum"},{"floor":24.0,"key":"Regal Pillow"},{"floor":26.0,"key":"War Paint"},{"floor":27.0,"key":"Ancient Tea Set"},{"floor":27.0,"key":"Strawberry"},{"floor":30.0,"key":"Paper Crane"},{"floor":30.0,"key":"Pantograph"},{"floor":40.0,"key":"Bag of Preparation"},{"floor":40.0,"key":"Happy Flower"},{"floor":42.0,"key":"Shovel"},{"floor":42.0,"key":"Incense Burner"},{"floor":43.0,"key":"Pen Nib"},{"floor":47,"key":"Vajra"},{"floor":47,"key":"Juzu Bracelet"},{"floor":49,"key":"Molten Egg 2"}],"event_choices":[{"event_name":"Golden Shrine","player_choice":"Pray","floor":4.0,"damage_taken":0.0},{"event_name":"Accursed Blacksmith","player_choice":"Forge","floor":5.0,"damage_taken":0.0},{"event_name":"Golden Wing","player_choice":"Card Removal","floor":11.0,"damage_taken":0.0},{"event_name":"Transmorgrifier","player_choice":"Transform","floor":19.0,"damage_taken":0.0},{"event_name":"Masked Bandits","player_choice":"Fought over 387 gold","floor":20.0,"damage_taken":0.0},{"event_name":"Purifier","player_choice":"One Purge","floor":39.0,"damage_taken":0.0}],"is_beta":false,"boss_relics":[{"not_picked":["Runic Dome","Philosopher\u0027s Stone"],"picked":"Black Star"},{"not_picked":["HoveringKite","Runic Pyramid"],"picked":"Sozu"}],"items_purged_floors":[],"is_endless":false,"potions_floor_spawned":[2,12,13,20,22,28,29,30,31,33,38,42,44,46,48],"ascension_level":2}