{"gold_per_floor":[117,117,192,202,218,218,248,248,248,248,267,299,299,17,17,96,96,107,119,119,119,135,135,161,161,185,200,200,216,233,266,266,340,340,359,53,53,53,53,53,65,92,117,163,175,207,245,267,279,291],"floor_reached":50,"playtime":2716,"items_purged":["Defend_G"],"score":1141,"play_id":"9db1175e-a722-4be2-9fc1-02c72247fdeb","local_time":"20180926121443","is_ascension_mode":true,"campfire_choices":[{"data":"Cloak And Dagger","floor":6,"key":"SMITH"},{"data":"Terror","floor":8,"key":"SMITH"},{"data":"After Image","floor":10,"key":"SMITH"},{"data":"Infinite Blades","floor":13,"key":"SMITH"},{"data":"Mind Blast","floor":15,"key":"SMITH"},{"data":"Adrenaline","floor":23,"key":"SMITH"},{"data":"Unload","floor":25,"key":"SMITH"},{"data":"Prepared","floor":28,"key":"SMITH"},{"data":"Footwork","floor":32,"key":"SMITH"},{"data":"Malaise","floor":40,"key":"SMITH"},{"data":"Backflip","floor":45,"key":"SMITH"},{"data":"Bite","floor":49,"key":"SMITH"}],"neow_cost":"NONE","seed_source_timestamp":399273812406461,"circlet_count":0,"master_deck":["Defend_G","Defend_G","Defend_G","Defend_G","Survivor","Neutralize","AscendersBane","Sucker Punch+1","Terror+1","Cloak And Dagger+1","After Image+1","Infinite Blades+1","Mind Blast+1","Unload+1","Backstab+1","Bite+1","Bite","Bite","Bite","Bite","Adrenaline+1","Endless Agony","Footwork+1","Malaise+1","Heel Hook","Backflip+1","Blind","Good Instincts","Secret Technique","Cloak And Dagger+1","Blur+1","Backstab+1","Escape Plan"],"relics":["Ring of the Serpent","Boot","Gambling Chip","Prayer Wheel","Art of War","Centennial Puzzle","Sozu","MutagenicStrength","Thread and Needle","Oddly Smooth Stone","Sundial","Omamori","Potion Belt","MawBank","Regal Pillow","PreservedInsect"],"potions_floor_usage":[12,22,24],"damage_taken":[{"damage":1,"enemies":"Cultist","floor":1,"turns":5},{"damage":3,"enemies":"2 Louse","floor":4,"turns":4},{"damage":0,"enemies":"Small Slimes","floor":5,"turns":3},{"damage":11,"enemies":"Gremlin Nob","floor":7,"turns":4},{"damage":0,"enemies":"2 Fungi Beasts","floor":11,"turns":3},{"damage":0,"enemies":"Lagavulin","floor":12,"turns":6},{"damage":11,"enemies":"Hexaghost","floor":16,"turns":12},{"damage":8,"enemies":"3 Byrds","floor":18,"turns":5},{"damage":3,"enemies":"Shell Parasite","floor":19,"turns":4},{"damage":5,"enemies":"Snake Plant","floor":22,"turns":3},{"damage":19,"enemies":"Gremlin Leader","floor":24,"turns":8},{"damage":10,"enemies":"Cultist and Chosen","floor":27,"turns":7},{"damage":0,"enemies":"Snecko","floor":29,"turns":4},{"damage":7,"enemies":"Shelled Parasite and Fungi","floor":30,"turns":3},{"damage":11,"enemies":"Slavers","floor":31,"turns":4},{"damage":37,"enemies":"Automaton","floor":33,"turns":14},{"damage":6,"enemies":"3 Darklings","floor":35,"turns":9},{"damage":9,"enemies":"3 Shapes","floor":41,"turns":2},{"damage":5,"enemies":"2 Orb Walkers","floor":42,"turns":5},{"damage":1,"enemies":"Nemesis","floor":44,"turns":5},{"damage":0,"enemies":"Transient","floor":46,"turns":6},{"damage":15,"enemies":"2 Orb Walkers","floor":47,"turns":5},{"damage":12,"enemies":"3 Darklings","floor":48,"turns":4},{"damage":83,"enemies":"Time Eater","floor":50,"turns":16}],"seed_played":"4070527546822918238","potions_obtained":[{"floor":1,"key":"GhostInAJar"},{"floor":5,"key":"Ancient Potion"},{"floor":7,"key":"PowerPotion"},{"floor":16,"key":"Energy Potion"}],"is_trial":false,"path_per_floor":["M","?","?","M","M","R","E","R","T","R","M","E","R","$","R","B",null,"M","M","?","?","M","R","E","R","T","M","R","M","M","E","R","B",null,"M","$","?","$","?","R","M","E","T","E","R","M","E","M","R"],"character_chosen":"THE_SILENT","items_purchased":["Mind Blast","Centennial Puzzle","Omamori","Backflip"],"campfire_rested":0,"item_purchase_floors":[14,14,36,36],"current_hp_per_floor":[58,58,47,44,44,44,33,33,33,33,33,33,33,33,33,22,55,47,44,44,44,46,46,46,46,46,38,38,44,45,43,43,33,43,46,46,46,46,36,36,33,36,36,45,45,46,39,33,33,0],"gold":291,"neow_bonus":"RANDOM_COMMON_RELIC","is_prod":false,"is_daily":false,"chose_seed":false,"campfire_upgraded":12,"win_rate":0,"timestamp":1537956883,"path_taken":["M","?","?","M","M","R","E","R","T","R","M","E","R","$","R","BOSS","M","M","?","?","M","R","E","R","T","?","R","M","M","E","R","BOSS","M","$","?","?","?","R","M","E","T","E","R","?","E","M","R","BOSS"],"build_version":"2018-09-20","purchased_purges":1,"victory":false,"max_hp_per_floor":[66,66,66,66,66,66,66,66,66,66,66,66,66,66,66,66,66,66,66,46,46,46,46,46,46,46,46,46,46,46,46,46,46,46,46,46,46,46,46,46,46,46,46,46,46,46,46,46,46,46],"card_choices":[{"not_picked":["Underhanded Strike","Bane"],"picked":"Sucker Punch","floor":1},{"not_picked":["Heel Hook","Deflect"],"picked":"Terror","floor":4},{"not_picked":["Flying Knee","Distraction"],"picked":"Cloak And Dagger","floor":5},{"not_picked":["Dash","Cloak And Dagger"],"picked":"After Image","floor":7},{"not_picked":["Malaise","Outmaneuver"],"picked":"Infinite Blades","floor":11},{"not_picked":["Deadly Poison","Poisoned Stab","PiercingWail"],"picked":"SKIP","floor":11},{"not_picked":["Flying Knee","Outmaneuver"],"picked":"Prepared","floor":12},{"not_picked":["Grand Finale","Doppelganger"],"picked":"Unload","floor":16},{"not_picked":["Prepared","PiercingWail","Quick Slash+1"],"picked":"SKIP","floor":18},{"not_picked":["Bouncing Flask","Acrobatics","Deadly Poison"],"picked":"SKIP","floor":18},{"not_picked":["Bane","Dagger Throw"],"picked":"Backstab+1","floor":19},{"not_picked":["Underhanded Strike","Prepared","Deadly Poison"],"picked":"SKIP","floor":19},{"not_picked":["Bane","Tactician"],"picked":"Adrenaline","floor":22},{"not_picked":["Terror+1","Accuracy","Flying Knee"],"picked":"SKIP","floor":22},{"not_picked":["Prepared","Dagger Throw"],"picked":"Endless Agony","floor":24},{"not_picked":["Poisoned Stab","Acrobatics","Slice"],"picked":"SKIP","floor":27},{"not_picked":["Infinite Blades","PiercingWail","Backflip"],"picked":"SKIP","floor":27},{"not_picked":["PiercingWail","Sucker Punch+1"],"picked":"Footwork","floor":29},{"not_picked":["All Out Attack","Predator","Blade Dance"],"picked":"SKIP","floor":29},{"not_picked":["Predator","Bane+1","Flying Knee"],"picked":"SKIP","floor":30},{"not_picked":["Reflex+1","Burst","Outmaneuver"],"picked":"SKIP","floor":30},{"not_picked":["Prepared","Masterful Stab","Storm of Steel"],"picked":"SKIP","floor":31},{"not_picked":["Bullet Time","Burst"],"picked":"Malaise","floor":33},{"not_picked":["Dodge and Roll","Bane"],"picked":"Heel Hook","floor":35},{"not_picked":["All Out Attack","Tactician","Sucker Punch"],"picked":"SKIP","floor":35},{"not_picked":["Madness","Purity"],"picked":"Blind","floor":39},{"not_picked":["Dark Shackles","Purity"],"picked":"Good Instincts","floor":39},{"not_picked":["Thinking Ahead","Purity"],"picked":"Secret Technique","floor":39},{"not_picked":["Backflip","Crippling Poison"],"picked":"Cloak And Dagger+1","floor":41},{"not_picked":["Blur","Slice","Flechettes+1"],"picked":"SKIP","floor":41},{"not_picked":["Eviscerate+1","Deadly Poison+1","Deflect"],"picked":"SKIP","floor":42},{"not_picked":["Concentrate","Wraith Form v2"],"picked":"Blur+1","floor":44},{"not_picked":["Dodge and Roll","Calculated Gamble","Caltrops"],"picked":"SKIP","floor":46},{"not_picked":["Dagger Throw","Crippling Poison","Endless Agony"],"picked":"SKIP","floor":46},{"not_picked":["Deadly Poison","Finisher+1"],"picked":"Backstab+1","floor":47},{"not_picked":["Dodge and Roll","Flying Knee+1"],"picked":"Escape Plan","floor":48},{"not_picked":["Cloak And Dagger","Footwork","Setup"],"picked":"SKIP","floor":48}],"player_experience":761841,"relics_obtained":[{"floor":7,"key":"Gambling Chip"},{"floor":9,"key":"Prayer Wheel"},{"floor":12,"key":"Art of War"},{"floor":24,"key":"Thread and Needle"},{"floor":26,"key":"Oddly Smooth Stone"},{"floor":31,"key":"Sundial"},{"floor":42,"key":"Potion Belt"},{"floor":43,"key":"MawBank"},{"floor":44,"key":"Regal Pillow"},{"floor":47,"key":"PreservedInsect"}],"event_choices":[{"event_name":"Upgrade Shrine","player_choice":"Upgraded","floor":2,"damage_taken":0},{"event_name":"World of Goop","player_choice":"Gather Gold","floor":3,"damage_taken":0},{"event_name":"Vampires","player_choice":"Became a vampire","floor":20,"damage_taken":0},{"event_name":"Drug Dealer","player_choice":"Inject Mutagens","floor":21,"damage_taken":0},{"event_name":"Falling","player_choice":"Removed Skill","floor":37,"damage_taken":0},{"event_name":"SensoryStone","player_choice":"Memory 3","floor":39,"damage_taken":0}],"is_beta":false,"boss_relics":[{"not_picked":["Fusion Hammer","Calling Bell"],"picked":"Sozu"},{"not_picked":["Snecko Eye","Philosopher\u0027s Stone"],"picked":"Ring of the Serpent"}],"items_purged_floors":[36],"is_endless":false,"potions_floor_spawned":[1,5,7,16,22,24,27,31,35,41],"killed_by":"Time Eater","ascension_level":17}