{"gold_per_floor":[114,114,114,214,229,229,254,254,254,301,312,325,343,356,356,457,457,472,422,434,467,467,467,467],"floor_reached":24,"playtime":1206,"items_purged":[],"score":248,"play_id":"c41d4b21-63e9-43ab-9711-8f7f04dbd2a6","local_time":"20180716135817","is_ascension_mode":false,"campfire_choices":[{"data":"Zap","floor":6,"key":"SMITH"},{"floor":8,"key":"REST"},{"floor":15,"key":"REST"},{"floor":23,"key":"REST"}],"neow_cost":"NONE","seed_source_timestamp":154461789274925,"circlet_count":0,"master_deck":["Strike_B+1","Strike_B","Strike_B+1","Defend_B","Defend_B","Defend_B","Zap+1","Dualcast","Beam Cell","Regret","Aggregate","Ball Lightning","All For One","Redo","Hologram","Rainbow","Electrodynamics","Self Repair+1","Gash","Redo"],"relics":["Cracked Core","Mercury Hourglass","Whetstone","Dodecahedron","Pen Nib","Black Star","Red Mask"],"potions_floor_usage":[16,16,22],"damage_taken":[{"damage":1,"enemies":"Small Slimes","floor":1,"turns":3},{"damage":11,"enemies":"Jaw Worm","floor":5,"turns":2},{"damage":28,"enemies":"Lagavulin","floor":7,"turns":5},{"damage":6,"enemies":"2 Louse","floor":11,"turns":2},{"damage":10,"enemies":"Blue Slaver","floor":12,"turns":3},{"damage":8,"enemies":"Large Slime","floor":13,"turns":2},{"damage":19,"enemies":"Exordium Wildlife","floor":14,"turns":3},{"damage":5,"enemies":"Hexaghost","floor":16,"turns":6},{"damage":16,"enemies":"3 Byrds","floor":18,"turns":3},{"damage":8,"enemies":"Chosen","floor":20,"turns":4},{"damage":42,"floor":21,"turns":4},{"damage":0,"enemies":"Centurion and Healer","floor":22,"turns":1},{"damage":43,"enemies":"Slavers","floor":24,"turns":3}],"seed_played":"2766898854590182286","potions_obtained":[{"floor":11,"key":"LiquidBronze"},{"floor":12,"key":"SmokeBomb"},{"floor":14,"key":"Weak Potion"},{"floor":18,"key":"SpeedPotion"},{"floor":21,"key":"Dexterity Potion"}],"is_trial":false,"path_per_floor":["M","?","?","?","M","R","E","R","T","T","M","M","M","M","R","B",null,"M","?","M","?","M","R"],"character_chosen":"DEFECT","items_purchased":[],"campfire_rested":3,"item_purchase_floors":[],"current_hp_per_floor":[74,74,74,74,63,63,35,57,57,57,51,41,33,14,36,31,75,59,59,51,19,19,41,0],"gold":467,"neow_bonus":"REMOVE_CARD","is_prod":false,"is_daily":false,"chose_seed":false,"campfire_upgraded":1,"win_rate":0.0,"timestamp":1531763897,"path_taken":["M","?","?","?","M","R","E","R","T","?","?","M","M","M","R","BOSS","M","?","?","?","M","R","E"],"build_version":"2018-07-12","purchased_purges":0,"victory":false,"max_hp_per_floor":[75,75,75,75,75,75,75,75,75,75,75,75,75,75,75,75,75,75,75,75,75,75,75,75],"card_choices":[{"not_picked":["Barrage","Compile Driver"],"picked":"Beam Cell","floor":1},{"not_picked":["Stack","Force Field"],"picked":"Ball Lightning","floor":5},{"not_picked":["Stack","Conserve Battery","Leap"],"picked":"SKIP","floor":7},{"not_picked":["Consume","Go for the Eyes"],"picked":"All For One","floor":11},{"not_picked":["Sweeping Beam","Steam"],"picked":"Redo","floor":12},{"not_picked":["Beam Cell","Conserve Battery"],"picked":"Hologram","floor":13},{"not_picked":["Barrage","Leap"],"picked":"Rainbow","floor":14},{"not_picked":["Rainbow","Reboot"],"picked":"Electrodynamics","floor":16},{"not_picked":["Rebound","Capacitor"],"picked":"Self Repair+1","floor":18},{"not_picked":["Stack+1","Redo"],"picked":"Gash","floor":20},{"not_picked":["Consume","Defragment"],"picked":"Redo","floor":21}],"player_experience":41819,"relics_obtained":[{"floor":7,"key":"Whetstone"},{"floor":9,"key":"Dodecahedron"},{"floor":10,"key":"Pen Nib"},{"floor":21,"key":"Red Mask"}],"event_choices":[{"event_name":"Big Fish","player_choice":"Box","floor":2,"damage_taken":0},{"event_name":"Living Wall","player_choice":"Change","floor":3,"damage_taken":0},{"event_name":"Golden Shrine","player_choice":"Pray","floor":4,"damage_taken":0},{"event_name":"The Joust","player_choice":"Bet on Murderer","floor":19,"damage_taken":0},{"event_name":"Masked Bandits","player_choice":"Fought over 434 gold","floor":21,"damage_taken":0}],"boss_relics":[{"not_picked":["Sozu","Empty Cage"],"picked":"Black Star"}],"items_purged_floors":[],"is_endless":false,"potions_floor_spawned":[11,12,14,18,21],"killed_by":"Slavers","ascension_level":0}