{"gold_per_floor":[117,117,117,132,151,151,176,176,176,176,188,220,250,262,262,363,363,376,376,392,144,244,244],"floor_reached":23,"playtime":2191,"items_purged":[],"score":219,"play_id":"78002e96-2f38-419d-9f28-9c4ac3c76095","local_time":"20190202145926","is_ascension_mode":true,"campfire_choices":[{"data":"Pummel","floor":6,"key":"SMITH"},{"floor":8,"key":"REST"},{"floor":15,"key":"REST"}],"neow_cost":"NONE","seed_source_timestamp":1970096684332081,"circlet_count":0,"master_deck":["Strike_R","Strike_R","Strike_R","Strike_R","Strike_R","Defend_R+1","Defend_R","Defend_R","Defend_R","Bash+1","Cleave","Flex","Pummel+1","Pummel","Flex","Perfected Strike","Pommel Strike+1"],"relics":["Burning Blood","Thread and Needle","Paper Frog","Girya","Boot","Dodecahedron","Velvet Choker","Enchiridion","Shuriken","Unceasing Top","Darkstone Periapt"],"potions_floor_usage":[16,16,22,22,22],"damage_taken":[{"damage":7,"enemies":"Jaw Worm","floor":1,"turns":3},{"damage":5,"enemies":"2 Louse","floor":4,"turns":2},{"damage":7,"enemies":"Small Slimes","floor":5,"turns":3},{"damage":36,"enemies":"3 Sentries","floor":7,"turns":9},{"damage":1,"enemies":"Blue Slaver","floor":11,"turns":3},{"damage":21,"enemies":"Gremlin Nob","floor":12,"turns":4},{"damage":0,"enemies":"Large Slime","floor":14,"turns":3},{"damage":49,"enemies":"Hexaghost","floor":16,"turns":8},{"damage":0,"enemies":"Chosen","floor":18,"turns":3},{"damage":16,"enemies":"3 Byrds","floor":20,"turns":3},{"damage":29,"enemies":"Colosseum Slavers","floor":22,"turns":3},{"damage":22,"enemies":"Colosseum Nobs","floor":22,"turns":4},{"damage":26,"enemies":"Book of Stabbing","floor":23,"turns":4}],"seed_played":"-9164749336648695502","potions_obtained":[{"floor":4,"key":"SkillPotion"},{"floor":11,"key":"LiquidBronze"},{"floor":12,"key":"SpeedPotion"},{"floor":16,"key":"Strength Potion"},{"floor":18,"key":"BloodPotion"}],"is_trial":false,"path_per_floor":["M","?","?","M","M","R","E","R","T","?","M","E","?","M","R","B",null,"M","?","M","$","?","E"],"character_chosen":"IRONCLAD","items_purchased":["Shuriken"],"campfire_rested":2,"item_purchase_floors":[21],"current_hp_per_floor":[79,79,63,64,63,63,33,57,57,54,59,44,44,50,74,31,80,80,64,54,54,23,0],"gold":244,"neow_bonus":"THREE_CARDS","is_prod":false,"is_daily":false,"chose_seed":false,"campfire_upgraded":1,"win_rate":0,"timestamp":1549079966,"path_taken":["M","?","?","M","M","R","E","R","T","?","M","E","?","M","R","BOSS","M","?","M","$","?","E"],"build_version":"2019-01-23","purchased_purges":0,"victory":false,"max_hp_per_floor":[80,80,80,80,80,80,80,80,80,80,80,80,80,80,80,80,80,80,80,80,80,80,80],"card_choices":[{"not_picked":["Shrug It Off","Corruption"],"picked":"Cleave","floor":0},{"not_picked":["Body Slam","Combust"],"picked":"Flex","floor":1},{"not_picked":["Cleave","Twin Strike","Corruption"],"picked":"SKIP","floor":4},{"not_picked":["Uppercut","Thunderclap"],"picked":"Pummel","floor":5},{"not_picked":["Sword Boomerang","Bludgeon","Corruption"],"picked":"SKIP","floor":7},{"not_picked":["Clash","Corruption","Wild Strike"],"picked":"SKIP","floor":11},{"not_picked":["Combust","Twin Strike"],"picked":"Pummel","floor":12},{"not_picked":["Headbutt","Intimidate"],"picked":"Flex","floor":14},{"not_picked":["Sever Soul","Warcry","True Grit+1"],"picked":"SKIP","floor":18},{"not_picked":["Shockwave","Havoc+1"],"picked":"Perfected Strike","floor":20},{"not_picked":["True Grit","Cleave"],"picked":"Pommel Strike+1","floor":22}],"player_experience":124111,"relics_obtained":[{"floor":7,"key":"Thread and Needle"},{"floor":9,"key":"Paper Frog"},{"floor":12,"key":"Boot"},{"floor":19,"key":"Enchiridion"},{"floor":22,"key":"Unceasing Top"},{"floor":22,"key":"Darkstone Periapt"}],"event_choices":[{"damage_healed":0,"gold_gain":0,"player_choice":"Leave","damage_taken":0,"max_hp_gain":0,"max_hp_loss":0,"event_name":"The Cleric","floor":2,"gold_loss":0},{"damage_healed":0,"gold_gain":0,"player_choice":"Entered Light","damage_taken":16,"max_hp_gain":0,"max_hp_loss":0,"event_name":"Shining Light","floor":3,"gold_loss":0,"cards_upgraded":["Bash","Defend_R"]},{"damage_healed":0,"gold_gain":0,"player_choice":"Success","damage_taken":3,"relics_obtained":["Girya"],"max_hp_gain":0,"max_hp_loss":0,"event_name":"Scrap Ooze","floor":10,"gold_loss":0},{"damage_healed":0,"gold_gain":30,"player_choice":"Searched \u00272\u0027 times","damage_taken":0,"relics_obtained":["Dodecahedron"],"max_hp_gain":0,"max_hp_loss":0,"event_name":"Dead Adventurer","floor":13,"gold_loss":0},{"damage_healed":0,"gold_gain":0,"player_choice":"Obtained Book","damage_taken":16,"max_hp_gain":0,"max_hp_loss":0,"event_name":"Cursed Tome","floor":19,"gold_loss":0},{"damage_healed":0,"gold_gain":0,"player_choice":"Fight","damage_taken":0,"max_hp_gain":0,"max_hp_loss":0,"event_name":"Colosseum","floor":22,"gold_loss":0},{"damage_healed":0,"gold_gain":0,"player_choice":"Fought Nobs","damage_taken":0,"max_hp_gain":0,"max_hp_loss":0,"event_name":"Colosseum","floor":22,"gold_loss":0}],"is_beta":false,"boss_relics":[{"not_picked":["Cursed Key","White Beast Statue"],"picked":"Velvet Choker"}],"items_purged_floors":[],"is_endless":false,"potions_floor_spawned":[4,11,12,16,18,20,22],"killed_by":"Book of Stabbing","ascension_level":2}