{"gold_per_floor":[111,128,143,68,81,81,110,110,110,124,199,199,42,62,62,167,167,185,185,185,197,197],"floor_reached":22,"playtime":1906,"items_purged":["Parasite"],"score":295,"play_id":"20ccd376-192d-4f5a-8750-22c02cf9d5d4","local_time":"20190131020428","is_ascension_mode":true,"campfire_choices":[{"data":"Gash","floor":6.0,"key":"SMITH"},{"floor":8.0,"key":"REST"},{"floor":12.0,"key":"REST"},{"floor":15.0,"key":"REST"}],"neow_cost":"CURSE","seed_source_timestamp":278297491705385,"circlet_count":0,"master_deck":["Defend_B","Defend_B","Defend_B","Zap","Dualcast","Rebound","Reinforced Body","Turbo","Gash+1","Coolheaded","Conserve Battery","Coolheaded","Gash","Seek","Seek+1","Force Field+1","Reprogram+1","Defragment","Rebound"],"special_seed":0,"relics":["Cracked Core","Ornamental Fan","Bottled Lightning","Lantern","Astrolabe"],"potions_floor_usage":[],"damage_taken":[{"damage":7.0,"enemies":"Jaw Worm","floor":1.0,"turns":4.0},{"damage":0.0,"enemies":"Small Slimes","floor":2.0,"turns":3.0},{"damage":0.0,"enemies":"Cultist","floor":3.0,"turns":3.0},{"damage":25.0,"enemies":"Exordium Thugs","floor":5.0,"turns":5.0},{"damage":33.0,"enemies":"Gremlin Nob","floor":7.0,"turns":4.0},{"damage":6.0,"enemies":"Exordium Wildlife","floor":10.0,"turns":5.0},{"damage":2.0,"enemies":"Blue Slaver","floor":14.0,"turns":3.0},{"damage":0.0,"enemies":"The Guardian","floor":16.0,"turns":12.0},{"damage":9.0,"enemies":"Chosen","floor":18.0,"turns":5.0},{"damage":8.0,"enemies":"Shell Parasite","floor":21.0,"turns":6.0},{"damage":58,"enemies":"Cultist and Chosen","floor":22,"turns":4}],"seed_played":"-2017276531583331702","potions_obtained":[{"floor":2.0,"key":"FocusPotion"},{"floor":7.0,"key":"Dexterity Potion"},{"floor":18.0,"key":"Fire Potion"},{"floor":20.0,"key":"EntropicBrew"},{"floor":20.0,"key":"Explosive Potion"}],"is_trial":false,"path_per_floor":["M","M","M","$","M","R","E","R","T","M","?","R","$","M","R","B",null,"M","?","?","M","M"],"character_chosen":"DEFECT","items_purchased":["Lantern"],"campfire_rested":3,"item_purchase_floors":[13],"current_hp_per_floor":[68,68,68,68,43,43,10,31,31,25,14,35,35,33,54,54,68,59,59,59,51,0],"gold":197,"neow_bonus":"TRANSFORM_TWO_CARDS","is_prod":false,"is_daily":false,"chose_seed":false,"campfire_upgraded":1,"win_rate":0,"timestamp":1548918268,"path_taken":["M","M","M","$","M","R","E","R","T","M","?","R","$","M","R","BOSS","M","?","?","?","M"],"build_version":"2019-01-23","purchased_purges":1,"victory":false,"max_hp_per_floor":[75,75,75,72,72,72,72,72,72,72,72,72,72,72,72,72,72,72,72,72,72,72],"card_choices":[{"not_picked":["Beam Cell","Redo"],"picked":"Turbo","floor":1.0},{"not_picked":["Darkness","Redo"],"picked":"Gash","floor":2.0},{"not_picked":["Compile Driver","Cold Snap"],"picked":"Coolheaded","floor":3.0},{"not_picked":["Rebound","Stack"],"picked":"Conserve Battery","floor":5.0},{"not_picked":["Compile Driver","Fusion"],"picked":"Coolheaded","floor":7.0},{"not_picked":["Reprogram","Double Energy"],"picked":"Gash","floor":10.0},{"not_picked":["Ball Lightning","Auto Shields","Tempest"],"picked":"SKIP","floor":14.0},{"not_picked":["Multi-Cast","Core Surge"],"picked":"Seek","floor":16.0},{"not_picked":["Redo","Storm+1"],"picked":"Defragment","floor":18.0},{"not_picked":["Turbo","Darkness+1"],"picked":"Rebound","floor":21.0}],"player_experience":347439,"relics_obtained":[{"floor":7.0,"key":"Ornamental Fan"},{"floor":9.0,"key":"Bottled Lightning"}],"event_choices":[{"damage_healed":0.0,"max_hp_gain":0.0,"max_hp_loss":0.0,"gold_gain":75.0,"event_name":"World of Goop","player_choice":"Gather Gold","floor":11.0,"gold_loss":0.0,"damage_taken":11.0},{"damage_healed":0.0,"max_hp_gain":0.0,"max_hp_loss":0.0,"gold_gain":0.0,"event_name":"Vampires","player_choice":"Ignored","floor":19.0,"gold_loss":0.0,"damage_taken":0.0},{"damage_healed":0.0,"max_hp_gain":0.0,"max_hp_loss":0.0,"gold_gain":0.0,"event_name":"Lab","player_choice":"Got Potions","floor":20.0,"gold_loss":0.0,"damage_taken":0.0}],"is_beta":false,"boss_relics":[{"not_picked":["Lizard Tail","Pandora\u0027s Box"],"picked":"Astrolabe"}],"items_purged_floors":[4],"is_endless":false,"potions_floor_spawned":[2,7,18],"killed_by":"Cultist and Chosen","ascension_level":5}