{"gold_per_floor":[119,119,131,142,152,152,77,77,100,0,16,16,31,45,45,149,149,161,161,84,96,11,11,27,27,57,57,72,85,85,85],"floor_reached":31,"playtime":884,"items_purged":["Defend_B","Strike_B"],"score":229,"play_id":"80e8d061-d804-49cf-a759-ecc5faebcab6","local_time":"20180717210018","is_ascension_mode":false,"campfire_choices":[{"data":"Defragment","floor":6,"key":"SMITH"},{"data":"Dualcast","floor":8,"key":"SMITH"},{"data":"Cold Snap","floor":12,"key":"SMITH"},{"data":"Fusion","floor":15,"key":"SMITH"},{"data":"Zap","floor":23,"key":"SMITH"},{"data":"Cold Snap","floor":25,"key":"SMITH"},{"data":"Sweeping Beam","floor":27,"key":"SMITH"}],"neow_cost":"NONE","seed_source_timestamp":266502482066035,"circlet_count":0,"master_deck":["Strike_B","Strike_B","Defend_B","Defend_B","Defend_B","Zap+1","Dualcast+1","Rebound","Defragment+1","Cold Snap+1","Fusion+1","Cold Snap","Electrodynamics","Sweeping Beam+1","Rebound","Zap+1","J.A.X.","Cold Snap+1","Go for the Eyes"],"relics":["Cracked Core","Vajra","Nuclear Battery","Centennial Puzzle","Tiny Chest"],"potions_floor_usage":[5,13,31,31,31],"damage_taken":[{"damage":0,"enemies":"Jaw Worm","floor":1,"turns":4},{"damage":0,"enemies":"Small Slimes","floor":3,"turns":3},{"damage":1,"enemies":"Cultist","floor":4,"turns":3},{"damage":5,"enemies":"Lots of Slimes","floor":5,"turns":2},{"damage":13,"enemies":"Red Slaver","floor":11,"turns":3},{"damage":13,"enemies":"Gremlin Gang","floor":13,"turns":4},{"damage":11,"enemies":"Large Slime","floor":14,"turns":5},{"damage":15,"enemies":"Slime Boss","floor":16,"turns":11},{"damage":3,"enemies":"Chosen","floor":18,"turns":3},{"damage":13,"enemies":"Shell Parasite","floor":21,"turns":4},{"damage":14,"enemies":"Snake Plant","floor":24,"turns":3},{"damage":13,"enemies":"Cultist and Chosen","floor":28,"turns":3},{"damage":18,"enemies":"Snecko","floor":29,"turns":4},{"damage":17,"enemies":"Centurion and Healer","floor":31,"turns":1}],"seed_played":"4015918218153234403","potions_obtained":[{"floor":3,"key":"Weak Potion"},{"floor":4,"key":"Explosive Potion"},{"floor":5,"key":"Regen Potion"},{"floor":16,"key":"PowerPotion"},{"floor":21,"key":"FearPotion"},{"floor":29,"key":"Energy Potion"}],"is_trial":false,"path_per_floor":["M","?","M","M","M","R","$","R","T","$","M","R","M","M","R","B",null,"M","?","?","M","?","R","M","R","T","R","M","M","$"],"character_chosen":"DEFECT","items_purchased":[],"campfire_rested":0,"item_purchase_floors":[],"current_hp_per_floor":[75,75,75,74,69,69,69,69,69,69,56,56,55,44,44,29,75,72,72,72,59,59,59,45,45,45,45,32,14,14,0],"gold":85,"neow_bonus":"UPGRADE_CARD","is_prod":false,"is_daily":false,"chose_seed":false,"campfire_upgraded":7,"win_rate":0,"timestamp":1531875618,"path_taken":["M","?","M","M","M","R","$","R","T","$","?","R","M","M","R","BOSS","M","?","?","?","?","R","M","R","T","R","M","M","$","M"],"build_version":"2018-07-12","purchased_purges":2,"victory":false,"max_hp_per_floor":[75,75,75,75,75,75,75,75,75,75,75,75,75,75,75,75,75,75,75,75,75,75,75,75,75,75,75,75,75,75,75],"card_choices":[{"not_picked":["Stack","Reprogram","Rip and Tear"],"picked":"SKIP","floor":1},{"not_picked":["Beam Cell","Force Field"],"picked":"Rebound","floor":3},{"not_picked":["Stack","Leap","Barrage"],"picked":"SKIP","floor":4},{"not_picked":["Stack","Steam"],"picked":"Defragment","floor":5},{"not_picked":["Compile Driver","Gash"],"picked":"Cold Snap","floor":11},{"not_picked":["Sunder","Gash"],"picked":"Fusion","floor":13},{"not_picked":["Conserve Battery","Melter"],"picked":"Cold Snap","floor":14},{"not_picked":["Hyperbeam","Machine Learning"],"picked":"Electrodynamics","floor":16},{"not_picked":["Conserve Battery","FTL"],"picked":"Sweeping Beam","floor":18},{"not_picked":["Sweeping Beam","Reinforced Body+1","Tempest+1"],"picked":"SKIP","floor":21},{"not_picked":["Loop","FTL"],"picked":"Cold Snap","floor":24},{"not_picked":["Conserve Battery","Hello World","Aggregate+1"],"picked":"SKIP","floor":28},{"not_picked":["Stack+1","Hello World+1"],"picked":"Go for the Eyes","floor":29}],"player_experience":100453,"relics_obtained":[{"floor":9,"key":"Vajra"},{"floor":26,"key":"Tiny Chest"}],"event_choices":[{"event_name":"Living Wall","player_choice":"Forget","floor":2,"damage_taken":0},{"event_name":"Match and Keep!","player_choice":"2 cards matched","floor":19,"damage_taken":0},{"event_name":"Drug Dealer","player_choice":"Got JAXXED","floor":20,"damage_taken":0},{"event_name":"Addict","player_choice":"Obtained Relic","floor":22,"damage_taken":0}],"boss_relics":[{"not_picked":["Sozu","FrozenCore"],"picked":"Nuclear Battery"}],"items_purged_floors":[7,10],"is_endless":false,"potions_floor_spawned":[3,4,5,16,21,29],"killed_by":"Centurion and Healer","ascension_level":0}