{"gold_per_floor":[20,20,20,31,106,141,141,141,141,175,175,193,22,42,42,145,145,160,31,31,131,131,131,11,11,36,54,54,54,73,88,88,190,190,202,221,221,221,238,238,272,282,356,356,356,373,383,20,20,20],"floor_reached":51,"playtime":4725,"items_purged":["Strike_B","Writhe","Writhe"],"score":975,"play_id":"ad2f4451-20d4-4784-a7cf-796030c21276","local_time":"20190306215236","is_ascension_mode":true,"campfire_choices":[{"floor":7.0,"key":"REST"},{"floor":11.0,"key":"REST"},{"data":"Go for the Eyes","floor":15.0,"key":"SMITH"},{"data":"Decay","floor":23.0,"key":"PURGE"},{"floor":29.0,"key":"REST"},{"data":"Blizzard","floor":32.0,"key":"SMITH"},{"floor":40.0,"key":"REST"},{"data":"Defragment","floor":49.0,"key":"SMITH"}],"neow_cost":"NO_GOLD","seed_source_timestamp":1726061141324527,"circlet_count":0,"master_deck":["AscendersBane","Strike_B","Defend_B","Defend_B","Defend_B","Defend_B+1","Zap","Dualcast","Beam Cell","Blizzard+1","Go for the Eyes+1","Streamline","Beam Cell","Auto Shields","Cold Snap","FTL","Leap+1","Core Surge","Defragment+1","Cold Snap","Self Repair","Chill","Chill+1","Coolheaded","Rebound","Sweeping Beam","Coolheaded+1","Secret Technique","Steam","Steam Power+1","White Noise+1"],"special_seed":0,"relics":["FrozenCore","Nunchaku","PreservedInsect","Bronze Scales","Oddly Smooth Stone","Smiling Mask","Peace Pipe","Symbiotic Virus","Happy Flower","Sozu","Dream Catcher","Pen Nib","Pear","War Paint","Art of War"],"potions_floor_usage":[],"damage_taken":[{"damage":7.0,"enemies":"Small Slimes","floor":1.0,"turns":3.0},{"damage":7.0,"enemies":"2 Louse","floor":4.0,"turns":2.0},{"damage":35.0,"enemies":"Lagavulin","floor":6.0,"turns":6.0},{"damage":17.0,"enemies":"Gremlin Nob","floor":10.0,"turns":4.0},{"damage":12.0,"enemies":"Jaw Worm","floor":12.0,"turns":2.0},{"damage":2.0,"enemies":"Looter","floor":14.0,"turns":3.0},{"damage":10.0,"enemies":"Hexaghost","floor":16.0,"turns":10.0},{"damage":0.0,"enemies":"Shell Parasite","floor":18.0,"turns":6.0},{"damage":15.0,"enemies":"Colosseum Slavers","floor":21.0,"turns":4.0},{"damage":23.0,"enemies":"Colosseum Nobs","floor":21.0,"turns":6.0},{"damage":0.0,"enemies":"3 Byrds","floor":27.0,"turns":3.0},{"damage":4.0,"enemies":"Centurion and Healer","floor":30.0,"turns":6.0},{"damage":5.0,"enemies":"3 Cultists","floor":31.0,"turns":6.0},{"damage":52.0,"enemies":"Collector","floor":33.0,"turns":14.0},{"damage":6.0,"enemies":"Orb Walker","floor":35.0,"turns":4.0},{"damage":15.0,"enemies":"3 Shapes","floor":36.0,"turns":4.0},{"damage":46.0,"enemies":"Transient","floor":39.0,"turns":5.0},{"damage":4.0,"enemies":"Reptomancer","floor":41.0,"turns":7.0},{"damage":7.0,"enemies":"3 Darklings","floor":42.0,"turns":7.0},{"damage":25.0,"enemies":"Spire Growth","floor":46.0,"turns":7.0},{"damage":0.0,"enemies":"Sphere and 2 Shapes","floor":47.0,"turns":5.0},{"damage":55,"enemies":"Awakened One","floor":50,"turns":15}],"seed_played":"-5991339467072057016","potions_obtained":[{"floor":6.0,"key":"SkillPotion"},{"floor":10.0,"key":"SpeedPotion"},{"floor":21.0,"key":"Strength Potion"},{"floor":30.0,"key":"PowerPotion"},{"floor":31.0,"key":"SteroidPotion"}],"is_trial":false,"path_per_floor":["M","?","?","M","?","E","R","?","T","E","R","M","$","M","R","B",null,"M","$","?","?","?","R","$","?","T","M","?","R","M","M","R","B",null,"M","M","?","?","M","R","E","M","T","?","?","M","M","$","R","B",null],"character_chosen":"DEFECT","items_purchased":["Auto Shields","Cold Snap","FTL","Cold Snap","Chill","War Paint","Art of War"],"campfire_rested":4,"item_purchase_floors":[13,13,13,19,24,48,48],"current_hp_per_floor":[61,61,61,54,43,8,30,30,30,13,35,23,23,21,21,11,59,59,59,59,21,21,21,21,21,21,28,28,50,53,55,55,10,59,60,52,52,52,13,35,38,38,48,69,69,51,58,58,58,10],"gold":20,"neow_bonus":"ONE_RARE_RELIC","is_prod":false,"is_daily":false,"chose_seed":false,"campfire_upgraded":3,"win_rate":0,"timestamp":1551927156,"path_taken":["M","?","?","M","?","E","R","?","T","E","R","M","$","M","R","BOSS","M","$","?","?","?","R","$","?","T","M","?","R","?","M","R","BOSS","M","M","?","?","?","R","E","M","T","?","?","M","M","$","R","BOSS"],"build_version":"2019-01-23","purchased_purges":3,"victory":true,"max_hp_per_floor":[75,75,75,75,75,75,75,75,75,75,75,75,75,75,75,75,75,75,75,75,75,75,75,75,75,75,75,75,75,75,75,75,75,75,75,75,75,75,75,75,75,75,85,85,85,85,85,85,85,85],"card_choices":[{"not_picked":["Sweeping Beam","Reinforced Body"],"picked":"Beam Cell","floor":1.0},{"not_picked":["Skim","Redo"],"picked":"Go for the Eyes","floor":4.0},{"not_picked":["Consume","Tempest"],"picked":"Streamline","floor":6.0},{"not_picked":["Hologram","Darkness"],"picked":"Beam Cell","floor":10.0},{"not_picked":["Multi-Cast","Stack","Hello World"],"picked":"SKIP","floor":12.0},{"not_picked":["Double Energy","Reprogram"],"picked":"Leap","floor":14.0},{"not_picked":["Electrodynamics","Hyperbeam"],"picked":"Core Surge","floor":16.0},{"not_picked":["Rebound","Coolheaded"],"picked":"Defragment","floor":18.0},{"not_picked":["Force Field","Streamline"],"picked":"Self Repair","floor":21.0},{"not_picked":["Compile Driver","Turbo"],"picked":"Chill","floor":27.0},{"not_picked":["Gash","Chill"],"picked":"Coolheaded","floor":30.0},{"not_picked":["Recycle+1","Beam Cell"],"picked":"Rebound","floor":31.0},{"not_picked":["Static Discharge+1","Go for the Eyes"],"picked":"Sweeping Beam","floor":35.0},{"not_picked":["Turbo+1","Hologram"],"picked":"Coolheaded+1","floor":36.0},{"not_picked":["Panacea","Forethought"],"picked":"Secret Technique","floor":37.0},{"not_picked":["Leap+1","Gash+1"],"picked":"Steam","floor":39.0},{"not_picked":["Genetic Algorithm+1","Redo","Coolheaded"],"picked":"SKIP","floor":41.0},{"not_picked":["Hologram","Undo+1"],"picked":"Steam Power+1","floor":42.0},{"not_picked":["Sunder+1","Storm+1","Static Discharge"],"picked":"SKIP","floor":46.0},{"not_picked":["Sunder+1","Storm+1","Static Discharge"],"picked":"SKIP","floor":46.0},{"not_picked":["Lockon","Coolheaded"],"picked":"White Noise+1","floor":47.0}],"player_experience":623832,"relics_obtained":[{"floor":6.0,"key":"PreservedInsect"},{"floor":9.0,"key":"Bronze Scales"},{"floor":10.0,"key":"Oddly Smooth Stone"},{"floor":21.0,"key":"Peace Pipe"},{"floor":21.0,"key":"Symbiotic Virus"},{"floor":26.0,"key":"Happy Flower"},{"floor":41.0,"key":"Pen Nib"},{"floor":43.0,"key":"Pear"}],"event_choices":[{"damage_healed":0.0,"max_hp_gain":0.0,"max_hp_loss":0.0,"gold_gain":0.0,"event_name":"Golden Wing","player_choice":"Ignored","floor":2.0,"gold_loss":0.0,"damage_taken":0.0},{"damage_healed":0.0,"max_hp_gain":0.0,"max_hp_loss":0.0,"gold_gain":0.0,"cards_transformed":["Strike_B"],"event_name":"Living Wall","player_choice":"Change","floor":3.0,"gold_loss":0.0,"damage_taken":0.0,"cards_obtained":["Blizzard"]},{"damage_healed":0.0,"max_hp_gain":0.0,"max_hp_loss":0.0,"gold_gain":75.0,"event_name":"World of Goop","player_choice":"Gather Gold","floor":5.0,"gold_loss":0.0,"damage_taken":11.0},{"damage_healed":0.0,"max_hp_gain":0.0,"max_hp_loss":0.0,"gold_gain":0.0,"event_name":"Scrap Ooze","player_choice":"Fled","floor":8.0,"gold_loss":0.0,"damage_taken":0.0},{"damage_healed":0.0,"max_hp_gain":0.0,"max_hp_loss":0.0,"gold_gain":0.0,"event_name":"The Mausoleum","player_choice":"Opened","floor":20.0,"gold_loss":0.0,"damage_taken":0.0,"relics_obtained":["Smiling Mask"],"cards_obtained":["Writhe"]},{"damage_healed":0.0,"max_hp_gain":0.0,"max_hp_loss":0.0,"gold_gain":0.0,"event_name":"Colosseum","player_choice":"Fight","floor":21.0,"gold_loss":0.0,"damage_taken":0.0},{"damage_healed":0.0,"max_hp_gain":0.0,"max_hp_loss":0.0,"gold_gain":0.0,"event_name":"Colosseum","player_choice":"Fought Nobs","floor":21.0,"gold_loss":0.0,"damage_taken":0.0},{"damage_healed":0.0,"max_hp_gain":0.0,"max_hp_loss":0.0,"gold_gain":0.0,"event_name":"Forgotten Altar","player_choice":"Smashed Altar","floor":22.0,"gold_loss":0.0,"damage_taken":0.0,"cards_obtained":["Decay"]},{"damage_healed":0.0,"max_hp_gain":0.0,"max_hp_loss":0.0,"gold_gain":0.0,"event_name":"Cursed Tome","player_choice":"Ignored","floor":25.0,"gold_loss":0.0,"damage_taken":0.0},{"cards_removed":["Strike_B"],"damage_healed":0.0,"max_hp_gain":0.0,"max_hp_loss":0.0,"gold_gain":0.0,"event_name":"Bonfire Elementals","player_choice":"Offered Basic","floor":28.0,"gold_loss":0.0,"damage_taken":0.0},{"damage_healed":0.0,"max_hp_gain":0.0,"max_hp_loss":0.0,"gold_gain":0.0,"event_name":"SensoryStone","player_choice":"Memory 1","floor":37.0,"gold_loss":0.0,"damage_taken":0.0},{"damage_healed":0.0,"max_hp_gain":0.0,"max_hp_loss":0.0,"gold_gain":0.0,"event_name":"WeMeetAgain","player_choice":"Gave Potion","floor":38.0,"gold_loss":0.0,"damage_taken":0.0,"relics_obtained":["Dream Catcher"]},{"damage_healed":21.0,"max_hp_gain":0.0,"max_hp_loss":0.0,"gold_gain":0.0,"event_name":"Winding Halls","player_choice":"Writhe","floor":44.0,"gold_loss":0.0,"damage_taken":0.0,"cards_obtained":["Writhe"]},{"damage_healed":0.0,"max_hp_gain":0.0,"max_hp_loss":0.0,"gold_gain":0.0,"event_name":"Accursed Blacksmith","player_choice":"Forge","floor":45.0,"gold_loss":0.0,"damage_taken":0.0,"cards_upgraded":["Chill"]}],"is_beta":false,"boss_relics":[{"not_picked":["Lizard Tail","Busted Crown"],"picked":"FrozenCore"},{"not_picked":["Nuclear Battery","Pandora\u0027s Box"],"picked":"Sozu"}],"items_purged_floors":[19,24,48],"is_endless":false,"potions_floor_spawned":[6,10,21,21,30,31,36,39,41,47],"ascension_level":10}