{"gold_per_floor":[110,110,260,4,21,55,55,81,81,81,100,113,113,113,113,187,187,205,233,233],"floor_reached":20,"playtime":946,"items_purged":["Doubt"],"score":333,"play_id":"447f4701-0644-4953-a2bb-e4650ad4bb99","local_time":"20180918110733","is_ascension_mode":true,"campfire_choices":[{"data":"Chaos","floor":7,"key":"SMITH"},{"floor":10,"key":"REST"},{"data":"Fusion","floor":13,"key":"SMITH"},{"data":"Electrodynamics","floor":15,"key":"SMITH"}],"neow_cost":"","seed_source_timestamp":54838929090432,"circlet_count":0,"master_deck":["Strike_B+1","Strike_B","Strike_B+1","Defend_B","Defend_B","Defend_B+1","Defend_B","Zap+1","Dualcast","AscendersBane","Glacier+1","Chaos+1","Fusion+1","Compile Driver","Electrodynamics+1","Fusion","Core Surge","Capacitor","Compile Driver"],"relics":["Cracked Core","War Paint","Cables","Whetstone","Happy Flower","Nuclear Battery","Red Mask"],"potions_floor_usage":[6,8],"damage_taken":[{"damage":7,"enemies":"Cultist","floor":1,"turns":4},{"damage":0,"enemies":"Jaw Worm","floor":5,"turns":4},{"damage":19,"enemies":"Gremlin Nob","floor":6,"turns":5},{"damage":20,"enemies":"3 Sentries","floor":8,"turns":10},{"damage":2,"enemies":"Small Slimes","floor":11,"turns":4},{"damage":0,"enemies":"Exordium Wildlife","floor":12,"turns":3},{"damage":5,"enemies":"Slime Boss","floor":16,"turns":7},{"damage":16,"enemies":"2 Thieves","floor":18,"turns":4},{"damage":37,"enemies":"Masked Bandits","floor":19,"turns":4},{"damage":15,"enemies":"Shell Parasite","floor":20,"turns":3}],"seed_played":"6709545684229528311","potions_obtained":[{"floor":5,"key":"Poison Potion"},{"floor":6,"key":"Energy Potion"},{"floor":8,"key":"Ancient Potion"},{"floor":19,"key":"Fire Potion"}],"is_trial":false,"path_per_floor":["M","?","?","$","M","E","R","E","T","R","M","M","R","?","R","B",null,"M","?"],"character_chosen":"DEFECT","items_purchased":["War Paint"],"campfire_rested":1,"item_purchase_floors":[4],"current_hp_per_floor":[57,57,57,57,57,38,38,18,18,39,37,37,37,37,37,32,61,45,8,0],"gold":233,"neow_bonus":"","is_prod":false,"is_daily":false,"chose_seed":false,"campfire_upgraded":3,"win_rate":0,"timestamp":1537261653,"path_taken":["M","?","?","?","M","E","R","E","T","R","M","M","R","?","R","BOSS","M","?","?"],"build_version":"2018-09-06","purchased_purges":1,"victory":false,"max_hp_per_floor":[71,71,71,71,71,71,71,71,71,71,71,71,71,71,71,71,71,71,71,71],"card_choices":[{"not_picked":["Compile Driver","Genetic Algorithm"],"picked":"Glacier","floor":1},{"not_picked":["Go for the Eyes","Turbo"],"picked":"Chaos","floor":5},{"not_picked":["Scrape","Reinforced Body"],"picked":"Fusion","floor":6},{"not_picked":["Beam Cell","Heatsinks","Rebound"],"picked":"SKIP","floor":8},{"not_picked":["Lockon","Hologram"],"picked":"Compile Driver","floor":11},{"not_picked":["Redo","Skim"],"picked":"Electrodynamics","floor":12},{"not_picked":["Hyperbeam","Biased Cognition"],"picked":"Core Surge","floor":16},{"not_picked":["Turbo+1","Fusion"],"picked":"Capacitor","floor":18},{"not_picked":["Redo","Double Energy"],"picked":"Compile Driver","floor":19}],"player_experience":744977,"relics_obtained":[{"floor":6,"key":"Cables"},{"floor":8,"key":"Whetstone"},{"floor":9,"key":"Happy Flower"},{"floor":19,"key":"Red Mask"}],"event_choices":[{"event_name":"Living Wall","player_choice":"Grow","floor":2,"damage_taken":0},{"event_name":"Liars Game","player_choice":"agreed","floor":3,"damage_taken":0},{"event_name":"Transmorgrifier","player_choice":"Transform","floor":14,"damage_taken":0},{"event_name":"Masked Bandits","player_choice":"Fought Bandits","floor":19,"damage_taken":0}],"is_beta":false,"boss_relics":[{"not_picked":["Tiny House","Pandora\u0027s Box"],"picked":"Nuclear Battery"}],"items_purged_floors":[4],"is_endless":false,"potions_floor_spawned":[5,6,8,19],"killed_by":"Shell Parasite","ascension_level":17}