{"gold_per_floor":[112,112,187,199,219,244,256,193,218,118,118,68,87,87,87,87],"floor_reached":16,"playtime":722,"items_purged":["Strike_R","Defend_R"],"score":98,"play_id":"d385ffd2-e824-4ac7-b45a-999d58b499ff","local_time":"20190108171042","is_ascension_mode":false,"campfire_choices":[{"floor":11,"key":"REST"},{"data":"True Grit","floor":15,"key":"SMITH"}],"neow_cost":"NONE","seed_source_timestamp":115402053346038,"circlet_count":0,"master_deck":["Strike_R","Strike_R","Defend_R","Defend_R","Defend_R","Bash","Shrug It Off","True Grit+1"],"relics":["Burning Blood","Pen Nib","MawBank","Golden Idol","Regal Pillow","Ginger"],"potions_floor_usage":[16],"damage_taken":[{"damage":7,"enemies":"2 Louse","floor":1,"turns":4},{"damage":1,"enemies":"Jaw Worm","floor":4,"turns":4},{"damage":0,"enemies":"Small Slimes","floor":5,"turns":3},{"damage":41,"enemies":"3 Sentries","floor":6,"turns":12},{"damage":0,"enemies":"Blue Slaver","floor":13,"turns":5},{"damage":63,"enemies":"The Guardian","floor":16,"turns":17}],"seed_played":"6460641971961038624","potions_obtained":[{"floor":6,"key":"Energy Potion"}],"is_trial":false,"path_per_floor":["M","?","?","M","M","E","?","$","T","$","R","?","M","T","R","B"],"character_chosen":"IRONCLAD","items_purchased":[],"campfire_rested":1,"item_purchase_floors":[],"current_hp_per_floor":[79,72,61,66,72,37,17,17,17,17,56,56,62,62,62,0],"gold":87,"neow_bonus":"RANDOM_COMMON_RELIC","is_prod":false,"is_daily":false,"chose_seed":false,"campfire_upgraded":1,"win_rate":0,"timestamp":1546996242,"path_taken":["M","?","?","?","M","E","?","$","T","?","R","?","M","?","R","BOSS"],"build_version":"2019-01-03v4","purchased_purges":2,"victory":false,"max_hp_per_floor":[80,80,80,80,80,80,80,80,80,80,80,80,80,80,80,80],"card_choices":[{"not_picked":["Twin Strike","Clash","Sever Soul"],"picked":"SKIP","floor":1},{"not_picked":["Clothesline","Hemokinesis"],"picked":"Shrug It Off","floor":4},{"not_picked":["Armaments","Sword Boomerang","Blood for Blood"],"picked":"SKIP","floor":5},{"not_picked":["Berserk","Wild Strike"],"picked":"True Grit","floor":6},{"not_picked":["True Grit","Searing Blow","Heavy Blade"],"picked":"SKIP","floor":13}],"player_experience":319378,"relics_obtained":[{"floor":6,"key":"MawBank"},{"floor":9,"key":"Regal Pillow"},{"floor":14,"key":"Ginger"}],"event_choices":[{"cards_removed":["Strike_R"],"damage_healed":0,"gold_gain":0,"player_choice":"Card Removal","damage_taken":7,"max_hp_gain":0,"max_hp_loss":0,"event_name":"Golden Wing","floor":2,"gold_loss":0},{"damage_healed":0,"gold_gain":75,"player_choice":"Gather Gold","damage_taken":11,"max_hp_gain":0,"max_hp_loss":0,"event_name":"World of Goop","floor":3,"gold_loss":0},{"damage_healed":0,"gold_gain":0,"player_choice":"Take Damage","damage_taken":20,"relics_obtained":["Golden Idol"],"max_hp_gain":0,"max_hp_loss":0,"event_name":"Golden Idol","floor":7,"gold_loss":0},{"cards_removed":["Strike_R"],"damage_healed":0,"gold_gain":0,"player_choice":"Card Removal","damage_taken":0,"max_hp_gain":0,"max_hp_loss":0,"event_name":"The Cleric","floor":12,"gold_loss":50}],"is_beta":false,"boss_relics":[],"items_purged_floors":[8,10],"is_endless":false,"potions_floor_spawned":[6],"killed_by":"The Guardian","ascension_level":0}