{"gold_per_floor":[113,3,13,88,99,99,112,112,137,137,102,128,143,155,155,155],"floor_reached":16,"playtime":355,"items_purged":[],"score":194,"play_id":"ce7c9b33-9a92-4788-91ab-be0804ad335e","local_time":"20180928054505","is_ascension_mode":true,"campfire_choices":[{"data":"Bouncing Flask","floor":6,"key":"SMITH"},{"data":"Prepared","floor":8,"key":"SMITH"},{"data":"Neutralize","floor":10,"key":"SMITH"},{"data":"Deadly Poison","floor":15,"key":"SMITH"}],"neow_cost":"NONE","seed_source_timestamp":551063427936118,"circlet_count":0,"master_deck":["Defend_G","Defend_G","Defend_G","Defend_G","Defend_G","Strike_G","Strike_G","Strike_G","Strike_G","Strike_G","Survivor","Neutralize+1","AscendersBane","Deadly Poison+1","Dramatic Entrance","Bouncing Flask+1","Prepared+1","Glass Knife"],"relics":["Ring of the Snake","NeowsBlessing","PreservedInsect","Bag of Preparation"],"potions_floor_usage":[12,16],"damage_taken":[{"damage":0,"enemies":"Cultist","floor":1,"turns":1},{"damage":0,"enemies":"2 Louse","floor":3,"turns":1},{"damage":0,"enemies":"Jaw Worm","floor":5,"turns":1},{"damage":0,"enemies":"Exordium Wildlife","floor":7,"turns":3},{"damage":27,"enemies":"Gremlin Nob","floor":12,"turns":4},{"damage":0,"enemies":"3 Louse","floor":13,"turns":2},{"damage":8,"enemies":"Blue Slaver","floor":14,"turns":3},{"damage":33,"enemies":"Slime Boss","floor":16,"turns":6}],"seed_played":"-8876403511238050187","potions_obtained":[{"floor":5,"key":"Weak Potion"},{"floor":12,"key":"Strength Potion"},{"floor":13,"key":"GamblersBrew"},{"floor":14,"key":"PowerPotion"}],"is_trial":false,"path_per_floor":["M","$","M","?","M","R","M","R","T","R","?","E","M","M","R"],"character_chosen":"THE_SILENT","items_purchased":["Dramatic Entrance"],"campfire_rested":0,"item_purchase_floors":[2],"current_hp_per_floor":[59,59,59,48,48,48,48,48,48,48,64,37,37,29,29,0],"gold":155,"neow_bonus":"THREE_ENEMY_KILL","is_prod":false,"is_daily":false,"chose_seed":false,"campfire_upgraded":4,"win_rate":0,"timestamp":1538106305,"path_taken":["M","$","?","?","M","R","M","R","T","R","?","E","M","M","R","BOSS"],"build_version":"2018-09-27","purchased_purges":0,"victory":false,"max_hp_per_floor":[66,66,66,66,66,66,66,66,66,66,66,66,66,66,66,66],"card_choices":[{"not_picked":["Prepared","Choke"],"picked":"Deadly Poison","floor":1},{"not_picked":["Underhanded Strike","Bane"],"picked":"Bouncing Flask","floor":3},{"not_picked":["Dagger Throw","Poisoned Stab"],"picked":"Prepared","floor":5},{"not_picked":["Dodge and Roll","Outmaneuver","Flying Knee"],"picked":"SKIP","floor":7},{"not_picked":["Endless Agony","Choke"],"picked":"Glass Knife","floor":12},{"not_picked":["Accuracy","Sucker Punch","Blade Dance"],"picked":"SKIP","floor":13},{"not_picked":["Dagger Spray","Masterful Stab","Distraction"],"picked":"SKIP","floor":14}],"player_experience":774882,"relics_obtained":[{"floor":9,"key":"PreservedInsect"},{"floor":12,"key":"Bag of Preparation"}],"event_choices":[{"event_name":"World of Goop","player_choice":"Gather Gold","floor":4,"damage_taken":0},{"event_name":"The Cleric","player_choice":"Healed","floor":11,"damage_taken":0}],"is_beta":false,"boss_relics":[],"items_purged_floors":[],"is_endless":false,"potions_floor_spawned":[5,12,13,14],"killed_by":"Slime Boss","ascension_level":18}