{"gold_per_floor":[118,132,146,160,235,265,265,295,321,142,161,161,194,213,213,318,348,367,387,401,401,401,411,411,443,513,42,57,75,90,104,104,207,207,227,227,25,0,100,129,129,4,4,18,32,51,65,79,79,79],"floor_reached":50,"playtime":7587,"items_purged":["Defend_R","Strike_R","Strike_R"],"score":585,"play_id":"1faae514-0a5f-42be-a21e-f944643ae252","local_time":"20180715204513","is_ascension_mode":false,"campfire_choices":[{"floor":7,"key":"REST"},{"floor":15,"key":"REST"},{"data":"Ghostly","floor":24,"key":"SMITH"},{"data":"Berserk","floor":32,"key":"SMITH"},{"data":"Warcry","floor":41,"key":"SMITH"},{"floor":49,"key":"REST"}],"neow_cost":"","seed_source_timestamp":93349000682020,"circlet_count":0,"master_deck":["Strike_R","Strike_R","Strike_R","Defend_R","Defend_R","Defend_R","Bash","Body Slam","Iron Wave","Cleave","Pommel Strike","Perfected Strike+1","Reaper","Armaments+1","Flex","Anger","Twin Strike","Juggernaut","Clash+1","Offering","Anger","Ghostly+1","Ghostly","Ghostly","Ghostly","Ghostly","RitualDagger","Warcry+1","Feed+1","Blood for Blood+1","Twin Strike+1","Anger+1","Berserk+1","Barricade","Madness","Madness","Warcry+1","Seeing Red+1","Feed+1","Pommel Strike+1"],"relics":["Burning Blood","Bag of Preparation","Dream Catcher","Vajra","Gambling Chip","Tiny House","Molten Egg 2","Letter Opener","Bottled Lightning","Philosopher\u0027s Stone","Red Mask","Ginger","Paper Frog"],"potions_floor_usage":[16,16,19,25,33,37,50,50,50],"damage_taken":[{"damage":6,"enemies":"Cultist","floor":1,"turns":4},{"damage":0,"enemies":"Small Slimes","floor":2,"turns":4},{"damage":3,"enemies":"2 Louse","floor":3,"turns":4},{"damage":26,"enemies":"Exordium Wildlife","floor":4,"turns":5},{"damage":45,"enemies":"Lagavulin","floor":6,"turns":8},{"damage":10,"enemies":"Red Slaver","floor":11,"turns":4},{"damage":17,"enemies":"3 Sentries","floor":13,"turns":5},{"damage":0,"enemies":"Looter","floor":14,"turns":3},{"damage":50,"enemies":"The Guardian","floor":16,"turns":9},{"damage":22,"enemies":"Spheric Guardian","floor":18,"turns":4},{"damage":5,"enemies":"Chosen","floor":19,"turns":4},{"damage":19,"enemies":"Snake Plant","floor":20,"turns":3},{"damage":10,"enemies":"Slaver and Parasite","floor":23,"turns":7},{"damage":17,"enemies":"Slavers","floor":25,"turns":9},{"damage":4,"enemies":"Snecko","floor":28,"turns":3},{"damage":25,"enemies":"Snake Plant","floor":29,"turns":3},{"damage":5,"enemies":"Centurion and Healer","floor":30,"turns":5},{"damage":3,"enemies":"Snecko","floor":31,"turns":5},{"damage":98,"enemies":"Champ","floor":33,"turns":10},{"damage":29,"enemies":"Orb Walker","floor":35,"turns":3},{"damage":5,"enemies":"2 Orb Walkers","floor":40,"turns":6},{"damage":3,"enemies":"3 Shapes","floor":44,"turns":6},{"damage":3,"enemies":"Spire Growth","floor":45,"turns":6},{"damage":23,"enemies":"4 Shapes","floor":46,"turns":4},{"damage":21,"enemies":"Flame Bruiser 2 Orb","floor":47,"turns":5},{"damage":33,"enemies":"3 Darklings","floor":48,"turns":5},{"damage":59,"enemies":"Awakened One","floor":50,"turns":8}],"seed_played":"2404383434327339467","potions_obtained":[{"floor":6,"key":"Strength Potion"},{"floor":13,"key":"SkillPotion"},{"floor":14,"key":"LiquidBronze"},{"floor":16,"key":"Explosive Potion"},{"floor":17,"key":"Regen Potion"},{"floor":20,"key":"Weak Potion"},{"floor":23,"key":"FairyPotion"},{"floor":25,"key":"GamblersBrew"},{"floor":28,"key":"Swift Potion"},{"floor":44,"key":"Explosive Potion"},{"floor":47,"key":"SteroidPotion"},{"floor":48,"key":"Explosive Potion"}],"is_trial":false,"path_per_floor":["M","M","M","M","?","E","R","?","T","$","M","?","E","M","R","B",null,"M","M","M","?","?","M","R","E","T","$","M","M","M","M","R","B",null,"M","?","$","?","?","E","R","$","T","M","M","M","M","M","R"],"character_chosen":"IRONCLAD","items_purchased":["FairyPotion","Reaper","Bottled Lightning","Feed+1","Fruit Juice"],"campfire_rested":3,"item_purchase_floors":[10,10,27,27,37],"current_hp_per_floor":[80,80,80,60,49,10,34,34,34,34,35,35,39,45,69,30,85,69,82,69,42,36,34,34,33,33,33,42,27,46,53,53,11,54,31,24,29,29,29,42,42,42,42,63,63,46,48,36,54,0],"gold":79,"neow_bonus":"","is_prod":false,"is_daily":false,"chose_seed":false,"campfire_upgraded":3,"win_rate":0.0,"timestamp":1531701913,"path_taken":["M","M","M","M","?","E","R","?","T","$","M","?","E","M","R","BOSS","M","?","M","?","?","M","R","E","T","$","M","M","?","M","R","BOSS","M","?","$","?","?","E","R","$","T","M","M","M","M","M","R","BOSS"],"build_version":"2018-07-12","purchased_purges":3,"victory":false,"max_hp_per_floor":[80,80,80,80,80,80,80,80,80,80,80,80,80,80,80,80,85,85,85,85,42,42,42,42,42,42,42,42,46,50,54,54,54,54,54,54,59,59,59,59,59,59,59,63,63,63,63,63,63,63],"card_choices":[{"not_picked":["Clash","Clothesline"],"picked":"Body Slam","floor":1},{"not_picked":["Body Slam","Clothesline"],"picked":"Iron Wave","floor":2},{"not_picked":["Feel No Pain","Shrug It Off"],"picked":"Cleave","floor":3},{"not_picked":["Body Slam","Clothesline"],"picked":"Pommel Strike","floor":4},{"not_picked":["Second Wind","Impervious"],"picked":"Perfected Strike","floor":6},{"not_picked":["Power Through","Burning Pact"],"picked":"Armaments","floor":11},{"not_picked":["Cleave","Iron Wave"],"picked":"Flex","floor":13},{"not_picked":["Pommel Strike","Clothesline"],"picked":"Anger","floor":14},{"not_picked":["Clash","Armaments"],"picked":"Twin Strike","floor":15},{"not_picked":["Impervious","Fiend Fire"],"picked":"Juggernaut","floor":16},{"not_picked":["Infernal Blade","Anger"],"picked":"Clash+1","floor":18},{"not_picked":["True Grit","Armaments+1"],"picked":"Offering","floor":19},{"not_picked":["Body Slam","Intimidate"],"picked":"Anger","floor":20},{"not_picked":["Clothesline","Sword Boomerang","Sever Soul"],"picked":"SKIP","floor":23},{"not_picked":["Shrug It Off","Carnage"],"picked":"Warcry","floor":25},{"not_picked":["Infernal Blade","Body Slam+1"],"picked":"Blood for Blood+1","floor":28},{"not_picked":["Uppercut+1","Infernal Blade"],"picked":"Twin Strike+1","floor":29},{"not_picked":["Inflame","True Grit+1"],"picked":"Anger+1","floor":30},{"not_picked":["Perfected Strike+1","Body Slam+1"],"picked":"Berserk","floor":31},{"not_picked":["Demon Form","Double Tap"],"picked":"Barricade","floor":33},{"not_picked":["Intimidate+1","Iron Wave+1","Cleave+1"],"picked":"SKIP","floor":35},{"not_picked":["Twin Strike+1","Clothesline+1"],"picked":"Warcry+1","floor":40},{"not_picked":["Shrug It Off+1","Warcry"],"picked":"Seeing Red+1","floor":44},{"not_picked":["Bloodletting","Corruption+1","Shrug It Off"],"picked":"SKIP","floor":45},{"not_picked":["Headbutt+1","Hemokinesis+1","Perfected Strike+1"],"picked":"SKIP","floor":46},{"not_picked":["Iron Wave+1","Twin Strike+1"],"picked":"Feed+1","floor":47},{"not_picked":["Shockwave+1","Sword Boomerang+1","Twin Strike+1"],"picked":"SKIP","floor":48},{"not_picked":["Body Slam+1","Shrug It Off+1"],"picked":"Pommel Strike+1","floor":49}],"player_experience":0,"relics_obtained":[{"floor":6,"key":"Bag of Preparation"},{"floor":9,"key":"Vajra"},{"floor":13,"key":"Gambling Chip"},{"floor":25,"key":"Molten Egg 2"},{"floor":26,"key":"Letter Opener"},{"floor":40,"key":"Ginger"},{"floor":43,"key":"Paper Frog"}],"event_choices":[{"event_name":"World of Goop","player_choice":"Gather Gold","floor":5,"damage_taken":0},{"event_name":"Dead Adventurer","player_choice":"Searched \u00272\u0027 times","floor":8,"damage_taken":0},{"event_name":"Living Wall","player_choice":"Grow","floor":12,"damage_taken":0},{"event_name":"Ghosts","player_choice":"Became a Ghost","floor":21,"damage_taken":0},{"event_name":"Nest","player_choice":"Joined the Cult","floor":22,"damage_taken":0},{"event_name":"Winding Halls","player_choice":"Embrace Madness","floor":36,"damage_taken":0},{"event_name":"Tomb of Lord Red Mask","player_choice":"Paid","floor":38,"damage_taken":0},{"event_name":"Golden Shrine","player_choice":"Pray","floor":39,"damage_taken":0}],"boss_relics":[{"not_picked":["Runic Dome","Snecko Eye"],"picked":"Tiny House"},{"not_picked":["Black Star","Mark of Pain"],"picked":"Philosopher\u0027s Stone"}],"items_purged_floors":[27,37,42],"is_endless":false,"potions_floor_spawned":[6,13,14,16,20,23,25,28,44,47,48],"killed_by":"Awakened One","ascension_level":0}