{"gold_per_floor":[116,116,137,137,137,137,178,178,254,277,277],"floor_reached":11,"playtime":273,"items_purged":[],"score":142,"play_id":"fcf20308-7015-4338-89ad-d055ec0f716a","local_time":"20181023191516","is_ascension_mode":true,"campfire_choices":[{"data":"Dualcast","floor":6.0,"key":"SMITH"},{"data":"Self Repair","floor":8.0,"key":"SMITH"}],"neow_cost":"NONE","seed_source_timestamp":1045213030143565,"circlet_count":0,"master_deck":["Strike_B","Strike_B","Strike_B","Strike_B","Defend_B","Defend_B","Defend_B","Defend_B","Zap+1","Dualcast+1","AscendersBane","Echo Form","Turbo","Compile Driver","Self Repair+1","Streamline"],"special_seed":0,"relics":["Cracked Core","Golden Idol","Dream Catcher","Bottled Lightning"],"potions_floor_usage":[],"damage_taken":[{"damage":7.0,"enemies":"Small Slimes","floor":1.0,"turns":3.0},{"damage":2.0,"enemies":"Jaw Worm","floor":3.0,"turns":3.0},{"damage":40.0,"enemies":"3 Sentries","floor":7.0,"turns":8.0},{"damage":0.0,"enemies":"2 Louse","floor":10.0,"turns":3.0},{"damage":35,"enemies":"Gremlin Gang","floor":11,"turns":3}],"seed_played":"-1742163517854884826","potions_obtained":[],"is_trial":false,"path_per_floor":["M","?","M","?","?","R","E","R","T","M"],"character_chosen":"DEFECT","items_purchased":[],"campfire_rested":0,"item_purchase_floors":[],"current_hp_per_floor":[57,57,55,64,64,64,24,24,24,34,0],"gold":277,"neow_bonus":"ONE_RANDOM_RARE_CARD","is_prod":false,"is_daily":false,"chose_seed":false,"campfire_upgraded":2,"win_rate":0,"timestamp":1540314916,"path_taken":["M","?","M","?","?","R","E","R","T","M","M"],"build_version":"2018-10-18","purchased_purges":0,"victory":false,"max_hp_per_floor":[71,64,64,64,64,64,64,64,64,64,64],"card_choices":[{"not_picked":["Stack","Steam"],"picked":"Turbo","floor":1.0},{"not_picked":["Beam Cell","Gash"],"picked":"Compile Driver","floor":3.0},{"not_picked":["Stack","Chaos"],"picked":"Self Repair","floor":7.0},{"not_picked":["Rebound","Go for the Eyes"],"picked":"Streamline","floor":10.0}],"player_experience":858926,"relics_obtained":[{"floor":7.0,"key":"Dream Catcher"},{"floor":9.0,"key":"Bottled Lightning"}],"event_choices":[{"damage_healed":0.0,"max_hp_gain":0.0,"max_hp_loss":7.0,"gold_gain":0.0,"event_name":"Golden Idol","player_choice":"Lose Max HP","floor":2.0,"gold_loss":0.0,"damage_taken":0.0,"relics_obtained":["Golden Idol"]},{"damage_healed":9.0,"max_hp_gain":0.0,"max_hp_loss":0.0,"gold_gain":0.0,"event_name":"Wheel of Change","player_choice":"Full Heal","floor":4.0,"gold_loss":0.0,"damage_taken":0.0},{"damage_healed":0.0,"max_hp_gain":0.0,"max_hp_loss":0.0,"gold_gain":0.0,"event_name":"Upgrade Shrine","player_choice":"Upgraded","floor":5.0,"gold_loss":0.0,"damage_taken":0.0,"cards_upgraded":["Zap"]}],"is_beta":false,"boss_relics":[],"items_purged_floors":[],"is_endless":false,"potions_floor_spawned":[],"killed_by":"Gremlin Gang","ascension_level":20}