{"gold_per_floor":[114,114,114,114,126,126,158,158,185,217,234,234,70,145,145,219,219,230,230,230,15,15,74,74],"floor_reached":24,"playtime":799,"items_purged":[],"score":450,"play_id":"2b79c60d-404b-438c-b179-b28ffc9d99bb","local_time":"20190317171143","is_ascension_mode":true,"campfire_choices":[{"data":"Armaments","floor":6,"key":"SMITH"},{"data":"Intimidate","floor":8,"key":"SMITH"},{"data":"Rage","floor":12,"key":"SMITH"},{"floor":15,"key":"REST"}],"neow_cost":"NONE","seed_source_timestamp":375753656941145,"circlet_count":0,"master_deck":["AscendersBane","Strike_R","Strike_R+1","Strike_R","Strike_R","Defend_R","Defend_R","Defend_R","Defend_R","Bash+1","Reckless Charge+1","Armaments+1","Intimidate+1","Rage+1","Exhume","Immolate","Dropkick","Shockwave","RitualDagger","HandOfGreed","HandOfGreed","Burning Pact"],"relics":["Burning Blood","NeowsBlessing","Red Skull","Vajra","Paper Frog","Bronze Scales","Busted Crown"],"potions_floor_usage":[10,10,24],"damage_taken":[{"damage":0,"enemies":"Jaw Worm","floor":1,"turns":1},{"damage":0,"enemies":"Cultist","floor":5,"turns":1},{"damage":0,"enemies":"Lagavulin","floor":7,"turns":1},{"damage":35,"enemies":"3 Sentries","floor":10,"turns":11},{"damage":4,"enemies":"Small Slimes","floor":11,"turns":4},{"damage":17,"enemies":"The Guardian","floor":16,"turns":12},{"damage":26,"enemies":"Shell Parasite","floor":18,"turns":3},{"damage":30,"enemies":"2 Thieves","floor":23,"turns":4},{"damage":20,"enemies":"Snecko","floor":24,"turns":3}],"seed_played":"6009226777391498435","potions_obtained":[{"floor":5,"key":"FearPotion"},{"floor":7,"key":"Regen Potion"},{"floor":11,"key":"Energy Potion"}],"is_trial":false,"path_per_floor":["M","?","?","?","M","R","E","R","T","E","M","R","$","?","R","B",null,"M","?","?","$","?","M","M"],"character_chosen":"IRONCLAD","items_purchased":["Bronze Scales","HandOfGreed"],"campfire_rested":1,"item_purchase_floors":[13,21],"current_hp_per_floor":[74,67,67,44,50,50,56,56,56,42,44,44,44,33,55,44,67,47,47,41,41,41,17,0],"gold":74,"neow_bonus":"THREE_ENEMY_KILL","is_prod":false,"is_daily":false,"chose_seed":false,"campfire_upgraded":3,"win_rate":0,"timestamp":1552867903,"path_taken":["M","?","?","?","?","R","E","R","T","E","M","R","?","?","R","BOSS","M","?","?","$","?","M","M"],"build_version":"2019-01-23","purchased_purges":0,"victory":false,"max_hp_per_floor":[75,75,75,75,75,75,75,75,75,75,75,75,75,75,75,75,75,75,75,75,75,75,75,75],"card_choices":[{"not_picked":["Headbutt","Dual Wield"],"picked":"Reckless Charge","floor":1},{"not_picked":["True Grit","Blood for Blood"],"picked":"Armaments","floor":5},{"not_picked":["Heavy Blade","Clash"],"picked":"Intimidate","floor":7},{"not_picked":["Burning Pact","Seeing Red"],"picked":"Rage","floor":10},{"not_picked":["Warcry","Second Wind"],"picked":"Exhume","floor":11},{"not_picked":["Brutality","Double Tap"],"picked":"Immolate","floor":16},{"not_picked":[],"picked":"Dropkick","floor":18},{"not_picked":[],"picked":"Burning Pact","floor":23}],"player_experience":260932,"relics_obtained":[{"floor":7,"key":"Red Skull"},{"floor":9,"key":"Vajra"},{"floor":10,"key":"Paper Frog"}],"event_choices":[{"cards_removed":["Strike_R"],"damage_healed":0,"gold_gain":0,"player_choice":"Card Removal","damage_taken":7,"max_hp_gain":0,"max_hp_loss":0,"event_name":"Golden Wing","floor":2,"gold_loss":0},{"damage_healed":0,"gold_gain":0,"player_choice":"Grow","damage_taken":0,"max_hp_gain":0,"max_hp_loss":0,"event_name":"Living Wall","floor":3,"gold_loss":0,"cards_upgraded":["Reckless Charge"]},{"damage_healed":0,"gold_gain":0,"player_choice":"Entered Light","damage_taken":23,"max_hp_gain":0,"max_hp_loss":0,"event_name":"Shining Light","floor":4,"gold_loss":0,"cards_upgraded":["Bash","Strike_R"]},{"damage_healed":0,"gold_gain":75,"player_choice":"Gather Gold","damage_taken":11,"max_hp_gain":0,"max_hp_loss":0,"event_name":"World of Goop","floor":14,"gold_loss":0},{"damage_healed":0,"gold_gain":0,"player_choice":"Read","damage_taken":0,"max_hp_gain":0,"max_hp_loss":0,"event_name":"The Library","floor":19,"gold_loss":0,"cards_obtained":["Shockwave"]},{"damage_healed":0,"gold_gain":0,"player_choice":"Joined the Cult","damage_taken":6,"max_hp_gain":0,"max_hp_loss":0,"event_name":"Nest","floor":20,"gold_loss":0,"cards_obtained":["RitualDagger"]},{"damage_healed":0,"gold_gain":0,"player_choice":"Copied","damage_taken":0,"max_hp_gain":0,"max_hp_loss":0,"event_name":"Duplicator","floor":22,"gold_loss":0,"cards_obtained":["HandOfGreed"]}],"is_beta":false,"boss_relics":[{"not_picked":["Tiny House","Cursed Key"],"picked":"Busted Crown"}],"items_purged_floors":[],"is_endless":false,"potions_floor_spawned":[5,7,11],"killed_by":"Snecko","ascension_level":20}