{"gold_per_floor":[111,125,200,215,180,210,210,230,230,230,248,423,423,436,436,537,537,549,569,569],"floor_reached":20,"playtime":1891,"items_purged":[],"score":283,"play_id":"9387de70-0a66-45b3-af2b-97ec4340adb6","local_time":"20190318121646","is_ascension_mode":true,"campfire_choices":[{"floor":7,"key":"REST"},{"data":"Neutralize","floor":10,"key":"SMITH"},{"data":"Well Laid Plans","floor":13,"key":"SMITH"},{"data":"Leg Sweep","floor":15,"key":"SMITH"}],"neow_cost":"NONE","seed_source_timestamp":412937468213261,"circlet_count":0,"master_deck":["Defend_G","Defend_G","Defend_G","Defend_G","Defend_G","Strike_G","Strike_G","Strike_G","Strike_G","Strike_G","Survivor","Neutralize+1","Die Die Die","Well Laid Plans+1","PiercingWail","Bouncing Flask","PiercingWail","Cloak And Dagger","Doubt","Leg Sweep+1","Night Terror","Dagger Throw+1","Predator"],"relics":["Ring of the Snake","Gremlin Horn","Calipers","Velvet Choker"],"potions_floor_usage":[6,16,16,19,20],"damage_taken":[{"damage":3,"enemies":"Small Slimes","floor":1,"turns":4},{"damage":0,"enemies":"Jaw Worm","floor":2,"turns":4},{"damage":0,"enemies":"2 Louse","floor":4,"turns":1},{"damage":35,"enemies":"Lagavulin","floor":6,"turns":8},{"damage":8,"enemies":"Looter","floor":8,"turns":4},{"damage":0,"enemies":"Exordium Thugs","floor":11,"turns":3},{"damage":3,"enemies":"Blue Slaver","floor":14,"turns":6},{"damage":0,"enemies":"The Guardian","floor":16,"turns":14},{"damage":23,"enemies":"3 Byrds","floor":18,"turns":5},{"damage":10,"enemies":"Chosen","floor":19,"turns":6},{"damage":31,"enemies":"Masked Bandits","floor":20,"turns":5}],"seed_played":"-9052144671011709665","potions_obtained":[{"floor":1,"key":"SteroidPotion"},{"floor":4,"key":"GhostInAJar"},{"floor":14,"key":"EssenceOfSteel"},{"floor":18,"key":"SkillPotion"},{"floor":19,"key":"Ancient Potion"}],"is_trial":false,"path_per_floor":["?","?","M","?","?"],"character_chosen":"THE_SILENT","items_purchased":[],"campfire_rested":1,"item_purchase_floors":[],"current_hp_per_floor":[67,67,56,56,70,35,56,48,48,48,48,48,48,45,45,45,64,41,31,0],"gold":569,"neow_bonus":"ONE_RANDOM_RARE_CARD","is_prod":false,"is_daily":false,"chose_seed":false,"campfire_upgraded":3,"win_rate":0,"timestamp":1552933006,"path_taken":["M","M","?","M","?","E","R","M","T","R","?","?","R","M","R","BOSS","M","M","?"],"build_version":"2019-01-23","purchased_purges":0,"victory":false,"max_hp_per_floor":[70,70,70,70,70,70,70,70,70,70,70,70,70,70,70,70,70,70,70,70],"card_choices":[{"not_picked":["Blade Dance","Escape Plan"],"picked":"Well Laid Plans","floor":1},{"not_picked":["Slice","Deadly Poison"],"picked":"PiercingWail","floor":2},{"not_picked":["Heel Hook","Bane","Tactician"],"picked":"SKIP","floor":4},{"not_picked":["Expertise","Predator"],"picked":"Bouncing Flask","floor":6},{"not_picked":["Flying Knee","Acrobatics"],"picked":"PiercingWail","floor":8},{"not_picked":["Blade Dance","Choke"],"picked":"Cloak And Dagger","floor":11},{"not_picked":["Dodge and Roll","Well Laid Plans"],"picked":"Leg Sweep","floor":14},{"not_picked":["Die Die Die","Phantasmal Killer"],"picked":"Night Terror","floor":16},{"not_picked":["Sucker Punch","Concentrate+1"],"picked":"Dagger Throw+1","floor":18},{"not_picked":["Escape Plan+1","Poisoned Stab"],"picked":"Predator","floor":19}],"player_experience":305784,"relics_obtained":[{"floor":6,"key":"Gremlin Horn"},{"floor":9,"key":"Calipers"}],"event_choices":[{"damage_healed":0,"gold_gain":75,"player_choice":"Gather Gold","damage_taken":11,"max_hp_gain":0,"max_hp_loss":0,"event_name":"World of Goop","floor":3,"gold_loss":0},{"damage_healed":17,"gold_gain":0,"player_choice":"Healed","damage_taken":0,"max_hp_gain":0,"max_hp_loss":0,"event_name":"The Cleric","floor":5,"gold_loss":35},{"damage_healed":0,"gold_gain":175,"player_choice":"AGREE","damage_taken":0,"max_hp_gain":0,"max_hp_loss":0,"event_name":"Liars Game","floor":12,"gold_loss":0,"cards_obtained":["Doubt"]},{"damage_healed":0,"gold_gain":0,"player_choice":"Fought Bandits","damage_taken":0,"max_hp_gain":0,"max_hp_loss":0,"event_name":"Masked Bandits","floor":20,"gold_loss":0}],"is_beta":false,"boss_relics":[{"not_picked":["Philosopher\u0027s Stone","Ectoplasm"],"picked":"Velvet Choker"}],"items_purged_floors":[],"is_endless":false,"potions_floor_spawned":[1,4,14,18,19],"killed_by":"Masked Bandits","ascension_level":5}