{"gold_per_floor":[114,114,129,54,19,49,49,13,65,65,92,92,103,113,113,190,190,210,210,210],"floor_reached":20,"playtime":508,"items_purged":["Strike_B"],"score":410,"play_id":"e167b2d4-d800-43e8-9514-39b986b706b4","local_time":"20190226161747","is_ascension_mode":true,"campfire_choices":[{"data":"Zap","floor":7,"key":"SMITH"},{"data":"Scrape","floor":10,"key":"SMITH"},{"data":"Dualcast","floor":12,"key":"SMITH"},{"data":"Sunder","floor":15,"key":"SMITH"}],"neow_cost":"NONE","seed_source_timestamp":4526429263647,"circlet_count":0,"master_deck":["AscendersBane","Strike_B","Strike_B","Strike_B","Defend_B","Defend_B","Defend_B","Zap+1","Dualcast+1","BootSequence","Turbo","Scrape+1","Meteor Strike","Sunder+1","Conserve Battery","Creative AI","Ball Lightning"],"relics":["Cracked Core","NeowsBlessing","Juzu Bracelet","Regal Pillow","Omamori","White Beast Statue","Strawberry"],"potions_floor_usage":[11,14,16],"damage_taken":[{"damage":0,"enemies":"2 Louse","floor":1,"turns":1},{"damage":0,"enemies":"Small Slimes","floor":3,"turns":1},{"damage":0,"enemies":"3 Sentries","floor":6,"turns":1},{"damage":36,"enemies":"Gremlin Nob","floor":11,"turns":4},{"damage":2,"enemies":"Jaw Worm","floor":13,"turns":2},{"damage":0,"enemies":"Looter","floor":14,"turns":2},{"damage":28,"enemies":"Hexaghost","floor":16,"turns":14},{"damage":51,"enemies":"Shell Parasite","floor":18,"turns":6},{"damage":17,"enemies":"3 Byrds","floor":20,"turns":2}],"seed_played":"-6248655795998684128","potions_obtained":[{"floor":1,"key":"PowerPotion"},{"floor":3,"key":"SpeedPotion"},{"floor":6,"key":"AttackPotion"},{"floor":13,"key":"Poison Potion"},{"floor":18,"key":"Dexterity Potion"}],"is_trial":false,"path_per_floor":["M","?","M","$","?","E","R","$","T","R","E","R","M","M","R","B",null,"M","?","M"],"character_chosen":"DEFECT","items_purchased":["Scrape"],"campfire_rested":0,"item_purchase_floors":[8],"current_hp_per_floor":[64,57,57,57,71,71,71,71,71,71,35,35,33,33,33,5,55,4,11,0],"gold":210,"neow_bonus":"THREE_ENEMY_KILL","is_prod":false,"is_daily":false,"chose_seed":false,"campfire_upgraded":4,"win_rate":0,"timestamp":1551194267,"path_taken":["M","?","M","$","?","E","R","?","T","R","E","R","M","M","R","BOSS","M","?","M"],"build_version":"2019-01-23","purchased_purges":1,"victory":false,"max_hp_per_floor":[71,71,71,71,71,71,71,71,71,71,71,71,71,71,71,71,71,71,78,78],"card_choices":[{"not_picked":["Blizzard","Reinforced Body"],"picked":"BootSequence","floor":1},{"not_picked":["Recycle","Aggregate","Hologram"],"picked":"SKIP","floor":3},{"not_picked":["Go for the Eyes","Static Discharge"],"picked":"Turbo","floor":6},{"not_picked":["Leap","Conserve Battery"],"picked":"Meteor Strike","floor":11},{"not_picked":["Genetic Algorithm","Doom and Gloom"],"picked":"Sunder","floor":13},{"not_picked":["Go for the Eyes","Leap"],"picked":"Conserve Battery","floor":14},{"not_picked":["Multi-Cast","Core Surge"],"picked":"Creative AI","floor":16},{"not_picked":["Turbo","Stack"],"picked":"Ball Lightning","floor":18}],"player_experience":1146484,"relics_obtained":[{"floor":6,"key":"Juzu Bracelet"},{"floor":9,"key":"Regal Pillow"},{"floor":11,"key":"Omamori"}],"event_choices":[{"cards_removed":["Defend_B"],"damage_healed":0,"gold_gain":0,"player_choice":"Card Removal","damage_taken":7,"max_hp_gain":0,"max_hp_loss":0,"event_name":"Golden Wing","floor":2,"gold_loss":0},{"damage_healed":17,"gold_gain":0,"player_choice":"Healed","damage_taken":0,"max_hp_gain":0,"max_hp_loss":0,"event_name":"The Cleric","floor":5,"gold_loss":35},{"damage_healed":0,"gold_gain":0,"player_choice":"Opened","damage_taken":0,"relics_obtained":["Strawberry"],"max_hp_gain":0,"max_hp_loss":0,"event_name":"The Mausoleum","floor":19,"gold_loss":0,"cards_obtained":["Writhe"]}],"is_beta":false,"boss_relics":[{"not_picked":["Lizard Tail","Eternal Feather"],"picked":"White Beast Statue"}],"items_purged_floors":[4],"is_endless":false,"potions_floor_spawned":[1,3,6,13,18],"killed_by":"3 Byrds","ascension_level":20}