{"gold_per_floor":[413,432,451,465,479,479,512,512,537,551,93,103,135,145,145,219,219,239,239,31,42,55,55,73,73,98,98,198,213,248,263,263,263],"floor_reached":33,"playtime":1413,"items_purged":["Strike_R","Strike_R"],"score":566,"play_id":"398fbde9-a11d-40d4-af31-056b146ce663","local_time":"20190127233502","is_ascension_mode":true,"campfire_choices":[{"data":"Carnage","floor":6.0,"key":"SMITH"},{"data":"Bash","floor":8.0,"key":"SMITH"},{"data":"Flame Barrier","floor":15.0,"key":"SMITH"},{"data":"Fiend Fire","floor":23.0,"key":"SMITH"},{"data":"Double Tap","floor":25.0,"key":"SMITH"},{"data":"Havoc","floor":27.0,"key":"SMITH"},{"data":"Exhume","floor":32.0,"key":"SMITH"}],"neow_cost":"PERCENT_DAMAGE","seed_source_timestamp":1570157255593531,"circlet_count":0,"master_deck":["AscendersBane","Strike_R","Defend_R","Defend_R","Defend_R","Defend_R","Bash+1","Havoc+1","Combust","Pommel Strike","Flame Barrier+1","Carnage+1","Seeing Red","Evolve","Power Through","Double Tap+1","Fiend Fire+1","Battle Trance","Shrug It Off+1","Exhume+1"],"special_seed":0,"relics":["Burning Blood","Old Coin","Pen Nib","Lantern","HandDrill","Bag of Preparation","Smiling Mask","Empty Cage","Bag of Marbles","Boot","Turnip","Letter Opener","Oddly Smooth Stone"],"potions_floor_usage":[33,33],"damage_taken":[{"damage":2.0,"enemies":"Cultist","floor":1.0,"turns":4.0},{"damage":9.0,"enemies":"Jaw Worm","floor":2.0,"turns":3.0},{"damage":6.0,"enemies":"2 Louse","floor":3.0,"turns":3.0},{"damage":8.0,"enemies":"Looter","floor":4.0,"turns":3.0},{"damage":3.0,"enemies":"2 Fungi Beasts","floor":5.0,"turns":4.0},{"damage":24.0,"enemies":"Gremlin Nob","floor":7.0,"turns":4.0},{"damage":3.0,"enemies":"Lots of Slimes","floor":10.0,"turns":4.0},{"damage":0.0,"enemies":"Looter","floor":12.0,"turns":2.0},{"damage":35.0,"enemies":"Lagavulin","floor":13.0,"turns":4.0},{"damage":0.0,"enemies":"Blue Slaver","floor":14.0,"turns":2.0},{"damage":20.0,"enemies":"Hexaghost","floor":16.0,"turns":8.0},{"damage":13.0,"enemies":"Spheric Guardian","floor":18.0,"turns":5.0},{"damage":0.0,"enemies":"Chosen","floor":21.0,"turns":2.0},{"damage":2.0,"enemies":"Centurion and Healer","floor":22.0,"turns":5.0},{"damage":12.0,"enemies":"3 Cultists","floor":24.0,"turns":4.0},{"damage":15.0,"enemies":"Colosseum Slavers","floor":28.0,"turns":4.0},{"damage":3.0,"enemies":"Colosseum Nobs","floor":28.0,"turns":3.0},{"damage":0.0,"enemies":"Chosen and Byrds","floor":29.0,"turns":5.0},{"damage":9.0,"enemies":"Slavers","floor":30.0,"turns":6.0},{"damage":1.0,"enemies":"Centurion and Healer","floor":31.0,"turns":3.0},{"damage":74,"enemies":"Champ","floor":33,"turns":11}],"seed_played":"8258202795787615416","potions_obtained":[{"floor":2.0,"key":"Fruit Juice"},{"floor":3.0,"key":"Weak Potion"},{"floor":4.0,"key":"Swift Potion"},{"floor":5.0,"key":"Swift Potion"},{"floor":10.0,"key":"Regen Potion"},{"floor":14.0,"key":"PowerPotion"},{"floor":18.0,"key":"Strength Potion"},{"floor":24.0,"key":"BloodPotion"},{"floor":29.0,"key":"Swift Potion"}],"is_trial":false,"path_per_floor":["M","M","M","M","M","R","E","R","T","M","$","M","E","M","R","B",null,"M","?","$","M","M","R","M","R","T","R","?","M","E","M","R","B"],"character_chosen":"IRONCLAD","items_purchased":["HandDrill","Bag of Preparation","Bag of Marbles"],"campfire_rested":0,"item_purchase_floors":[11,11,20],"current_hp_per_floor":[54,56,56,54,57,57,39,39,39,42,42,48,31,37,37,23,66,59,59,59,65,69,69,63,63,63,63,65,71,68,73,73,0],"gold":263,"neow_bonus":"ONE_RARE_RELIC","is_prod":false,"is_daily":false,"chose_seed":false,"campfire_upgraded":7,"win_rate":0,"timestamp":1548628502,"path_taken":["M","?","M","M","M","R","E","R","T","M","$","M","E","M","R","BOSS","M","?","$","M","M","R","M","R","T","R","?","M","E","M","R","BOSS"],"build_version":"2019-01-23","purchased_purges":2,"victory":false,"max_hp_per_floor":[75,80,80,80,80,80,80,80,80,80,80,80,80,80,80,80,80,80,80,80,80,80,80,80,80,80,80,80,80,80,80,80,80],"card_choices":[{"not_picked":["Headbutt","Flex"],"picked":"Havoc","floor":1.0},{"not_picked":["Second Wind","Warcry"],"picked":"Combust","floor":2.0},{"not_picked":["Power Through","Fire Breathing"],"picked":"Pommel Strike","floor":3.0},{"not_picked":["Clash","Body Slam"],"picked":"Flame Barrier","floor":4.0},{"not_picked":["Wild Strike","Perfected Strike"],"picked":"Carnage","floor":5.0},{"not_picked":["Combust","Dark Embrace"],"picked":"Seeing Red","floor":7.0},{"not_picked":["Reckless Charge","Perfected Strike","Inflame"],"picked":"SKIP","floor":10.0},{"not_picked":["Shrug It Off","Rampage"],"picked":"Evolve","floor":12.0},{"not_picked":["Pommel Strike","Anger"],"picked":"Power Through","floor":13.0},{"not_picked":["Cleave","Shrug It Off","Rupture"],"picked":"SKIP","floor":14.0},{"not_picked":["Feed","Demon Form"],"picked":"Double Tap","floor":16.0},{"not_picked":["Power Through","Headbutt","Corruption"],"picked":"SKIP","floor":18.0},{"not_picked":["Wild Strike","Sword Boomerang"],"picked":"Fiend Fire","floor":21.0},{"not_picked":["Seeing Red","Anger"],"picked":"Battle Trance","floor":22.0},{"not_picked":["Flex","Heavy Blade"],"picked":"Shrug It Off+1","floor":24.0},{"not_picked":["True Grit","Cleave","Shockwave"],"picked":"SKIP","floor":29.0},{"not_picked":["Hemokinesis","Warcry"],"picked":"Exhume","floor":30.0},{"not_picked":["Entrench+1","Pummel","Inflame"],"picked":"SKIP","floor":31.0}],"player_experience":954424,"relics_obtained":[{"floor":7.0,"key":"Pen Nib"},{"floor":9.0,"key":"Lantern"},{"floor":13.0,"key":"Smiling Mask"},{"floor":26.0,"key":"Boot"},{"floor":28.0,"key":"Turnip"},{"floor":28.0,"key":"Letter Opener"},{"floor":30.0,"key":"Oddly Smooth Stone"}],"event_choices":[{"damage_healed":0.0,"max_hp_gain":0.0,"max_hp_loss":0.0,"gold_gain":0.0,"event_name":"Ghosts","player_choice":"Ignored","floor":19.0,"gold_loss":0.0,"damage_taken":0.0},{"damage_healed":0.0,"max_hp_gain":0.0,"max_hp_loss":0.0,"gold_gain":0.0,"event_name":"Colosseum","player_choice":"Fight","floor":28.0,"gold_loss":0.0,"damage_taken":0.0},{"damage_healed":0.0,"max_hp_gain":0.0,"max_hp_loss":0.0,"gold_gain":0.0,"event_name":"Colosseum","player_choice":"Fought Nobs","floor":28.0,"gold_loss":0.0,"damage_taken":0.0}],"is_beta":false,"boss_relics":[{"not_picked":["Runic Cube","Lizard Tail"],"picked":"Empty Cage"}],"items_purged_floors":[11,20],"is_endless":false,"potions_floor_spawned":[2,3,4,5,10,14,18,24,28,29,31],"killed_by":"Champ","ascension_level":20}