{"gold_per_floor":[119,269,282,282,282,282,295,295,295,356,356,375,44,73,73,73],"floor_reached":16,"playtime":389,"items_purged":[],"score":196,"play_id":"17987fdd-e27f-444b-b46d-fae311dbe47a","local_time":"20190129224918","is_ascension_mode":true,"campfire_choices":[{"data":"Melter","floor":6,"key":"SMITH"},{"data":"Dualcast","floor":8,"key":"SMITH"},{"data":"Ball Lightning","floor":11,"key":"SMITH"},{"floor":15,"key":"REST"}],"neow_cost":"NONE","seed_source_timestamp":1741506614091141,"circlet_count":0,"master_deck":["AscendersBane","Strike_B","Strike_B","Strike_B","Strike_B","Defend_B","Defend_B","Defend_B","Defend_B","Zap+1","Dualcast+1","Melter+1","Doubt","Lockon+1","Ball Lightning+1","Glacier","Chill"],"relics":["Cracked Core","Boot","Mercury Hourglass","Letter Opener","PreservedInsect","Unceasing Top","Cables"],"potions_floor_usage":[10,14,16],"damage_taken":[{"damage":4,"enemies":"Jaw Worm","floor":1,"turns":3},{"damage":2,"enemies":"Small Slimes","floor":3,"turns":3},{"damage":0,"enemies":"2 Louse","floor":7,"turns":2},{"damage":5,"enemies":"3 Sentries","floor":10,"turns":3},{"damage":3,"enemies":"Blue Slaver","floor":12,"turns":2},{"damage":13,"enemies":"Lagavulin","floor":14,"turns":3},{"damage":37,"enemies":"Hexaghost","floor":16,"turns":9}],"seed_played":"-5088902127661542482","potions_obtained":[{"floor":1,"key":"Strength Potion"},{"floor":10,"key":"Ancient Potion"},{"floor":12,"key":"SkillPotion"},{"floor":14,"key":"Swift Potion"}],"is_trial":false,"path_per_floor":["M","?","M","?","T","R","M","R","T","?","R","M","$","E","R","B"],"character_chosen":"DEFECT","items_purchased":["Unceasing Top"],"campfire_rested":1,"item_purchase_floors":[13],"current_hp_per_floor":[60,60,58,37,37,37,37,37,37,32,32,29,29,16,37,0],"gold":73,"neow_bonus":"RANDOM_COMMON_RELIC","is_prod":false,"is_daily":false,"chose_seed":false,"campfire_upgraded":3,"win_rate":0,"timestamp":1548798558,"path_taken":["M","?","M","?","?","R","M","R","T","?","R","M","$","E","R","BOSS"],"build_version":"2019-01-23","purchased_purges":0,"victory":false,"max_hp_per_floor":[71,71,71,71,71,71,71,71,71,71,71,71,71,71,71,71],"card_choices":[{"not_picked":["Doom and Gloom","Sweeping Beam"],"picked":"Melter","floor":1},{"not_picked":["Sweeping Beam","Beam Cell"],"picked":"Lockon","floor":3},{"not_picked":["Go for the Eyes","Gash"],"picked":"Ball Lightning","floor":7},{"not_picked":["Rainbow","Barrage"],"picked":"Glacier","floor":12},{"not_picked":["Cold Snap","Turbo"],"picked":"Chill","floor":14}],"player_experience":972452,"relics_obtained":[{"floor":5,"key":"Mercury Hourglass"},{"floor":9,"key":"Letter Opener"},{"floor":14,"key":"Cables"}],"event_choices":[{"damage_healed":0,"gold_gain":150,"player_choice":"AGREE","damage_taken":0,"max_hp_gain":0,"max_hp_loss":0,"event_name":"Liars Game","floor":2,"gold_loss":0,"cards_obtained":["Doubt"]},{"damage_healed":0,"gold_gain":0,"player_choice":"Entered Light","damage_taken":21,"max_hp_gain":0,"max_hp_loss":0,"event_name":"Shining Light","floor":4,"gold_loss":0,"cards_upgraded":["Zap","Lockon"]},{"damage_healed":0,"gold_gain":0,"player_choice":"Searched \u00272\u0027 times","damage_taken":0,"relics_obtained":["PreservedInsect"],"max_hp_gain":0,"max_hp_loss":0,"event_name":"Dead Adventurer","floor":10,"gold_loss":0}],"is_beta":false,"boss_relics":[],"items_purged_floors":[],"is_endless":false,"potions_floor_spawned":[1,10,12,14],"killed_by":"Hexaghost","ascension_level":20}