{"gold_per_floor":[110,32,32,52,76,76,95,95,141,28,28,72,96,160,160,253,253,274,274],"floor_reached":19,"playtime":606,"items_purged":["Decay"],"score":336,"play_id":"cf6b8fef-19d1-425c-a04c-c6f9cd45ef0d","local_time":"20180928123528","is_ascension_mode":true,"campfire_choices":[{"data":"Noxious Fumes","floor":6.0,"key":"SMITH"},{"data":"Prepared","floor":8.0,"key":"SMITH"},{"data":"Infinite Blades","floor":11.0,"key":"SMITH"},{"data":"Neutralize","floor":15,"key":"SMITH"}],"neow_cost":"NONE","seed_source_timestamp":575371843158821,"circlet_count":0,"master_deck":["Defend_G","Defend_G","Defend_G","Defend_G","Defend_G","Strike_G","Strike_G","Strike_G","Strike_G","Strike_G","Survivor","Neutralize+1","AscendersBane","Dagger Spray","Noxious Fumes+1","Injury","Infinite Blades+1","Prepared+1","Reflex","Well Laid Plans","All Out Attack","Dagger Throw","Crippling Poison","Storm of Steel","Terror"],"special_seed":0,"relics":["Cursed Key","Golden Idol","Vajra","Bag of Marbles","Tiny Chest","Runic Pyramid"],"potions_floor_usage":[12,12,14],"damage_taken":[{"damage":3.0,"enemies":"Cultist","floor":1.0,"turns":5.0},{"damage":0.0,"enemies":"Small Slimes","floor":4.0,"turns":3.0},{"damage":1.0,"enemies":"Jaw Worm","floor":5.0,"turns":4.0},{"damage":6.0,"enemies":"Lots of Slimes","floor":7.0,"turns":2.0},{"damage":33,"enemies":"Gremlin Nob","floor":12,"turns":4},{"damage":1,"enemies":"Looter","floor":13,"turns":3},{"damage":4,"enemies":"3 Sentries","floor":14,"turns":6},{"damage":15,"enemies":"Slime Boss","floor":16,"turns":6},{"damage":23,"enemies":"2 Thieves","floor":18,"turns":4},{"damage":45,"enemies":"Shell Parasite","floor":19,"turns":3}],"seed_played":"8755089626421858702","potions_obtained":[{"floor":5.0,"key":"SkillPotion"},{"floor":7.0,"key":"Regen Potion"},{"floor":13,"key":"PowerPotion"}],"is_trial":false,"path_per_floor":["M","$","?","M","M","R","M","R","T","$","R","E","M","E","R","B",null,"M"],"character_chosen":"THE_SILENT","items_purchased":["Noxious Fumes","Well Laid Plans"],"campfire_rested":0,"item_purchase_floors":[2,10],"current_hp_per_floor":[56,56,56,56,55,55,49,49,49,49,49,28,27,23,23,8,52,29,0],"gold":274,"neow_bonus":"BOSS_RELIC","is_prod":false,"is_daily":false,"chose_seed":false,"campfire_upgraded":4,"win_rate":0,"timestamp":1538130928,"path_taken":["M","?","?","M","M","R","?","R","T","?","R","E","M","E","R","BOSS","M","M"],"build_version":"2018-09-27","purchased_purges":1,"victory":false,"max_hp_per_floor":[66,66,66,66,66,66,66,66,66,66,66,66,66,66,66,66,66,66,66],"card_choices":[{"not_picked":["PiercingWail","Dodge and Roll"],"picked":"Dagger Spray","floor":1.0},{"not_picked":["Footwork","Poisoned Stab"],"picked":"Infinite Blades","floor":4.0},{"not_picked":["Outmaneuver","Slice"],"picked":"Prepared","floor":5.0},{"not_picked":["Acrobatics","Dodge and Roll"],"picked":"Reflex","floor":7.0},{"not_picked":["Bullet Time","Accuracy"],"picked":"All Out Attack","floor":12},{"not_picked":["Riddle With Holes","Heel Hook"],"picked":"Dagger Throw","floor":13},{"not_picked":["Acrobatics","Concentrate"],"picked":"Crippling Poison","floor":14},{"not_picked":["Doppelganger","Unload"],"picked":"Storm of Steel","floor":16},{"not_picked":["Dagger Throw","Prepared"],"picked":"Terror","floor":18}],"player_experience":777779,"relics_obtained":[{"floor":9.0,"key":"Vajra"},{"floor":12,"key":"Bag of Marbles"},{"floor":14,"key":"Tiny Chest"}],"event_choices":[{"event_name":"Golden Idol","player_choice":"Take Wound","floor":3.0,"damage_taken":0.0}],"is_beta":false,"boss_relics":[{"not_picked":["Fusion Hammer","White Beast Statue"],"picked":"Runic Pyramid"}],"items_purged_floors":[10],"is_endless":false,"potions_floor_spawned":[5,7,13],"killed_by":"Shell Parasite","ascension_level":18}