{"gold_per_floor":[109,109,120,295,295,295,325,325,399,414,414,430,449,227,227,328,328,343,362,362,379,389,389,424,439,439,450,450,65,65,75,75,172,172,187,65,82,97,117,117,143,143,167,167,192,203,216,249,249,249],"floor_reached":51,"playtime":4828,"items_purged":["Defend_R"],"score":785,"play_id":"5cf055fb-6aaa-4ce9-bc17-79d9cfa7e11b","local_time":"20181219233908","is_ascension_mode":false,"campfire_choices":[{"data":"Metallicize","floor":6.0,"key":"SMITH"},{"data":"Pommel Strike","floor":8.0,"key":"SMITH"},{"data":"Flame Barrier","floor":11.0,"key":"SMITH"},{"data":"Whirlwind","floor":15.0,"key":"SMITH"},{"data":"Immolate","floor":23.0,"key":"SMITH"},{"floor":28.0,"key":"REST"},{"data":"Perfected Strike","floor":30.0,"key":"SMITH"},{"data":"Flame Barrier","floor":32.0,"key":"SMITH"},{"data":"Barricade","floor":40,"key":"SMITH"},{"data":"Impervious","floor":42,"key":"SMITH"},{"data":"Seeing Red","floor":44,"key":"SMITH"},{"data":"Body Slam","floor":49,"key":"SMITH"}],"neow_cost":"NONE","seed_source_timestamp":1588617826192822,"circlet_count":0,"master_deck":["Strike_R","Strike_R","Strike_R","Strike_R","Strike_R","Defend_R","Defend_R+1","Defend_R","Bash+1","Pommel Strike+1","Metallicize+1","Pommel Strike+1","Flame Barrier+1","Whirlwind+1","Ghostly Armor","Reaper","Armaments+1","Body Slam+1","Body Slam+1","Immolate+1","Seeing Red+1","Perfected Strike+1","Body Slam+1","Metallicize","Impervious+1","Flame Barrier+1","Barricade+1","Iron Wave+1","Shrug It Off","Entrench+1","Iron Wave+1","Demon Form"],"special_seed":0,"relics":["Burning Blood","Spirit Poop","Calipers","Paper Frog","Lantern","Sozu","Bronze Scales","Question Card","Centennial Puzzle","Coffee Dripper","Happy Flower","Strawberry","Meat on the Bone","War Paint"],"potions_floor_usage":[],"damage_taken":[{"damage":5.0,"enemies":"Small Slimes","floor":1.0,"turns":5.0},{"damage":5.0,"enemies":"Jaw Worm","floor":3.0,"turns":4.0},{"damage":19.0,"enemies":"3 Sentries","floor":7.0,"turns":10.0},{"damage":0.0,"enemies":"Cultist","floor":10.0,"turns":4.0},{"damage":3.0,"enemies":"Red Slaver","floor":12.0,"turns":5.0},{"damage":3.0,"enemies":"Blue Slaver","floor":13.0,"turns":4.0},{"damage":54.0,"enemies":"Hexaghost","floor":16.0,"turns":13.0},{"damage":12.0,"enemies":"2 Thieves","floor":18.0,"turns":4.0},{"damage":2.0,"enemies":"Shell Parasite","floor":19.0,"turns":5.0},{"damage":9.0,"enemies":"Centurion and Healer","floor":21.0,"turns":4.0},{"damage":20.0,"enemies":"Snake Plant","floor":22.0,"turns":5.0},{"damage":25.0,"enemies":"Book of Stabbing","floor":24.0,"turns":5.0},{"damage":12.0,"enemies":"3 Cultists","floor":25.0,"turns":3.0},{"damage":2.0,"enemies":"Centurion and Healer","floor":27.0,"turns":4.0},{"damage":0.0,"enemies":"Chosen and Byrds","floor":31.0,"turns":4.0},{"damage":44.0,"enemies":"Collector","floor":33.0,"turns":9.0},{"damage":0.0,"enemies":"Orb Walker","floor":35.0,"turns":2.0},{"damage":3.0,"enemies":"3 Darklings","floor":37.0,"turns":3.0},{"damage":0,"enemies":"4 Shapes","floor":38,"turns":6},{"damage":10,"enemies":"Jaw Worm Horde","floor":39,"turns":3},{"damage":0,"enemies":"Reptomancer","floor":41,"turns":4},{"damage":0,"enemies":"Giant Head","floor":45,"turns":7},{"damage":6,"enemies":"Writhing Mass","floor":46,"turns":2},{"damage":7,"enemies":"3 Darklings","floor":47,"turns":3},{"damage":1,"enemies":"Reptomancer","floor":48,"turns":5},{"damage":85,"enemies":"Donu and Deca","floor":50,"turns":14}],"seed_played":"1860894870562588017","potions_obtained":[{"floor":7.0,"key":"GamblersBrew"},{"floor":12.0,"key":"SkillPotion"},{"floor":16.0,"key":"PowerPotion"}],"is_trial":false,"path_per_floor":["M","?","M","?","?","R","E","R","T","M","R","M","M","$","R","B",null,"M","M","?","M","M","R","E","M","T","M","R","$","R","M","R","B",null,"M","$","M","M","M","R","E","R","T","R","E","M","M","E","R","B",null],"character_chosen":"IRONCLAD","items_purchased":["Lantern","Ghostly Armor","Body Slam","Metallicize","Impervious","Centennial Puzzle","Shrug It Off"],"campfire_rested":1,"item_purchase_floors":[14,14,29,29,29,29,36],"current_hp_per_floor":[80,80,80,80,80,80,67,67,67,73,73,76,79,79,79,31,80,78,80,80,80,70,70,51,45,45,49,73,73,73,80,80,52,80,80,80,80,80,76,76,80,80,87,87,87,87,87,87,87,30],"gold":249,"neow_bonus":"UPGRADE_CARD","is_prod":false,"is_daily":false,"chose_seed":false,"campfire_upgraded":11,"win_rate":0.0,"timestamp":1545262748,"path_taken":["M","?","M","?","?","R","E","R","T","?","R","M","M","?","R","BOSS","M","M","?","M","?","R","E","M","T","M","R","$","R","M","R","BOSS","M","?","M","M","M","R","E","R","T","R","E","M","?","E","R","BOSS"],"build_version":"2018-12-13","purchased_purges":1,"victory":true,"max_hp_per_floor":[80,80,80,80,80,80,80,80,80,80,80,80,80,80,80,80,80,80,80,80,80,80,80,80,80,80,80,80,80,80,80,80,80,80,80,80,80,80,80,80,80,80,87,87,87,87,87,87,87,87],"card_choices":[{"not_picked":["Bloodletting","Disarm"],"picked":"Pommel Strike","floor":1.0},{"not_picked":["Entrench","Armaments"],"picked":"Metallicize","floor":3.0},{"not_picked":["Juggernaut","Body Slam"],"picked":"Pommel Strike","floor":7.0},{"not_picked":["Pommel Strike","Dual Wield"],"picked":"Flame Barrier","floor":10.0},{"not_picked":["Headbutt","Body Slam"],"picked":"Whirlwind","floor":12.0},{"not_picked":["True Grit","Clothesline","Armaments"],"picked":"SKIP","floor":13.0},{"not_picked":["Double Tap","Offering"],"picked":"Reaper","floor":16.0},{"not_picked":["True Grit","Anger+1"],"picked":"Armaments","floor":18.0},{"not_picked":["Armaments+1","Clash"],"picked":"Body Slam+1","floor":19.0},{"not_picked":["Clash","Evolve+1"],"picked":"Body Slam+1","floor":21.0},{"not_picked":["Havoc+1","Evolve"],"picked":"Immolate","floor":22.0},{"not_picked":["Anger","Sever Soul"],"picked":"Seeing Red","floor":24.0},{"not_picked":["Clash","Evolve+1"],"picked":"Perfected Strike","floor":25.0},{"not_picked":["Flex+1","True Grit","Thunderclap","Hemokinesis"],"picked":"SKIP","floor":27.0},{"not_picked":["Reckless Charge","Rage","Spot Weakness+1"],"picked":"Flame Barrier","floor":31.0},{"not_picked":["Reaper","Fiend Fire","Exhume"],"picked":"Barricade","floor":33.0},{"not_picked":["Rupture","Anger","Sever Soul"],"picked":"Iron Wave+1","floor":35.0},{"not_picked":["Sentinel","Clothesline","Iron Wave"],"picked":"Entrench+1","floor":37.0},{"not_picked":["Wild Strike","Perfected Strike","True Grit+1","Shockwave+1"],"picked":"SKIP","floor":38},{"not_picked":["Battle Trance","Sword Boomerang","Exhume","Wild Strike"],"picked":"SKIP","floor":39},{"not_picked":["Armaments+1","Berserk","Uppercut","Burning Pact"],"picked":"SKIP","floor":41},{"not_picked":["Sword Boomerang","Heavy Blade","Flex+1"],"picked":"Iron Wave+1","floor":45},{"not_picked":["Burning Pact+1","Clash","Warcry+1","Pommel Strike+1"],"picked":"SKIP","floor":46},{"not_picked":["Shrug It Off","Double Tap","Flex+1","True Grit+1"],"picked":"SKIP","floor":47},{"not_picked":["Blood for Blood+1","Havoc+1","Disarm+1"],"picked":"Demon Form","floor":48}],"player_experience":87082,"relics_obtained":[{"floor":7.0,"key":"Calipers"},{"floor":9.0,"key":"Paper Frog"},{"floor":24.0,"key":"Bronze Scales"},{"floor":26.0,"key":"Question Card"},{"floor":41,"key":"Happy Flower"},{"floor":43,"key":"Strawberry"},{"floor":45,"key":"Meat on the Bone"},{"floor":48,"key":"War Paint"}],"event_choices":[{"damage_healed":0.0,"max_hp_gain":0.0,"max_hp_loss":0.0,"gold_gain":0.0,"event_name":"Living Wall","player_choice":"Grow","floor":2.0,"gold_loss":0.0,"damage_taken":0.0,"cards_upgraded":["Pommel Strike"]},{"damage_healed":0.0,"max_hp_gain":0.0,"max_hp_loss":0.0,"gold_gain":175.0,"event_name":"Liars Game","player_choice":"AGREE","floor":4.0,"gold_loss":0.0,"damage_taken":0.0,"cards_obtained":["Doubt"]},{"cards_removed":["Doubt"],"damage_healed":0.0,"max_hp_gain":0.0,"max_hp_loss":0.0,"gold_gain":0.0,"event_name":"Bonfire Elementals","player_choice":"Offered Curse","floor":5.0,"gold_loss":0.0,"damage_taken":0.0,"relics_obtained":["Spirit Poop"]},{"damage_healed":0.0,"max_hp_gain":0.0,"max_hp_loss":0.0,"gold_gain":0.0,"event_name":"FaceTrader","player_choice":"Leave","floor":20.0,"gold_loss":0.0,"damage_taken":0.0}],"is_beta":false,"boss_relics":[{"not_picked":["Empty Cage","Philosopher\u0027s Stone"],"picked":"Sozu"},{"not_picked":["Black Blood","Runic Cube"],"picked":"Coffee Dripper"}],"items_purged_floors":[36],"is_endless":false,"potions_floor_spawned":[7,12,16,19,24,25,27,37,39,46,48],"ascension_level":0}