{"gold_per_floor":[111,36,36,48,48,48,48,48,117,128,128,153,153,153,153,249,249,268,278,278,291,308,308,308,308,389,416,448,474,503,515,527,636,648,680,692,750,777,789,801,833,845,857,869,677,702,702,38,38,38],"floor_reached":51,"playtime":3166,"items_purged":["Strike_R","Blood for Blood","Evolve"],"score":758,"play_id":"10ba0474-bd48-4474-a820-6ea713e28b43","local_time":"20180720025233","is_ascension_mode":true,"campfire_choices":[{"data":"Bash","floor":6,"key":"SMITH"},{"data":"Pommel Strike","floor":8,"key":"SMITH"},{"data":"Whirlwind","floor":11,"key":"SMITH"},{"data":"Barricade","floor":15,"key":"SMITH"},{"data":"Limit Break","floor":23,"key":"SMITH"},{"data":"Iron Wave","floor":25,"key":"SMITH"},{"floor":32,"key":"REST"},{"data":"Offering","floor":40,"key":"SMITH"},{"floor":42,"key":"REST"},{"floor":44,"key":"REST"},{"floor":49,"key":"REST"}],"neow_cost":"NONE","seed_source_timestamp":46399988547391,"circlet_count":0,"master_deck":["Bash+1","Clash","Pommel Strike+1","Whirlwind+1","Barricade+1","Sever Soul","Clash","Armaments","Clash","Iron Wave+1","RitualDagger","Metallicize+1","Metallicize+1","Entrench+1","Offering+1","Shrug It Off+1","Body Slam+1","Flash of Steel"],"relics":["Burning Blood","Orichalcum","Matryoshka","Juzu Bracelet","Mercury Hourglass","Mummified Hand","Pandora\u0027s Box","MawBank","Question Card","Mark of Pain","Bird Faced Urn","Bottled Flame","Happy Flower","Boot","Strange Spoon","Omamori"],"potions_floor_usage":[16,16,16,33,33,37,38,50,50],"damage_taken":[{"damage":0,"enemies":"2 Louse","floor":1,"turns":3},{"damage":0,"enemies":"Small Slimes","floor":4,"turns":3},{"damage":1,"enemies":"Cultist","floor":10,"turns":4},{"damage":4,"enemies":"3 Sentries","floor":12,"turns":5},{"damage":27,"enemies":"The Guardian","floor":16,"turns":10},{"damage":18,"enemies":"3 Byrds","floor":18,"turns":3},{"damage":6,"enemies":"Shell Parasite","floor":19,"turns":2},{"damage":15,"enemies":"Snake Plant","floor":21,"turns":2},{"damage":9,"enemies":"Snecko","floor":22,"turns":4},{"damage":11,"enemies":"Sentry and Sphere","floor":27,"turns":5},{"damage":15,"enemies":"Centurion and Healer","floor":28,"turns":3},{"damage":9,"enemies":"Cultist and Chosen","floor":29,"turns":7},{"damage":17,"enemies":"Snecko","floor":30,"turns":7},{"damage":0,"enemies":"Champ","floor":33,"turns":17},{"damage":19,"enemies":"3 Shapes","floor":35,"turns":2},{"damage":17,"floor":37,"turns":3},{"damage":10,"enemies":"3 Darklings","floor":38,"turns":3},{"damage":34,"enemies":"Sphere and 2 Shapes","floor":41,"turns":7},{"damage":34,"enemies":"2 Orb Walkers","floor":46,"turns":4},{"damage":32,"enemies":"Donu and Deca","floor":50,"turns":12}],"seed_played":"1675065052868261077","potions_obtained":[{"floor":1,"key":"Strength Potion"},{"floor":5,"key":"Block Potion"},{"floor":5,"key":"SneckoOil"},{"floor":5,"key":"AttackPotion"},{"floor":21,"key":"LiquidBronze"},{"floor":22,"key":"Dexterity Potion"},{"floor":28,"key":"Explosive Potion"},{"floor":37,"key":"Block Potion"},{"floor":41,"key":"Ancient Potion"},{"floor":46,"key":"BloodPotion"}],"is_trial":false,"path_per_floor":["M","$","?","M","?","R","?","R","T","M","R","E","T","?","R","B",null,"M","M","?","M","M","R","?","R","T","M","M","M","M","?","R","B",null,"M","?","?","M","?","R","M","R","T","R","$","E","?","$","R","B"],"character_chosen":"IRONCLAD","items_purchased":["Flash of Steel","Block Potion","Boot","Strange Spoon","Omamori"],"campfire_rested":4,"item_purchase_floors":[45,48,48,48,48],"current_hp_per_floor":[80,80,80,80,80,80,80,80,80,80,80,80,80,73,73,52,80,68,68,62,53,50,50,50,50,50,45,36,33,22,22,46,52,80,67,67,56,60,60,60,36,60,60,80,80,57,57,57,80,66],"gold":38,"neow_bonus":"RANDOM_COMMON_RELIC","is_prod":false,"is_daily":false,"chose_seed":false,"campfire_upgraded":7,"win_rate":0,"timestamp":1532069553,"path_taken":["M","$","?","M","?","R","?","R","T","M","R","E","?","?","R","BOSS","M","M","?","M","M","R","?","R","T","M","M","M","M","?","R","BOSS","M","?","?","M","?","R","M","R","T","R","$","E","?","$","R","BOSS"],"build_version":"2018-07-19v2","purchased_purges":3,"victory":true,"max_hp_per_floor":[80,80,80,80,80,80,80,80,80,80,80,80,80,80,80,80,80,80,80,80,80,80,80,80,80,80,80,80,80,80,80,80,80,80,80,80,80,80,80,80,80,80,80,80,80,80,80,80,80,80],"card_choices":[{"not_picked":["Disarm","Thunderclap"],"picked":"Clash","floor":1},{"not_picked":["Rage","Body Slam"],"picked":"Pommel Strike","floor":4},{"not_picked":["Wild Strike","Clothesline"],"picked":"Whirlwind","floor":10},{"not_picked":["Wild Strike","Pummel"],"picked":"Barricade","floor":12},{"not_picked":["Barricade","Feed"],"picked":"Limit Break","floor":16},{"not_picked":["Body Slam","Perfected Strike+1","Combust"],"picked":"SKIP","floor":18},{"not_picked":["Havoc","Cleave+1"],"picked":"Iron Wave","floor":19},{"not_picked":["Perfected Strike+1","Twin Strike"],"picked":"Metallicize+1","floor":21},{"not_picked":["Disarm","Armaments","Havoc"],"picked":"SKIP","floor":22},{"not_picked":["Thunderclap","Sword Boomerang","Wild Strike","Rampage+1"],"picked":"SKIP","floor":27},{"not_picked":["Havoc","Juggernaut","Seeing Red","Clash+1"],"picked":"SKIP","floor":28},{"not_picked":["Anger","Combust","Heavy Blade+1"],"picked":"Entrench+1","floor":29},{"not_picked":["Whirlwind","Havoc+1","True Grit","Dual Wield"],"picked":"SKIP","floor":30},{"not_picked":["Brutality","Immolate","Barricade"],"picked":"Offering","floor":33},{"not_picked":["Battle Trance+1","Uppercut","Heavy Blade","Flex+1"],"picked":"SKIP","floor":35},{"not_picked":["Anger+1","Disarm","Pommel Strike"],"picked":"Shrug It Off+1","floor":38},{"not_picked":["Cleave+1","True Grit+1","Pommel Strike+1"],"picked":"Body Slam+1","floor":41},{"not_picked":["Reaper","Iron Wave","True Grit+1","Anger"],"picked":"SKIP","floor":46}],"player_experience":131527,"relics_obtained":[{"floor":9,"key":"Matryoshka"},{"floor":12,"key":"Juzu Bracelet"},{"floor":13,"key":"Mercury Hourglass"},{"floor":13,"key":"Mummified Hand"},{"floor":26,"key":"MawBank"},{"floor":26,"key":"Question Card"},{"floor":37,"key":"Bird Faced Urn"},{"floor":43,"key":"Bottled Flame"},{"floor":46,"key":"Happy Flower"}],"event_choices":[{"event_name":"The Cleric","player_choice":"Leave","floor":3,"damage_taken":0},{"event_name":"The Lab","player_choice":"Got Potions","floor":5,"damage_taken":0},{"event_name":"Liars Game","player_choice":"disagreed","floor":7,"damage_taken":0},{"event_name":"Golden Wing","player_choice":"Card Removal","floor":14,"damage_taken":0},{"event_name":"Nest","player_choice":"Joined the Cult","floor":20,"damage_taken":0},{"event_name":"Duplicator","player_choice":"One dupe","floor":24,"damage_taken":0},{"event_name":"Vampires","player_choice":"Ignored","floor":31,"damage_taken":0},{"event_name":"Tomb of Lord Red Mask","player_choice":"Ignored","floor":36,"damage_taken":0},{"event_name":"Mysterious Sphere","player_choice":"Fight","floor":37,"damage_taken":0},{"event_name":"Purifier","player_choice":"One Purge","floor":39,"damage_taken":0},{"event_name":"Falling","player_choice":"Removed Skill","floor":47,"damage_taken":0}],"is_beta":false,"boss_relics":[{"not_picked":["Black Star","Orrery"],"picked":"Pandora\u0027s Box"},{"not_picked":["Astrolabe","Runic Cube"],"picked":"Mark of Pain"}],"items_purged_floors":[2,45,48],"is_endless":false,"potions_floor_spawned":[1,10,21,22,28,29,37,41,46],"ascension_level":1}