{"gold_per_floor":[111,128,128,147,222,253,253,281,330,330,330,102,102,102,102,197,197,214,224,34,34,46,46,46,46,73,73,31,31,47,47,47,145,145,162,178,178,195,38,38,55,55,81,100,100,100,120,220,220,220],"floor_reached":50,"playtime":5870,"items_purged":["Strike_R"],"score":471,"play_id":"6f5d9822-463d-45f2-9b3c-66c25fdc4df3","local_time":"20180702001444","is_ascension_mode":false,"campfire_choices":[{"floor":7.0,"key":"REST"},{"floor":11.0,"key":"REST"},{"data":"Demon Form","floor":13.0,"key":"SMITH"},{"floor":15.0,"key":"REST"},{"floor":23.0,"key":"REST"},{"data":"Armaments","floor":25.0,"key":"SMITH"},{"floor":32.0,"key":"REST"},{"floor":40,"key":"REST"},{"floor":42,"key":"REST"},{"floor":49,"key":"REST"}],"neow_cost":"","seed_source_timestamp":0,"circlet_count":0,"master_deck":["Strike_R","Strike_R","Strike_R","Strike_R","Defend_R+1","Defend_R","Defend_R+1","Bash","Demon Form+1","Pummel+1","Feed","Shrug It Off+1","Offering+1","Armaments+1","RitualDagger","Dual Wield+1","Impervious","Headbutt+1","Warcry","Rampage","Battle Trance","Madness"],"special_seed":0,"relics":["Black Blood","Letter Opener","Ancient Tea Set","War Paint","Membership Card","Frozen Eye","Juzu Bracelet","Fusion Hammer","Bronze Scales"],"potions_floor_usage":[33,33,35,50,50],"damage_taken":[{"damage":3.0,"enemies":"Jaw Worm","floor":1.0,"turns":5.0},{"damage":7.0,"enemies":"Small Slimes","floor":2.0,"turns":4.0},{"damage":2.0,"enemies":"2 Louse","floor":4.0,"turns":3.0},{"damage":36.0,"enemies":"Lagavulin","floor":6.0,"turns":7.0},{"damage":31.0,"enemies":"3 Sentries","floor":8.0,"turns":8.0},{"damage":50.0,"enemies":"Slime Boss","floor":16.0,"turns":11.0},{"damage":24.0,"enemies":"Spheric Guardian","floor":18.0,"turns":4.0},{"damage":44.0,"enemies":"2 Thieves","floor":19.0,"turns":4.0},{"damage":27.0,"enemies":"Sentry and Sphere","floor":22.0,"turns":7.0},{"damage":28.0,"enemies":"3 Cultists","floor":30.0,"turns":5.0},{"damage":28,"enemies":"Automaton","floor":33,"turns":6},{"damage":43,"enemies":"3 Darklings","floor":35,"turns":7},{"damage":6,"enemies":"3 Shapes","floor":36,"turns":6},{"damage":25,"enemies":"Maw","floor":38,"turns":9},{"damage":49,"enemies":"3 Darklings","floor":41,"turns":5},{"damage":26,"enemies":"4 Shapes","floor":44,"turns":6},{"damage":14,"enemies":"Maw","floor":47,"turns":6},{"damage":83,"enemies":"Awakened One","floor":50,"turns":7}],"seed_played":"-4499202632194146657","potions_obtained":[{"floor":1.0,"key":"EssenceOfSteel"},{"floor":4.0,"key":"Dexterity Potion"},{"floor":6.0,"key":"FearPotion"},{"floor":19.0,"key":"SteroidPotion"},{"floor":22.0,"key":"Regen Potion"},{"floor":33,"key":"Fire Potion"},{"floor":38,"key":"Strength Potion"}],"is_trial":false,"path_per_floor":["M","M","?","M","?","E","R","E","T","$","R","$","R","?","R","B",null,"M","M","$","?","M","R","?","R","T","?","$","?","M","?","R","B",null,"M","M","?","M","$","R","M","R","T","M","?","?","M","?","R"],"character_chosen":"IRONCLAD","items_purchased":["Shrug It Off","Membership Card","Frozen Eye","Armaments","PowerPotion","Rampage","Strength Potion"],"campfire_rested":8,"item_purchase_floors":[],"current_hp_per_floor":[72,71,64,68,57,27,48,26,26,26,48,48,48,33,55,14,78,67,36,36,36,22,48,48,48,48,42,42,42,27,27,54,54,93,60,67,67,52,52,80,41,69,69,57,57,57,53,53,83,0],"gold":220,"neow_bonus":"","is_prod":false,"is_daily":false,"chose_seed":false,"campfire_upgraded":2,"win_rate":0.0,"timestamp":1530504884,"path_taken":["M","M","?","M","?","E","R","E","T","?","R","$","R","?","R","BOSS","M","M","$","?","M","R","?","R","T","?","$","?","M","?","R","BOSS","M","M","?","M","$","R","M","R","T","M","?","?","M","?","R","BOSS"],"build_version":"2018-06-28","purchased_purges":1,"victory":false,"max_hp_per_floor":[72,72,72,72,72,72,72,75,75,75,75,75,75,75,75,78,78,81,84,84,84,87,87,87,87,87,87,87,87,90,90,90,93,93,93,96,96,96,96,96,96,96,96,100,100,100,100,100,100,100],"card_choices":[{"not_picked":["Barricade","Berserk"],"picked":"Demon Form","floor":0.0},{"not_picked":["Metallicize","Body Slam"],"picked":"Pummel","floor":1.0},{"not_picked":["Feel No Pain","Corruption","Spot Weakness"],"picked":"SKIP","floor":2.0},{"not_picked":["Searing Blow","Thunderclap","True Grit"],"picked":"SKIP","floor":4.0},{"not_picked":["Infernal Blade","Clothesline"],"picked":"Feed","floor":6.0},{"not_picked":["Inflame","Evolve","Uppercut"],"picked":"SKIP","floor":8.0},{"not_picked":["Brutality","Impervious"],"picked":"Offering","floor":16.0},{"not_picked":["Thunderclap","Cleave+1","Whirlwind+1"],"picked":"SKIP","floor":18.0},{"not_picked":["Combust","Clothesline","Body Slam"],"picked":"SKIP","floor":19.0},{"not_picked":["Clash+1","Iron Wave","Wild Strike"],"picked":"SKIP","floor":22.0},{"not_picked":["Intimidate+1","Headbutt"],"picked":"Dual Wield","floor":30.0},{"not_picked":["Demon Form","Bludgeon"],"picked":"Impervious","floor":33},{"not_picked":["Blood for Blood+1","Twin Strike"],"picked":"Headbutt+1","floor":35},{"not_picked":["Headbutt+1","Wild Strike+1","Searing Blow+1"],"picked":"SKIP","floor":36},{"not_picked":["Iron Wave+1","Dual Wield"],"picked":"Warcry","floor":38},{"not_picked":["Spot Weakness+1","Headbutt"],"picked":"Battle Trance","floor":41},{"not_picked":["Flex+1","True Grit+1","Rage+1"],"picked":"SKIP","floor":44},{"not_picked":["Mind Blast","Dark Shackles"],"picked":"Madness","floor":46},{"not_picked":["Thunderclap","Pommel Strike","Ghostly Armor"],"picked":"SKIP","floor":47}],"player_experience":87445,"relics_obtained":[{"floor":6.0,"key":"Letter Opener"},{"floor":8.0,"key":"Ancient Tea Set"},{"floor":9.0,"key":"War Paint"},{"floor":26.0,"key":"Juzu Bracelet"},{"floor":43,"key":"Bronze Scales"}],"event_choices":[{"event_name":"Golden Wing","player_choice":"Card Removal","floor":3.0,"damage_taken":0.0},{"event_name":"World of Goop","player_choice":"Gather Gold","floor":5.0,"damage_taken":0.0},{"event_name":"Shining Light","player_choice":"Entered Light","floor":14.0,"damage_taken":0.0},{"event_name":"Beggar","player_choice":"Ignored","floor":21.0,"damage_taken":0.0},{"event_name":"Upgrade Shrine","player_choice":"Upgraded","floor":24.0,"damage_taken":0.0},{"event_name":"Nest","player_choice":"Joined the Cult","floor":27.0,"damage_taken":0.0},{"event_name":"Drug Dealer","player_choice":"Ignored","floor":29.0,"damage_taken":0.0},{"event_name":"Cursed Tome","player_choice":"Ignored","floor":31.0,"damage_taken":0.0},{"event_name":"Upgrade Shrine","player_choice":"Upgraded","floor":37,"damage_taken":0},{"event_name":"Match and Keep!","player_choice":"0 cards matched","floor":45,"damage_taken":0},{"event_name":"SensoryStone","player_choice":"Memory 1","floor":46,"damage_taken":0},{"event_name":"Golden Shrine","player_choice":"Pray","floor":48,"damage_taken":0}],"boss_relics":[{"not_picked":["Philosopher\u0027s Stone","Eternal Feather"],"picked":"Black Blood"},{"not_picked":["Snecko Eye","Astrolabe"],"picked":"Fusion Hammer"}],"items_purged_floors":[39],"is_endless":false,"potions_floor_spawned":[1,4,6,19,22,30,33,38,41,44],"killed_by":"Awakened One","ascension_level":0}