{"gold_per_floor":[115,115,115,131,56,56,56,99,99,99,24,37,37,58,58,189,189,203,203,218,241,256,256,281,281,281,281,304,304,337,380,380,506,506,526,549,96,116,116,156,156,156,156,156,169,189,14,33,33,33],"floor_reached":51,"playtime":3230,"items_purged":["Strike_R","Strike_R+1","Strike_R+1"],"score":1041,"play_id":"a1777335-34c4-46b1-a793-29bdc9fbf188","local_time":"20180810231404","is_ascension_mode":true,"campfire_choices":[{"data":"Bash","floor":6,"key":"SMITH"},{"floor":13,"key":"REST"},{"data":"Clash","floor":15,"key":"SMITH"},{"data":"Clash","floor":23,"key":"SMITH"},{"floor":27,"key":"REST"},{"floor":32,"key":"REST"},{"floor":41,"key":"REST"},{"floor":44,"key":"REST"},{"floor":49,"key":"REST"}],"neow_cost":"PERCENT_DAMAGE","seed_source_timestamp":153909702433086,"circlet_count":0,"master_deck":["Strike_R+1","Defend_R+1","Defend_R+1","Defend_R+1","Bash+1","Metallicize","Clash+1","Dropkick+1","Anger+1","Infernal Blade+1","Clash+1","Shrug It Off+1","Seeing Red+1","Pommel Strike+1","Dropkick","Purity+1","Dropkick+1","Madness+1","Madness+1","Rage+1"],"relics":["Burning Blood","Torii","Golden Idol","Dream Catcher","Bottled Flame","Empty Cage","Enchiridion","Toxic Egg 2","Red Mask","Mercury Hourglass","Runic Cube","DollysMirror","Whetstone","Anchor","Unceasing Top"],"potions_floor_usage":[12,16,24,28,30,33,33,38,45,50,50],"damage_taken":[{"damage":6,"enemies":"Cultist","floor":1,"turns":4},{"damage":9,"enemies":"2 Louse","floor":4,"turns":3},{"damage":30,"enemies":"3 Sentries","floor":8,"turns":14},{"damage":1,"enemies":"Small Slimes","floor":12,"turns":4},{"damage":4,"enemies":"Gremlin Gang","floor":14,"turns":4},{"damage":6,"enemies":"Slime Boss","floor":16,"turns":8},{"damage":2,"enemies":"Chosen","floor":18,"turns":4},{"damage":3,"enemies":"Spheric Guardian","floor":20,"turns":3},{"damage":27,"enemies":"Snake Plant","floor":21,"turns":4},{"damage":22,"enemies":"Centurion and Healer","floor":22,"turns":5},{"damage":17,"enemies":"3 Cultists","floor":24,"turns":4},{"damage":23,"enemies":"Snecko","floor":28,"turns":5},{"damage":1,"floor":30,"turns":3},{"damage":35,"enemies":"Slavers","floor":31,"turns":8},{"damage":36,"enemies":"Champ","floor":33,"turns":7},{"damage":6,"enemies":"Flame Bruiser 1 Orb","floor":35,"turns":5},{"damage":20,"enemies":"3 Darklings","floor":36,"turns":5},{"damage":1,"enemies":"Spire Growth","floor":38,"turns":3},{"damage":56,"enemies":"Nemesis","floor":40,"turns":11},{"damage":8,"enemies":"Transient","floor":45,"turns":5},{"damage":0,"enemies":"Flame Bruiser 2 Orb","floor":46,"turns":3},{"damage":7,"enemies":"Sphere and 2 Shapes","floor":48,"turns":8},{"damage":39,"enemies":"Awakened One","floor":50,"turns":5}],"seed_played":"-7486688531876413198","potions_obtained":[{"floor":1,"key":"SpeedPotion"},{"floor":10,"key":"BloodPotion"},{"floor":10,"key":"FearPotion"},{"floor":10,"key":"Poison Potion"},{"floor":12,"key":"Fire Potion"},{"floor":18,"key":"Weak Potion"},{"floor":21,"key":"Strength Potion"},{"floor":28,"key":"Energy Potion"},{"floor":31,"key":"Dexterity Potion"},{"floor":35,"key":"Regen Potion"},{"floor":40,"key":"Weak Potion"},{"floor":48,"key":"Regen Potion"}],"is_trial":false,"path_per_floor":["M","T","?","M","$","R","$","E","T","?","$","M","R","M","R","B",null,"M","?","M","M","M","R","M","?","T","R","M","?","?","E","R","B",null,"M","M","$","M","?","E","R","?","T","R","M","M","$","M","R","B"],"character_chosen":"IRONCLAD","items_purchased":["Dropkick","DollysMirror","Whetstone","SkillPotion"],"campfire_rested":6,"item_purchase_floors":[11,37,37,47],"current_hp_per_floor":[64,64,40,37,37,37,37,13,13,13,13,27,55,57,57,57,86,90,74,77,56,40,40,29,29,29,57,40,40,45,16,44,14,76,76,62,62,76,76,26,54,42,42,70,68,74,74,73,96,63],"gold":33,"neow_bonus":"TWENTY_PERCENT_HP_BONUS","is_prod":false,"is_daily":false,"chose_seed":false,"campfire_upgraded":3,"win_rate":0,"timestamp":1533957244,"path_taken":["M","?","?","M","$","R","$","E","T","?","?","?","R","M","R","BOSS","M","?","M","M","?","R","M","?","T","R","M","?","?","E","R","BOSS","M","M","$","M","?","E","R","?","T","R","M","?","?","M","R","BOSS"],"build_version":"2018-08-09","purchased_purges":3,"victory":true,"max_hp_per_floor":[96,96,96,96,96,96,96,96,96,96,96,96,96,96,96,96,96,96,96,96,96,96,96,96,96,96,96,96,96,96,96,96,96,96,96,96,96,96,96,96,96,96,96,96,96,96,96,96,96,96],"card_choices":[{"not_picked":["Perfected Strike","Heavy Blade"],"picked":"Metallicize","floor":1},{"not_picked":["Hemokinesis","Evolve","Perfected Strike"],"picked":"SKIP","floor":4},{"not_picked":["Fire Breathing","Double Tap"],"picked":"Clash","floor":8},{"not_picked":["Havoc","Armaments","Pommel Strike"],"picked":"SKIP","floor":12},{"not_picked":["Pummel","Infernal Blade"],"picked":"Anger","floor":13},{"not_picked":["Havoc","Infernal Blade","Sever Soul"],"picked":"SKIP","floor":14},{"not_picked":["Reckless Charge","True Grit"],"picked":"Infernal Blade+1","floor":18},{"not_picked":["Iron Wave","Warcry"],"picked":"Clash","floor":20},{"not_picked":["Bloodletting","Cleave+1","Flame Barrier"],"picked":"SKIP","floor":21},{"not_picked":["Pummel","Clothesline","Iron Wave+1"],"picked":"SKIP","floor":22},{"not_picked":["Heavy Blade+1","Body Slam","Infernal Blade"],"picked":"SKIP","floor":24},{"not_picked":["Entrench+1","Rupture"],"picked":"Shrug It Off+1","floor":28},{"not_picked":["Anger","Second Wind+1","Rage+1"],"picked":"SKIP","floor":31},{"not_picked":["Clothesline","Body Slam+1"],"picked":"Seeing Red+1","floor":32},{"not_picked":["Heavy Blade+1","Armaments+1","Combust"],"picked":"SKIP","floor":35},{"not_picked":["Perfected Strike","Feel No Pain+1"],"picked":"Pommel Strike+1","floor":36},{"not_picked":["Reckless Charge","Corruption+1","Rampage+1"],"picked":"SKIP","floor":38},{"not_picked":["Mind Blast","Jack Of All Trades+1"],"picked":"Purity+1","floor":39},{"not_picked":["Headbutt+1","Body Slam+1","Iron Wave+1"],"picked":"SKIP","floor":40},{"not_picked":["Whirlwind","Burning Pact+1"],"picked":"Dropkick+1","floor":41},{"not_picked":["Sentinel+1","Rupture+1","Heavy Blade+1"],"picked":"SKIP","floor":45},{"not_picked":["Iron Wave","Flex+1","Sword Boomerang+1"],"picked":"SKIP","floor":46},{"not_picked":["Perfected Strike","Inflame","Body Slam"],"picked":"SKIP","floor":48},{"not_picked":["Reaper","Iron Wave+1"],"picked":"Rage+1","floor":49}],"player_experience":194571,"relics_obtained":[{"floor":2,"key":"Torii"},{"floor":8,"key":"Dream Catcher"},{"floor":9,"key":"Bottled Flame"},{"floor":19,"key":"Enchiridion"},{"floor":26,"key":"Toxic Egg 2"},{"floor":30,"key":"Red Mask"},{"floor":31,"key":"Mercury Hourglass"},{"floor":40,"key":"Anchor"},{"floor":43,"key":"Unceasing Top"}],"event_choices":[{"event_name":"Golden Idol","player_choice":"Take Damage","floor":3,"damage_taken":0},{"event_name":"The Lab","player_choice":"Got Potions","floor":10,"damage_taken":0},{"event_name":"Cursed Tome","player_choice":"Obtained Book","floor":19,"damage_taken":0},{"event_name":"Back to Basics","player_choice":"Simplicity","floor":25,"damage_taken":0},{"event_name":"Vampires","player_choice":"Ignored","floor":29,"damage_taken":0},{"event_name":"Masked Bandits","player_choice":"Fought Bandits","floor":30,"damage_taken":0},{"event_name":"SensoryStone","player_choice":"Memory 1","floor":39,"damage_taken":0},{"event_name":"Winding Halls","player_choice":"Embrace Madness","floor":42,"damage_taken":0}],"is_beta":false,"boss_relics":[{"not_picked":["Philosopher\u0027s Stone","Coffee Dripper"],"picked":"Empty Cage"},{"not_picked":["Mark of Pain","Pandora\u0027s Box"],"picked":"Runic Cube"}],"items_purged_floors":[5,37,47],"is_endless":false,"potions_floor_spawned":[1,12,18,21,28,31,35,40,48],"ascension_level":8}