{"gold_per_floor":[110,124,144,144,160,160,160,199,199,199,1,15,56,80,80,205,205,221,221,221,237,237,237],"floor_reached":23,"playtime":1225,"items_purged":[],"score":226,"play_id":"8e338f4c-e8b0-4c86-8c84-7ab905530394","local_time":"20190112182613","is_ascension_mode":false,"campfire_choices":[{"data":"Perfected Strike","floor":6,"key":"SMITH"},{"floor":10,"key":"REST"},{"data":"Sword Boomerang","floor":15,"key":"SMITH"}],"neow_cost":"NONE","seed_source_timestamp":169030541519576,"circlet_count":0,"master_deck":["Strike_R","Strike_R","Strike_R","Strike_R","Strike_R","Defend_R","Defend_R","Defend_R+1","Defend_R+1","Bash","Thunderclap","Perfected Strike+1","Demon Form","Sword Boomerang+1","Bludgeon","Sword Boomerang","Shrug It Off","Sword Boomerang","Fire Breathing","Juggernaut","Combust+1","Seeing Red+1","True Grit+1","Perfected Strike","Cleave","Forethought"],"relics":["Burning Blood","Boot","Golden Idol","War Paint","Omamori","Potion Belt","Pear","Astrolabe"],"potions_floor_usage":[14,14,16,23,23],"damage_taken":[{"damage":0,"enemies":"2 Louse","floor":1,"turns":3},{"damage":6,"enemies":"Cultist","floor":2,"turns":3},{"damage":0,"enemies":"Small Slimes","floor":3,"turns":2},{"damage":11,"enemies":"2 Fungi Beasts","floor":5,"turns":4},{"damage":31,"enemies":"3 Sentries","floor":8,"turns":6},{"damage":4,"enemies":"Blue Slaver","floor":12,"turns":2},{"damage":0,"enemies":"Gremlin Nob","floor":13,"turns":3},{"damage":10,"enemies":"Lots of Slimes","floor":14,"turns":2},{"damage":12,"enemies":"Slime Boss","floor":16,"turns":7},{"damage":31,"enemies":"2 Thieves","floor":18,"turns":5},{"damage":22,"enemies":"Chosen","floor":21,"turns":6},{"damage":26,"enemies":"Slavers","floor":23,"turns":2}],"seed_played":"8449356670093309655","potions_obtained":[{"floor":2,"key":"Strength Potion"},{"floor":3,"key":"SteroidPotion"},{"floor":12,"key":"AttackPotion"},{"floor":21,"key":"SkillPotion"}],"is_trial":false,"path_per_floor":["M","M","M","?","M","R","?","E","T","R","$","M","E","M","R","B",null,"M","?","?","M","?","E"],"character_chosen":"IRONCLAD","items_purchased":["Shrug It Off","Potion Belt"],"campfire_rested":1,"item_purchase_floors":[11,11],"current_hp_per_floor":[80,80,80,60,55,55,55,30,30,54,54,56,72,68,68,62,90,65,65,65,49,22,0],"gold":237,"neow_bonus":"RANDOM_COMMON_RELIC","is_prod":false,"is_daily":false,"chose_seed":false,"campfire_upgraded":2,"win_rate":0.0,"timestamp":1547277973,"path_taken":["M","M","M","?","M","R","?","E","T","R","$","?","E","M","R","BOSS","M","?","?","M","?","E"],"build_version":"2019-01-10","purchased_purges":0,"victory":false,"max_hp_per_floor":[80,80,80,80,80,80,80,80,80,80,80,80,90,90,90,90,90,90,90,90,90,90,90],"card_choices":[{"not_picked":["Heavy Blade","True Grit"],"picked":"Thunderclap","floor":1},{"not_picked":["Clash","Body Slam"],"picked":"Perfected Strike","floor":2},{"not_picked":["Pommel Strike","Warcry"],"picked":"Demon Form","floor":3},{"not_picked":["Flex","Twin Strike"],"picked":"Sword Boomerang","floor":5},{"not_picked":["Twin Strike","Pommel Strike"],"picked":"Sword Boomerang","floor":8},{"not_picked":["Ghostly Armor","Clothesline"],"picked":"Iron Wave","floor":12},{"not_picked":["Ghostly Armor","Berserk"],"picked":"Sword Boomerang","floor":13},{"not_picked":["Warcry","Clash"],"picked":"Fire Breathing","floor":14},{"not_picked":["Offering","Berserk"],"picked":"Juggernaut","floor":16},{"not_picked":["Reckless Charge","Searing Blow"],"picked":"Perfected Strike","floor":18},{"not_picked":["Thunderclap+1","Fire Breathing"],"picked":"Cleave","floor":21}],"player_experience":21588,"relics_obtained":[{"floor":8,"key":"War Paint"},{"floor":9,"key":"Omamori"},{"floor":13,"key":"Pear"}],"event_choices":[{"damage_healed":0,"gold_gain":0,"player_choice":"Take Damage","damage_taken":20,"relics_obtained":["Golden Idol"],"max_hp_gain":0,"max_hp_loss":0,"event_name":"Golden Idol","floor":4,"gold_loss":0},{"damage_healed":0,"gold_gain":0,"player_choice":"3 cards matched","damage_taken":0,"max_hp_gain":0,"max_hp_loss":0,"event_name":"Match and Keep!","floor":7,"gold_loss":0,"cards_obtained":["Carnage","Bludgeon","Bash"]},{"damage_healed":0,"gold_gain":0,"player_choice":"Ignored","damage_taken":0,"max_hp_gain":0,"max_hp_loss":0,"event_name":"Vampires","floor":19,"gold_loss":0},{"damage_healed":0,"gold_gain":0,"player_choice":"Ignored","damage_taken":0,"max_hp_gain":0,"max_hp_loss":0,"event_name":"Ghosts","floor":20,"gold_loss":0},{"damage_healed":0,"gold_gain":0,"player_choice":"CARD POTION ","damage_taken":27,"max_hp_gain":0,"max_hp_loss":0,"event_name":"Knowing Skull","floor":22,"potions_obtained":["Ancient Potion"],"gold_loss":0,"cards_obtained":["Forethought"]}],"is_beta":false,"boss_relics":[{"not_picked":["Black Blood","Runic Pyramid"],"picked":"Astrolabe"}],"items_purged_floors":[],"is_endless":false,"potions_floor_spawned":[2,3,12,21],"killed_by":"Slavers","ascension_level":0}