{"gold_per_floor":[111,111,111,130,13,13,31,31,31,55,73,96,131,156,156,287,287,306,325,325,325,348,348,383,383,439,439,2,25,65,65,65,185,185,200,225,225,70,84,84,120,120,120,120,158,179,179,195,195,195],"floor_reached":50,"playtime":5586,"items_purged":[],"score":567,"play_id":"68189232-a6e7-4ba1-88b8-d739c70931b6","local_time":"20190309001235","is_ascension_mode":true,"campfire_choices":[{"data":"Acrobatics","floor":6,"key":"SMITH"},{"data":"Infinite Blades","floor":8,"key":"SMITH"},{"floor":15,"key":"REST"},{"data":"After Image","floor":23,"key":"SMITH"},{"floor":25,"key":"REST"},{"floor":32,"key":"REST"},{"floor":40,"key":"REST"},{"data":"Madness","floor":42,"key":"SMITH"},{"data":"Madness","floor":44,"key":"SMITH"},{"data":"Panache","floor":49,"key":"SMITH"}],"neow_cost":"NONE","seed_source_timestamp":2219560483803320,"circlet_count":0,"master_deck":["Defend_G+1","Defend_G","Defend_G+1","Defend_G","Defend_G","Strike_G","Strike_G","Strike_G","Survivor","Neutralize","Outmaneuver","Injury","Acrobatics+1","Infinite Blades+1","Noxious Fumes","Underhanded Strike","Prepared","Prepared","After Image+1","Well Laid Plans+1","Eviscerate","Backstab","Panache+1","Phantasmal Killer","Flechettes+1","Madness+1","Madness+1","Leg Sweep+1","Backstab","Madness","Neutralize"],"relics":["Ring of the Snake","Lantern","Golden Idol","Tingsha","Ornamental Fan","Sundial","Snake Skull","Black Star","MutagenicStrength","Blood Vial","Blue Candle","Tiny Chest","NlothsMask","Letter Opener","Regal Pillow","PreservedInsect","Busted Crown","War Paint","Anchor","Gremlin Horn","Art of War","Oddly Smooth Stone"],"potions_floor_usage":[10,16,19,24,24,29,46,50,50],"damage_taken":[{"damage":0,"enemies":"2 Louse","floor":1,"turns":3},{"damage":0,"enemies":"Small Slimes","floor":4,"turns":4},{"damage":1,"enemies":"Cultist","floor":7,"turns":5},{"damage":2,"enemies":"Exordium Wildlife","floor":10,"turns":6},{"damage":0,"enemies":"3 Louse","floor":11,"turns":4},{"damage":5,"enemies":"2 Fungi Beasts","floor":12,"turns":4},{"damage":14,"enemies":"3 Sentries","floor":13,"turns":8},{"damage":33,"enemies":"The Guardian","floor":16,"turns":10},{"damage":3,"enemies":"Shell Parasite","floor":18,"turns":8},{"damage":2,"enemies":"Chosen","floor":19,"turns":6},{"damage":9,"enemies":"Snake Plant","floor":22,"turns":5},{"damage":24,"enemies":"Slavers","floor":24,"turns":6},{"damage":1,"enemies":"Snecko","floor":29,"turns":4},{"damage":32,"enemies":"Book of Stabbing","floor":30,"turns":7},{"damage":61,"enemies":"Automaton","floor":33,"turns":11},{"damage":19,"enemies":"3 Darklings","floor":35,"turns":4},{"damage":0,"enemies":"Orb Walker","floor":36,"turns":3},{"damage":6,"enemies":"Jaw Worm Horde","floor":39,"turns":4},{"damage":3,"enemies":"Giant Head","floor":41,"turns":8},{"damage":4,"enemies":"Reptomancer","floor":45,"turns":7},{"damage":4,"enemies":"4 Shapes","floor":46,"turns":4},{"damage":0,"enemies":"Maw","floor":48,"turns":8},{"damage":77,"enemies":"Time Eater","floor":50,"turns":11}],"seed_played":"-7426761538934745494","potions_obtained":[{"floor":4,"key":"Strength Potion"},{"floor":11,"key":"Strength Potion"},{"floor":12,"key":"SteroidPotion"},{"floor":13,"key":"Explosive Potion"},{"floor":18,"key":"Fire Potion"},{"floor":24,"key":"Weak Potion"},{"floor":30,"key":"SneckoOil"},{"floor":39,"key":"Strength Potion"},{"floor":41,"key":"GamblersBrew"},{"floor":46,"key":"Poison Potion"},{"floor":48,"key":"Energy Potion"}],"is_trial":false,"path_per_floor":["M","?","?","M","?","R","M","R","T","M","M","M","E","T","R","B",null,"M","M","?","?","M","R","E","R","T","?","$","M","E","?","R","B",null,"M","M","?","$","M","R","E","R","T","R","E","M","?","M","R","B"],"character_chosen":"THE_SILENT","items_purchased":["Panache","Letter Opener","War Paint"],"campfire_rested":4,"item_purchase_floors":[28,28,38],"current_hp_per_floor":[70,63,63,63,63,63,62,62,62,60,60,55,41,41,62,29,70,67,65,65,65,56,56,32,53,53,53,53,54,24,24,60,1,70,51,53,44,44,40,70,67,67,67,67,65,63,63,65,65,0],"gold":195,"neow_bonus":"RANDOM_COMMON_RELIC","is_prod":false,"is_daily":false,"chose_seed":false,"campfire_upgraded":6,"win_rate":0,"timestamp":1552090355,"path_taken":["M","?","?","M","?","R","?","R","T","M","M","M","E","?","R","BOSS","M","M","?","?","?","R","E","R","T","?","$","?","E","?","R","BOSS","M","M","?","$","M","R","E","R","T","R","E","M","?","M","R","BOSS"],"build_version":"2019-01-23","purchased_purges":0,"victory":false,"max_hp_per_floor":[70,70,70,70,70,70,70,70,70,70,70,70,70,70,70,70,70,70,70,70,70,70,70,70,70,70,70,70,70,70,70,70,70,70,70,70,70,70,70,70,70,70,70,70,70,70,70,70,70,70],"card_choices":[{"not_picked":["Predator","Bane"],"picked":"Outmaneuver","floor":1},{"not_picked":["Escape Plan","Distraction"],"picked":"Acrobatics","floor":4},{"not_picked":["Cloak And Dagger","Dagger Spray"],"picked":"Infinite Blades","floor":7},{"not_picked":["Envenom","Dash"],"picked":"Noxious Fumes","floor":10},{"not_picked":["Outmaneuver","Flying Knee"],"picked":"Underhanded Strike","floor":11},{"not_picked":["Bane","Quick Slash"],"picked":"Prepared","floor":12},{"not_picked":["Prepared","Dagger Spray","Venomology"],"picked":"SKIP","floor":13},{"not_picked":["Dagger Spray","Venomology"],"picked":"Prepared","floor":13},{"not_picked":["Wraith Form v2","Glass Knife"],"picked":"After Image","floor":16},{"not_picked":["Terror+1","Dagger Throw"],"picked":"Well Laid Plans+1","floor":18},{"not_picked":["Deflect","All Out Attack"],"picked":"Eviscerate","floor":19},{"not_picked":["Sucker Punch","Infinite Blades","Concentrate"],"picked":"SKIP","floor":22},{"not_picked":["Tools of the Trade","Terror"],"picked":"Backstab","floor":24},{"not_picked":["Flying Knee","Outmaneuver","Dagger Throw"],"picked":"SKIP","floor":29},{"not_picked":["Predator+1","Cloak And Dagger"],"picked":"Phantasmal Killer","floor":30},{"not_picked":["Quick Slash+1"],"picked":"SKIP","floor":35},{"not_picked":[],"picked":"Flechettes+1","floor":36},{"not_picked":[],"picked":"Leg Sweep+1","floor":39},{"not_picked":["Deadly Poison+1"],"picked":"SKIP","floor":41},{"not_picked":[],"picked":"Backstab","floor":45},{"not_picked":["Deflect+1"],"picked":"SKIP","floor":46},{"not_picked":["Slice+1"],"picked":"SKIP","floor":48}],"player_experience":171136,"relics_obtained":[{"floor":9,"key":"Ornamental Fan"},{"floor":13,"key":"Sundial"},{"floor":14,"key":"Snake Skull"},{"floor":24,"key":"Blood Vial"},{"floor":24,"key":"Blue Candle"},{"floor":26,"key":"Tiny Chest"},{"floor":30,"key":"Regal Pillow"},{"floor":30,"key":"PreservedInsect"},{"floor":41,"key":"Anchor"},{"floor":41,"key":"Gremlin Horn"},{"floor":45,"key":"Art of War"},{"floor":45,"key":"Oddly Smooth Stone"}],"event_choices":[{"cards_removed":["Strike_G"],"damage_healed":0,"gold_gain":0,"player_choice":"Card Removal","damage_taken":7,"max_hp_gain":0,"max_hp_loss":0,"event_name":"Golden Wing","floor":2,"gold_loss":0},{"damage_healed":0,"gold_gain":0,"player_choice":"Take Wound","damage_taken":0,"relics_obtained":["Golden Idol"],"max_hp_gain":0,"max_hp_loss":0,"event_name":"Golden Idol","floor":3,"gold_loss":0,"cards_obtained":["Injury"]},{"damage_healed":0,"gold_gain":0,"player_choice":"Paid Gold","damage_taken":0,"relics_obtained":["Tingsha"],"max_hp_gain":0,"max_hp_loss":0,"event_name":"WeMeetAgain","floor":5,"gold_loss":117},{"damage_healed":0,"gold_gain":0,"player_choice":"Inject Mutagens","damage_taken":0,"relics_obtained":["MutagenicStrength"],"max_hp_gain":0,"max_hp_loss":0,"event_name":"Drug Dealer","floor":20,"gold_loss":0},{"damage_healed":0,"gold_gain":0,"player_choice":"0 cards matched","damage_taken":0,"max_hp_gain":0,"max_hp_loss":0,"event_name":"Match and Keep!","floor":21,"gold_loss":0,"cards_obtained":[]},{"damage_healed":0,"gold_gain":0,"player_choice":"Trade","damage_taken":0,"relics_obtained":["NlothsMask"],"max_hp_gain":0,"max_hp_loss":0,"event_name":"FaceTrader","floor":27,"gold_loss":0},{"cards_removed":["Strike_G"],"damage_healed":0,"gold_gain":0,"player_choice":"Elegance","damage_taken":0,"max_hp_gain":0,"max_hp_loss":0,"event_name":"Back to Basics","floor":31,"gold_loss":0},{"damage_healed":0,"gold_gain":0,"player_choice":"Embrace Madness","damage_taken":9,"max_hp_gain":0,"max_hp_loss":0,"event_name":"Winding Halls","floor":37,"gold_loss":0,"cards_obtained":["Madness","Madness"]},{"damage_healed":0,"gold_gain":0,"player_choice":"2 cards matched","damage_taken":0,"max_hp_gain":0,"max_hp_loss":0,"event_name":"Match and Keep!","floor":47,"gold_loss":0,"cards_obtained":["Madness","Neutralize"]}],"is_beta":false,"boss_relics":[{"not_picked":["Lizard Tail","Orrery"],"picked":"Black Star"},{"not_picked":["Pandora\u0027s Box","Runic Dome"],"picked":"Busted Crown"}],"items_purged_floors":[],"is_endless":false,"potions_floor_spawned":[4,11,12,13,18,24,30,39,41,46,48],"killed_by":"Time Eater","ascension_level":1}