{"gold_per_floor":[112,112,187,199,199,199,199,532,600,600,641,666,680,701,701,831,831,850,874,874,874],"floor_reached":21,"playtime":1189,"items_purged":[],"score":198,"play_id":"07f2a388-a2c3-4f0c-a19c-cb0e288169d5","local_time":"20180718200843","is_ascension_mode":true,"campfire_choices":[{"data":"Strike_R","floor":6,"key":"SMITH"},{"floor":10,"key":"REST"},{"floor":15,"key":"REST"}],"neow_cost":"NONE","seed_source_timestamp":24646310090086,"circlet_count":0,"master_deck":["Strike_R","Strike_R","Strike_R","Strike_R+1","Defend_R","Defend_R","Defend_R","Defend_R","Bash+1","Dropkick"],"relics":["Burning Blood","Golden Idol","Old Coin","Shuriken","Lantern","Busted Crown"],"potions_floor_usage":[13,16,16,21],"damage_taken":[{"damage":6,"enemies":"Jaw Worm","floor":1,"turns":3},{"damage":2,"enemies":"Small Slimes","floor":4,"turns":5},{"damage":31,"enemies":"3 Sentries","floor":8,"turns":11},{"damage":32,"enemies":"Gremlin Nob","floor":11,"turns":5},{"damage":0,"enemies":"2 Louse","floor":12,"turns":2},{"damage":6,"enemies":"Lots of Slimes","floor":13,"turns":5},{"damage":0,"enemies":"Large Slime","floor":14,"turns":3},{"damage":52,"enemies":"The Guardian","floor":16,"turns":11},{"damage":15,"enemies":"Shell Parasite","floor":18,"turns":5},{"damage":55,"enemies":"Spheric Guardian","floor":19,"turns":8},{"damage":35,"enemies":"Cultist and Chosen","floor":21,"turns":6}],"seed_played":"-5874851636730731961","potions_obtained":[{"floor":8,"key":"Ancient Potion"},{"floor":11,"key":"SteroidPotion"},{"floor":12,"key":"AttackPotion"},{"floor":13,"key":"Energy Potion"},{"floor":18,"key":"EssenceOfSteel"}],"is_trial":false,"path_per_floor":["M","?","?","M","?","R","?","E","T","R","E","M","M","M","R","B",null,"M","M","?"],"character_chosen":"IRONCLAD","items_purchased":[],"campfire_rested":2,"item_purchase_floors":[],"current_hp_per_floor":[80,73,65,69,74,74,53,28,28,53,27,33,33,39,64,18,85,76,27,27,0],"gold":874,"neow_bonus":"UPGRADE_CARD","is_prod":false,"is_daily":false,"chose_seed":false,"campfire_upgraded":1,"win_rate":0,"timestamp":1531958923,"path_taken":["M","?","?","M","?","R","?","E","T","R","E","M","?","M","R","BOSS","M","M","?","M"],"build_version":"2018-07-12","purchased_purges":0,"victory":false,"max_hp_per_floor":[80,80,80,80,85,85,85,85,85,85,85,85,85,85,85,85,85,85,85,85,85],"card_choices":[{"not_picked":["Clash","Havoc","Hemokinesis"],"picked":"SKIP","floor":1},{"not_picked":["Flex","Iron Wave","Sword Boomerang"],"picked":"SKIP","floor":4},{"not_picked":["Infernal Blade","Feel No Pain","Carnage"],"picked":"SKIP","floor":8},{"not_picked":["Second Wind","Sword Boomerang"],"picked":"Dropkick","floor":11},{"not_picked":["Anger","Wild Strike","Intimidate"],"picked":"SKIP","floor":12},{"not_picked":["Carnage","Impervious","Hemokinesis"],"picked":"SKIP","floor":13},{"not_picked":["Thunderclap","Iron Wave","Rupture"],"picked":"SKIP","floor":14},{"not_picked":["Anger"],"picked":"SKIP","floor":18},{"not_picked":["True Grit+1"],"picked":"SKIP","floor":19}],"player_experience":119066,"relics_obtained":[{"floor":8,"key":"Old Coin"},{"floor":9,"key":"Shuriken"},{"floor":11,"key":"Lantern"}],"event_choices":[{"event_name":"Golden Wing","player_choice":"Card Removal","floor":2,"damage_taken":0},{"event_name":"FaceTrader","player_choice":"Touch","floor":3,"damage_taken":0},{"event_name":"Big Fish","player_choice":"Donut","floor":5,"damage_taken":0},{"event_name":"Golden Idol","player_choice":"Take Damage","floor":7,"damage_taken":0},{"event_name":"Ghosts","player_choice":"Ignored","floor":20,"damage_taken":0}],"boss_relics":[{"not_picked":["Fusion Hammer","White Beast Statue"],"picked":"Busted Crown"}],"items_purged_floors":[],"is_endless":false,"potions_floor_spawned":[8,11,12,13,18],"killed_by":"Cultist and Chosen","ascension_level":1}