{"gold_per_floor":[118,136,211,221,78,78,113,113,113,113,113,123,136,150,150,251,251,266,366,376,376,389,389,416,416,416,123,143,175,187,213,225,335,347,371,383,395,419,483,495,52,78,78,78,110,127,137,149,149,149],"floor_reached":51,"playtime":2187,"items_purged":["Strike_B","Strike_B"],"score":872,"play_id":"ef19ec6b-1c78-4fbd-92d9-7740675682e4","local_time":"20181011101507","is_ascension_mode":false,"campfire_choices":[{"data":"Zap","floor":6,"key":"SMITH"},{"data":"Biased Cognition","floor":8,"key":"SMITH"},{"data":"Dualcast","floor":11,"key":"SMITH"},{"data":"Buffer","floor":15,"key":"SMITH"},{"data":"Sunder","floor":23,"key":"SMITH"},{"data":"Scrape","floor":25,"key":"SMITH"},{"data":"White Noise","floor":30,"key":"SMITH"},{"data":"Melter","floor":32,"key":"SMITH"},{"data":"Double Energy","floor":40,"key":"SMITH"},{"data":"Coolheaded","floor":44,"key":"SMITH"},{"data":"Thunder Strike","floor":49,"key":"SMITH"}],"neow_cost":"","seed_source_timestamp":1076464482160439,"circlet_count":0,"master_deck":["Strike_B","Strike_B","Defend_B","Defend_B","Defend_B","Zap+1","Dualcast+1","Compile Driver","Coolheaded+1","Steam","Biased Cognition+1","Melter+1","Glacier","Buffer+1","All For One","Scrape+1","Sunder+1","Redo+1","White Noise+1","Core Surge","Double Energy+1","Go for the Eyes+1","Thunder Strike+1","Conserve Battery+1"],"relics":["Cracked Core","Mercury Hourglass","Dream Catcher","Coffee Dripper","Gremlin Horn","Peace Pipe","HandDrill","MawBank","Eternal Feather","Ice Cream","OrangePellets","Matryoshka","Ginger","Vajra","Letter Opener","PreservedInsect"],"potions_floor_usage":[13,16,16,24,28,33,39,42,45,50],"damage_taken":[{"damage":2,"enemies":"Jaw Worm","floor":1,"turns":4},{"damage":0,"enemies":"2 Louse","floor":2,"turns":3},{"damage":0,"enemies":"Cultist","floor":4,"turns":3},{"damage":9,"enemies":"Gremlin Nob","floor":7,"turns":3},{"damage":0,"enemies":"Blue Slaver","floor":12,"turns":2},{"damage":0,"enemies":"Exordium Wildlife","floor":13,"turns":4},{"damage":0,"enemies":"Gremlin Gang","floor":14,"turns":2},{"damage":13,"enemies":"Hexaghost","floor":16,"turns":7},{"damage":1,"enemies":"Shell Parasite","floor":18,"turns":4},{"damage":0,"enemies":"Spheric Guardian","floor":20,"turns":1},{"damage":0,"enemies":"Centurion and Healer","floor":22,"turns":9},{"damage":8,"enemies":"Slavers","floor":24,"turns":4},{"damage":0,"enemies":"Shelled Parasite and Fungi","floor":28,"turns":3},{"damage":0,"enemies":"Gremlin Leader","floor":29,"turns":3},{"damage":0,"enemies":"Snecko","floor":31,"turns":3},{"damage":13,"enemies":"Automaton","floor":33,"turns":11},{"damage":0,"enemies":"3 Darklings","floor":35,"turns":7},{"damage":0,"enemies":"Orb Walker","floor":38,"turns":3},{"damage":0,"enemies":"Mysterious Sphere","floor":39,"turns":4},{"damage":39,"enemies":"Nemesis","floor":42,"turns":7},{"damage":22,"enemies":"2 Orb Walkers","floor":45,"turns":3},{"damage":0,"enemies":"Transient","floor":46,"turns":5},{"damage":26,"enemies":"Spire Growth","floor":47,"turns":4},{"damage":0,"enemies":"4 Shapes","floor":48,"turns":4},{"damage":22,"enemies":"Awakened One","floor":50,"turns":9}],"seed_played":"-4959318105112179481","potions_obtained":[{"floor":4,"key":"Regen Potion"},{"floor":10,"key":"Energy Potion"},{"floor":10,"key":"Ancient Potion"},{"floor":10,"key":"Regen Potion"},{"floor":13,"key":"Ancient Potion"},{"floor":14,"key":"AttackPotion"},{"floor":16,"key":"SteroidPotion"},{"floor":18,"key":"Ancient Potion"},{"floor":28,"key":"FocusPotion"},{"floor":29,"key":"Block Potion"},{"floor":38,"key":"SteroidPotion"},{"floor":39,"key":"Fire Potion"},{"floor":42,"key":"PowerPotion"},{"floor":46,"key":"Explosive Potion"}],"is_trial":false,"path_per_floor":["M","M","?","M","$","R","E","R","T","?","R","M","M","M","R","B",null,"M","?","M","?","M","R","E","R","T","$","M","E","R","M","R","B",null,"M","?","?","M","?","R","$","E","T","R","E","M","M","M","R","B"],"character_chosen":"DEFECT","items_purchased":["Biased Cognition","HandDrill","OrangePellets","Matryoshka"],"campfire_rested":0,"item_purchase_floors":[5,27,41,41],"current_hp_per_floor":[73,73,62,62,62,62,53,53,53,53,53,53,65,65,65,52,75,74,74,74,74,74,74,66,66,66,66,66,66,66,66,66,53,75,75,75,75,75,75,75,75,50,50,62,40,40,14,14,26,4],"gold":149,"neow_bonus":"","is_prod":false,"is_daily":false,"chose_seed":false,"campfire_upgraded":11,"win_rate":0,"timestamp":1539245707,"path_taken":["M","M","?","M","$","R","E","R","T","?","R","?","M","M","R","BOSS","M","?","M","?","M","R","E","R","T","$","?","E","R","M","R","BOSS","M","?","?","?","?","R","$","E","T","R","E","?","?","M","R","BOSS"],"build_version":"2018-10-04v2","purchased_purges":2,"victory":true,"max_hp_per_floor":[75,75,75,75,75,75,75,75,75,75,75,75,75,75,75,75,75,75,75,75,75,75,75,75,75,75,75,75,75,75,75,75,75,75,75,75,75,75,75,75,75,75,75,75,75,75,75,75,75,75],"card_choices":[{"not_picked":["Cold Snap","Blizzard"],"picked":"Compile Driver","floor":1},{"not_picked":["Gash","Cold Snap"],"picked":"Coolheaded","floor":2},{"not_picked":["Stack","Cold Snap"],"picked":"Steam","floor":4},{"not_picked":["BootSequence","Steam"],"picked":"Melter","floor":7},{"not_picked":["Cold Snap","Go for the Eyes","Leap"],"picked":"SKIP","floor":12},{"not_picked":["Redo","BootSequence"],"picked":"Glacier","floor":13},{"not_picked":["Coolheaded","Compile Driver"],"picked":"Buffer","floor":14},{"not_picked":["Amplify","Buffer"],"picked":"All For One","floor":16},{"not_picked":["Redo","Skim"],"picked":"Scrape","floor":18},{"not_picked":["Conserve Battery","Cold Snap","Steam"],"picked":"SKIP","floor":20},{"not_picked":["Auto Shields","Cold Snap"],"picked":"Sunder","floor":22},{"not_picked":["Lockon","Undo"],"picked":"Redo+1","floor":24},{"not_picked":["Turbo","Beam Cell"],"picked":"White Noise","floor":28},{"not_picked":["Leap","Doom and Gloom","Barrage"],"picked":"SKIP","floor":29},{"not_picked":["Steam","Beam Cell","Redo"],"picked":"SKIP","floor":31},{"not_picked":["Amplify","Thunder Strike"],"picked":"Core Surge","floor":33},{"not_picked":["Coolheaded","Conserve Battery+1","Cold Snap"],"picked":"SKIP","floor":35},{"not_picked":["Chaos","Conserve Battery","Stack"],"picked":"SKIP","floor":38},{"not_picked":["Darkness","Go for the Eyes"],"picked":"Double Energy","floor":39},{"not_picked":["Leap+1","Self Repair+1"],"picked":"Go for the Eyes+1","floor":42},{"not_picked":["BootSequence","All For One"],"picked":"Thunder Strike","floor":45},{"not_picked":["Barrage+1","Gash+1"],"picked":"Conserve Battery+1","floor":46},{"not_picked":["Sunder+1","Sweeping Beam","Melter+1"],"picked":"SKIP","floor":47},{"not_picked":["Streamline+1","Barrage+1","Static Discharge"],"picked":"SKIP","floor":48}],"player_experience":819442,"relics_obtained":[{"floor":7,"key":"Mercury Hourglass"},{"floor":9,"key":"Dream Catcher"},{"floor":24,"key":"Gremlin Horn"},{"floor":26,"key":"Peace Pipe"},{"floor":29,"key":"MawBank"},{"floor":39,"key":"Ice Cream"},{"floor":42,"key":"Ginger"},{"floor":43,"key":"Vajra"},{"floor":43,"key":"Letter Opener"},{"floor":45,"key":"PreservedInsect"}],"event_choices":[{"event_name":"World of Goop","player_choice":"Gather Gold","floor":3,"damage_taken":0},{"event_name":"The Lab","player_choice":"Got Potions","floor":10,"damage_taken":0},{"event_name":"Golden Shrine","player_choice":"Pray","floor":19,"damage_taken":0},{"event_name":"Vampires","player_choice":"Ignored","floor":21,"damage_taken":0},{"event_name":"Tomb of Lord Red Mask","player_choice":"Ignored","floor":36,"damage_taken":0},{"event_name":"Purifier","player_choice":"One Purge","floor":37,"damage_taken":0},{"event_name":"Mysterious Sphere","player_choice":"Fight","floor":39,"damage_taken":0}],"is_beta":false,"boss_relics":[{"not_picked":["Runic Pyramid","Lizard Tail"],"picked":"Coffee Dripper"},{"not_picked":["Cursed Key","Pandora\u0027s Box"],"picked":"Eternal Feather"}],"items_purged_floors":[5,27],"is_endless":false,"potions_floor_spawned":[4,13,14,16,18,28,29,31,38,39,42,46],"ascension_level":0}