{"gold_per_floor":[114,114,127,142,158,158,186,212,263,298,325,325,383,182,182,284,284,298,298,298,313,333,365,365,109,136,136,150,167,192,212,212,315,315,334,346,346,357,374,402,402,429,456,456,470,345,377,377,377,474,474],"floor_reached":51,"playtime":3308,"items_purged":["Setup","Accuracy","PiercingWail+1"],"score":1295,"play_id":"e10aaa6a-3a26-4b2e-bd3b-5754c5a621e0","local_time":"20180717215827","daily_mods":["Draft","Heirloom","Time Dilation","Elite Swarm","Uncertain Future","Vintage"],"is_ascension_mode":false,"campfire_choices":[{"data":"Dagger Spray","floor":6,"key":"SMITH"},{"data":"Tactician","floor":12,"key":"SMITH"},{"data":"Footwork","floor":15,"key":"SMITH"},{"data":"Grand Finale","floor":24,"key":"SMITH"},{"data":"Backflip","floor":27,"key":"SMITH"},{"data":"Adrenaline","floor":32,"key":"SMITH"},{"floor":41,"key":"REST"},{"floor":44,"key":"REST"},{"floor":49,"key":"REST"}],"neow_cost":"","seed_source_timestamp":267448049071524,"circlet_count":0,"master_deck":["Dagger Spray+1","Cloak And Dagger+1","Sucker Punch+1","Expertise","Backflip+1","Footwork+1","Poisoned Stab+1","Dodge and Roll","Blur","Backstab","Bouncing Flask+1","Tools of the Trade+1","Tactician+1","After Image+1","Noxious Fumes+1","Backflip","Grand Finale+1","Adrenaline+1","Flash of Steel+1","Sadistic Nature+1","Bandage Up","Footwork+1","Underhanded Strike+1"],"relics":["Ring of the Snake","Bird Faced Urn","Ancient Tea Set","Centennial Puzzle","Omamori","Frozen Egg 2","War Paint","Orichalcum","Potion Belt","Regal Pillow","Boot","Tiny Chest","Whetstone","Empty Cage","Anchor","Torii","Blood Vial","Vajra","Bag of Preparation","Dream Catcher","Molten Egg 2","Blue Candle","Bag of Marbles","Pen Nib","Oddly Smooth Stone","Fusion Hammer","Letter Opener","Art of War","Ornamental Fan","Pantograph","Happy Flower","Dodecahedron","Juzu Bracelet","Strawberry","Bronze Scales","Ice Cream","Dead Branch","Lizard Tail"],"potions_floor_usage":[16,16,21],"damage_taken":[{"damage":0,"enemies":"Cultist","floor":1,"turns":2},{"damage":0,"enemies":"Jaw Worm","floor":3,"turns":3},{"damage":0,"enemies":"2 Louse","floor":4,"turns":2},{"damage":7,"enemies":"Looter","floor":5,"turns":3},{"damage":0,"enemies":"Lagavulin","floor":7,"turns":6},{"damage":3,"enemies":"3 Sentries","floor":10,"turns":4},{"damage":0,"enemies":"Lagavulin","floor":13,"turns":4},{"damage":23,"enemies":"Hexaghost","floor":16,"turns":6},{"damage":11,"enemies":"2 Thieves","floor":18,"turns":3},{"damage":0,"enemies":"Shell Parasite","floor":21,"turns":5},{"damage":0,"enemies":"Cultist and Chosen","floor":22,"turns":8},{"damage":7,"enemies":"Book of Stabbing","floor":23,"turns":5},{"damage":0,"enemies":"Centurion and Healer","floor":28,"turns":6},{"damage":1,"enemies":"Snake Plant","floor":29,"turns":3},{"damage":0,"enemies":"Gremlin Leader","floor":30,"turns":7},{"damage":0,"enemies":"3 Cultists","floor":31,"turns":4},{"damage":37,"enemies":"Champ","floor":33,"turns":11},{"damage":0,"enemies":"Orb Walker","floor":35,"turns":2},{"damage":0,"enemies":"Flame Bruiser 1 Orb","floor":36,"turns":2},{"damage":0,"enemies":"Transient","floor":38,"turns":5},{"damage":0,"enemies":"Spire Growth","floor":39,"turns":3},{"damage":0,"enemies":"2 Orb Walkers","floor":40,"turns":3},{"damage":0,"enemies":"Giant Head","floor":42,"turns":6},{"damage":0,"enemies":"Maw","floor":45,"turns":4},{"damage":0,"enemies":"Nemesis","floor":47,"turns":3},{"damage":0,"floor":48,"turns":2},{"damage":0,"enemies":"Time Eater","floor":50,"turns":8}],"seed_played":"-4385263218108218952","potions_obtained":[{"floor":1,"key":"Regen Potion"},{"floor":3,"key":"Energy Potion"},{"floor":5,"key":"SneckoOil"},{"floor":10,"key":"GhostInAJar"},{"floor":13,"key":"Energy Potion"},{"floor":18,"key":"SneckoOil"},{"floor":23,"key":"SpeedPotion"},{"floor":33,"key":"Energy Potion"},{"floor":38,"key":"SteroidPotion"},{"floor":39,"key":"SmokeBomb"},{"floor":42,"key":"Poison Potion"},{"floor":47,"key":"SkillPotion"}],"is_trial":true,"path_per_floor":["M","$","M","M","M","R","E","T","T","E","T","R","E","$","R","B",null,"M","?","?","M","M","E","R","$","T","R","M","M","E","M","R","B",null,"M","M","?","M","M","E","R","E","T","R","M","$","E","?","R","B"],"character_chosen":"THE_SILENT","items_purchased":["Noxious Fumes+1","Backflip","Bag of Preparation"],"campfire_rested":3,"item_purchase_floors":[14,14,25],"current_hp_per_floor":[70,70,70,70,63,63,65,65,65,68,68,68,70,70,70,51,70,63,50,50,63,71,68,68,68,68,68,75,75,75,75,75,38,75,75,75,65,75,75,75,75,75,75,75,82,82,82,82,82,82,82],"gold":474,"neow_bonus":"","is_prod":false,"is_daily":false,"chose_seed":false,"campfire_upgraded":6,"win_rate":0,"timestamp":1531879107,"path_taken":["M","$","M","M","M","R","E","?","T","E","?","R","E","?","R","BOSS","M","?","?","M","M","E","R","$","T","R","M","?","E","M","R","BOSS","M","M","?","?","M","E","R","E","T","R","M","$","E","?","R","BOSS"],"build_version":"2018-07-12","purchased_purges":3,"victory":false,"max_hp_per_floor":[70,70,70,70,70,70,70,70,70,70,70,70,70,70,70,70,70,70,75,75,75,75,75,75,75,75,75,75,75,75,75,75,75,75,75,75,75,75,75,75,75,75,75,75,82,82,82,82,82,82,82],"card_choices":[{"not_picked":["PiercingWail","Concentrate"],"picked":"Dagger Spray","floor":0},{"not_picked":["Acrobatics","Flying Knee"],"picked":"Cloak And Dagger","floor":0},{"not_picked":["Dash","Malaise"],"picked":"Sucker Punch","floor":0},{"not_picked":["Crippling Poison","Catalyst"],"picked":"Expertise","floor":0},{"not_picked":["Prepared","Outmaneuver"],"picked":"Backflip","floor":0},{"not_picked":["Masterful Stab","Poisoned Stab"],"picked":"Quick Slash","floor":0},{"not_picked":["Blade Dance","Skewer"],"picked":"Footwork","floor":0},{"not_picked":["Outmaneuver","Predator"],"picked":"Poisoned Stab","floor":0},{"not_picked":["Sucker Punch","Riddle With Holes"],"picked":"Dodge and Roll","floor":0},{"not_picked":["Endless Agony","Quick Slash"],"picked":"Blur","floor":0},{"not_picked":["PiercingWail","Underhanded Strike"],"picked":"Accuracy","floor":0},{"not_picked":["PiercingWail","Choke"],"picked":"Backstab","floor":0},{"not_picked":["Deflect","Quick Slash"],"picked":"Bouncing Flask","floor":0},{"not_picked":["Deflect","Underhanded Strike"],"picked":"Sucker Punch","floor":0},{"not_picked":["Bouncing Flask","Caltrops"],"picked":"Setup","floor":0},{"not_picked":["Envenom+1","Bullet Time"],"picked":"Tools of the Trade+1","floor":7},{"not_picked":["Wraith Form v2+1","Tools of the Trade+1"],"picked":"Tactician","floor":10},{"not_picked":["Tools of the Trade+1","Night Terror"],"picked":"After Image+1","floor":13},{"not_picked":["Tactician","Wraith Form v2+1"],"picked":"Grand Finale","floor":16},{"not_picked":["Storm of Steel","Night Terror","A Thousand Cuts+1"],"picked":"SKIP","floor":23},{"not_picked":["Unload+1","Wraith Form v2+1"],"picked":"Adrenaline","floor":30},{"not_picked":["Swift Strike+1","Trip"],"picked":"Flash of Steel+1","floor":37},{"not_picked":["Dramatic Entrance+1","Transmutation"],"picked":"Sadistic Nature+1","floor":37},{"not_picked":["Good Instincts","Secret Technique"],"picked":"Bandage Up","floor":37},{"not_picked":["Bullet Time","Storm of Steel","A Thousand Cuts+1"],"picked":"SKIP","floor":40},{"not_picked":["Deflect","Poisoned Stab+1"],"picked":"PiercingWail+1","floor":41},{"not_picked":["Envenom+1","A Thousand Cuts+1","Venomology"],"picked":"SKIP","floor":42},{"not_picked":["Expertise+1","Deflect"],"picked":"Footwork+1","floor":44},{"not_picked":["Tools of the Trade+1","Glass Knife+1","Corpse Explosion"],"picked":"SKIP","floor":47},{"not_picked":["Deflect","Flying Knee+1"],"picked":"Underhanded Strike+1","floor":48}],"player_experience":101353,"relics_obtained":[{"floor":1,"key":"Ancient Tea Set"},{"floor":3,"key":"Centennial Puzzle"},{"floor":4,"key":"Omamori"},{"floor":5,"key":"Frozen Egg 2"},{"floor":7,"key":"War Paint"},{"floor":8,"key":"Orichalcum"},{"floor":9,"key":"Potion Belt"},{"floor":10,"key":"Regal Pillow"},{"floor":11,"key":"Boot"},{"floor":13,"key":"Tiny Chest"},{"floor":16,"key":"Whetstone"},{"floor":18,"key":"Anchor"},{"floor":21,"key":"Torii"},{"floor":22,"key":"Blood Vial"},{"floor":23,"key":"Vajra"},{"floor":26,"key":"Dream Catcher"},{"floor":28,"key":"Molten Egg 2"},{"floor":29,"key":"Blue Candle"},{"floor":30,"key":"Bag of Marbles"},{"floor":31,"key":"Pen Nib"},{"floor":33,"key":"Oddly Smooth Stone"},{"floor":35,"key":"Letter Opener"},{"floor":36,"key":"Art of War"},{"floor":38,"key":"Ornamental Fan"},{"floor":39,"key":"Pantograph"},{"floor":40,"key":"Happy Flower"},{"floor":42,"key":"Dodecahedron"},{"floor":43,"key":"Juzu Bracelet"},{"floor":45,"key":"Strawberry"},{"floor":47,"key":"Bronze Scales"},{"floor":48,"key":"Ice Cream"},{"floor":50,"key":"Dead Branch"}],"event_choices":[{"event_name":"Forgotten Altar","player_choice":"Shed Blood","floor":19,"damage_taken":0},{"event_name":"Ghosts","player_choice":"Ignored","floor":20,"damage_taken":0},{"event_name":"SensoryStone","player_choice":"Memory 3","floor":37,"damage_taken":0},{"event_name":"MindBloom","player_choice":"Fight","floor":48,"damage_taken":0}],"boss_relics":[{"not_picked":["Runic Dome","Orrery"],"picked":"Empty Cage"},{"not_picked":["Runic Pyramid","Velvet Choker"],"picked":"Fusion Hammer"},{"not_picked":["Sozu","Tiny House"],"picked":"Lizard Tail"}],"items_purged_floors":[14,25,46],"is_endless":true,"potions_floor_spawned":[1,3,5,10,13,18,23,33,36,38,39,42,47,50],"ascension_level":0}