{"gold_per_floor":[110,110,110,110,71,71,90,131,203,156,40,65,116,136,136,260,260,276,299,398,57,71,71,71,132,132,148,23,23,23,23,23,23],"floor_reached":33,"playtime":2888,"items_purged":[],"score":287,"play_id":"a625fb91-fab0-4e38-b1d0-6f1735049ce4","local_time":"20190122152223","is_ascension_mode":true,"campfire_choices":[{"floor":6.0,"key":"REST"},{"floor":15.0,"key":"REST"},{"floor":23.0,"key":"REST"},{"floor":29.0,"key":"REST"},{"floor":32.0,"key":"REST"}],"neow_cost":"NONE","seed_source_timestamp":0,"circlet_count":0,"master_deck":["Strike_B+1","Strike_B","Defend_B","Defend_B+1","Zap+1","Dualcast+1","Echo Form","Leap","Reprogram","Heatsinks","Rebound+1","Enlightenment","Cold Snap+1","Conserve Battery","Buffer","Ball Lightning+1","Hologram+1","Gash+1","Streamline+1","Gash+1","Chrysalis","Finesse","Sweeping Beam+1","Leap","Storm","Gash+1","Melter+1"],"special_seed":0,"relics":["Cracked Core","Golden Idol","Molten Egg 2","Letter Opener","War Paint","Astrolabe","MutagenicStrength","Tiny Chest","Pear"],"potions_floor_usage":[],"damage_taken":[{"damage":7.0,"enemies":"Small Slimes","floor":1.0,"turns":2.0},{"damage":9.0,"enemies":"2 Louse","floor":7.0,"turns":2.0},{"damage":44.0,"enemies":"Gremlin Nob","floor":8.0,"turns":4.0},{"damage":0.0,"enemies":"Jaw Worm","floor":12.0,"turns":1.0},{"damage":11.0,"enemies":"Large Slime","floor":14.0,"turns":4.0},{"damage":6.0,"enemies":"Hexaghost","floor":16.0,"turns":9.0},{"damage":7.0,"enemies":"Chosen","floor":18.0,"turns":4.0},{"damage":16.0,"enemies":"3 Byrds","floor":19.0,"turns":5.0},{"damage":27.0,"enemies":"Shelled Parasite and Fungi","floor":22.0,"turns":6.0},{"damage":28.0,"enemies":"Book of Stabbing","floor":25.0,"turns":5.0},{"damage":27.0,"enemies":"Centurion and Healer","floor":27.0,"turns":9.0},{"damage":69,"enemies":"Champ","floor":33,"turns":8}],"seed_played":"-6344197413952663724","potions_obtained":[{"floor":7.0,"key":"SpeedPotion"},{"floor":8.0,"key":"FearPotion"},{"floor":14.0,"key":"SpeedPotion"},{"floor":19.0,"key":"FocusPotion"},{"floor":22.0,"key":"Regen Potion"}],"is_trial":false,"path_per_floor":["M","?","?","?","$","R","M","E","T","?","$","M","T","M","R","B",null,"M","M","?","$","M","R","?","E","T","M","$","R","$","$","R","B"],"character_chosen":"DEFECT","items_purchased":["Reprogram","Enlightenment","Cold Snap+1","Chrysalis","Finesse","Sweeping Beam+1","Leap","Gash+1","Melter+1"],"campfire_rested":5,"item_purchase_floors":[5,11,11,21,21,21,21,28,28],"current_hp_per_floor":[68,68,54,47,47,67,58,14,14,14,14,14,14,3,23,17,69,62,46,46,46,19,39,39,25,35,8,8,31,31,31,54,0],"gold":23,"neow_bonus":"ONE_RANDOM_RARE_CARD","is_prod":false,"is_daily":false,"chose_seed":false,"campfire_upgraded":0,"win_rate":0,"timestamp":1548188543,"path_taken":["M","?","?","?","$","R","M","E","T","?","$","M","?","M","R","BOSS","M","M","?","$","M","R","?","E","T","M","$","R","?","$","R","BOSS"],"build_version":"2019-01-17v2","purchased_purges":0,"victory":false,"max_hp_per_floor":[75,69,69,69,69,69,69,69,69,69,69,69,69,69,69,69,69,69,69,69,69,69,69,69,69,79,79,79,79,79,79,79,79],"card_choices":[{"not_picked":["Rebound","BootSequence"],"picked":"Leap","floor":1.0},{"not_picked":["Streamline","Steam"],"picked":"Heatsinks","floor":7.0},{"not_picked":["Hologram","Meteor Strike"],"picked":"Rebound","floor":8.0},{"not_picked":["Redo","Stack","Rebound+1"],"picked":"SKIP","floor":12.0},{"not_picked":["Scrape+1","Stack"],"picked":"Conserve Battery","floor":14.0},{"not_picked":["Fission","Biased Cognition"],"picked":"Buffer","floor":16.0},{"not_picked":["Stack","Hologram"],"picked":"Streamline+1","floor":18.0},{"not_picked":["Auto Shields+1","Barrage+1"],"picked":"Gash+1","floor":19.0},{"not_picked":["Heatsinks+1","Fusion+1"],"picked":"Storm","floor":22.0},{"not_picked":["Glacier","Stack","Fusion"],"picked":"SKIP","floor":25.0},{"not_picked":["Fusion","Leap+1","Glacier+1"],"picked":"SKIP","floor":27.0}],"player_experience":253597,"relics_obtained":[{"floor":8.0,"key":"Molten Egg 2"},{"floor":9.0,"key":"Letter Opener"},{"floor":13.0,"key":"War Paint"},{"floor":25.0,"key":"Tiny Chest"},{"floor":26.0,"key":"Pear"}],"event_choices":[{"damage_healed":0.0,"max_hp_gain":0.0,"max_hp_loss":6.0,"gold_gain":0.0,"event_name":"Golden Idol","player_choice":"Lose Max HP","floor":2.0,"gold_loss":0.0,"damage_taken":0.0,"relics_obtained":["Golden Idol"]},{"damage_healed":0.0,"max_hp_gain":0.0,"max_hp_loss":0.0,"gold_gain":0.0,"event_name":"Shining Light","player_choice":"Entered Light","floor":3.0,"gold_loss":0.0,"damage_taken":14.0,"cards_upgraded":["Dualcast","Strike_B"]},{"cards_removed":["Defend_B"],"damage_healed":0.0,"max_hp_gain":0.0,"max_hp_loss":0.0,"gold_gain":0.0,"event_name":"Golden Wing","player_choice":"Card Removal","floor":4.0,"gold_loss":0.0,"damage_taken":7.0},{"damage_healed":0.0,"max_hp_gain":0.0,"max_hp_loss":0.0,"gold_gain":0.0,"event_name":"World of Goop","player_choice":"Left Gold","floor":10.0,"gold_loss":47.0,"damage_taken":0.0},{"damage_healed":0.0,"max_hp_gain":0.0,"max_hp_loss":0.0,"gold_gain":99.0,"event_name":"Nest","player_choice":"Stole From Cult","floor":20.0,"gold_loss":0.0,"damage_taken":0.0},{"damage_healed":0.0,"max_hp_gain":0.0,"max_hp_loss":0.0,"gold_gain":0.0,"event_name":"Drug Dealer","player_choice":"Inject Mutagens","floor":24.0,"gold_loss":0.0,"damage_taken":0.0,"relics_obtained":["MutagenicStrength"]}],"is_beta":false,"boss_relics":[{"not_picked":["Snecko Eye","Coffee Dripper"],"picked":"Astrolabe"}],"items_purged_floors":[],"is_endless":false,"potions_floor_spawned":[7,8,14,19,22],"killed_by":"Champ","ascension_level":2}