{"gold_per_floor":[112,124,124,144,163,204,165,165,192,192,230,230],"floor_reached":12,"playtime":780,"items_purged":[],"score":114,"play_id":"b42de7ec-d7cd-4538-8158-58190a013266","local_time":"20190304194224","is_ascension_mode":true,"campfire_choices":[{"data":"Well Laid Plans","floor":8,"key":"SMITH"}],"neow_cost":"NONE","seed_source_timestamp":13282694851423,"circlet_count":0,"master_deck":["Defend_G","Defend_G","Defend_G","Defend_G","Defend_G","Strike_G","Strike_G","Strike_G","Strike_G","Strike_G","Survivor","Neutralize","Terror","Sucker Punch","Well Laid Plans+1","Acrobatics","Leg Sweep","Infinite Blades","Flash of Steel","Prepared"],"relics":["Ring of the Snake","NeowsBlessing","Golden Idol","Orichalcum","Snake Skull","Happy Flower"],"potions_floor_usage":[11],"damage_taken":[{"damage":0,"enemies":"2 Louse","floor":1,"turns":1},{"damage":0,"enemies":"Cultist","floor":2,"turns":1},{"damage":0,"enemies":"Small Slimes","floor":4,"turns":1},{"damage":5,"enemies":"2 Fungi Beasts","floor":5,"turns":4},{"damage":42,"enemies":"3 Sentries","floor":6,"turns":17},{"damage":14,"enemies":"Gremlin Nob","floor":11,"turns":4},{"damage":4,"enemies":"Large Slime","floor":12,"turns":2}],"seed_played":"-2750830572985738641","potions_obtained":[{"floor":4,"key":"LiquidBronze"},{"floor":11,"key":"FearPotion"}],"is_trial":false,"path_per_floor":["M","M","?","M","M","E","$","R","T","?","E","M"],"character_chosen":"THE_SILENT","items_purchased":["Infinite Blades"],"campfire_rested":0,"item_purchase_floors":[7],"current_hp_per_floor":[63,63,63,63,58,16,16,16,16,16,2,0],"gold":230,"neow_bonus":"THREE_ENEMY_KILL","is_prod":false,"is_daily":false,"chose_seed":false,"campfire_upgraded":1,"win_rate":0,"timestamp":1551724944,"path_taken":["M","M","?","M","M","E","$","R","T","?","E","?"],"build_version":"2019-01-23","purchased_purges":0,"victory":false,"max_hp_per_floor":[70,70,65,65,65,65,65,65,65,65,65,65],"card_choices":[{"not_picked":["PiercingWail","Prepared"],"picked":"Terror","floor":1},{"not_picked":["Terror","Endless Agony"],"picked":"Sucker Punch","floor":2},{"not_picked":["All Out Attack","Blur"],"picked":"Well Laid Plans","floor":4},{"not_picked":["Dodge and Roll","Catalyst"],"picked":"Acrobatics","floor":5},{"not_picked":["Finisher","Terror"],"picked":"Leg Sweep","floor":6},{"not_picked":["Dagger Spray","Predator"],"picked":"Prepared","floor":11}],"player_experience":451536,"relics_obtained":[{"floor":6,"key":"Orichalcum"},{"floor":9,"key":"Snake Skull"},{"floor":11,"key":"Happy Flower"}],"event_choices":[{"damage_healed":0,"gold_gain":0,"player_choice":"Lose Max HP","damage_taken":0,"relics_obtained":["Golden Idol"],"max_hp_gain":0,"max_hp_loss":5,"event_name":"Golden Idol","floor":3,"gold_loss":0},{"damage_healed":0,"gold_gain":0,"player_choice":"1 cards matched","damage_taken":0,"max_hp_gain":0,"max_hp_loss":0,"event_name":"Match and Keep!","floor":10,"gold_loss":0,"cards_obtained":["Flash of Steel"]}],"is_beta":false,"boss_relics":[],"items_purged_floors":[],"is_endless":false,"potions_floor_spawned":[4,11],"killed_by":"Large Slime","ascension_level":6}