{"gold_per_floor":[114,114,137,21,46,46,46,85,85,109,109,130,130,143,143,233,233,246,196,212,225,225,225,263,263,313,336,372,169,210,231,231,329,329,353,353,374,374,374,374,415,415,715,730,229,248,45,70,70,70,70],"floor_reached":52,"playtime":2031,"items_purged":["Strike_R","Strike_R","Strike_R"],"score":1959,"play_id":"f057c223-50a5-45ca-a091-84fcd0cdbcc7","local_time":"20190128001556","is_ascension_mode":true,"campfire_choices":[{"data":"Searing Blow","floor":7.0,"key":"SMITH"},{"data":"Searing Blow+1","floor":11.0,"key":"SMITH"},{"data":"Searing Blow+2","floor":13.0,"key":"SMITH"},{"data":"Searing Blow+3","floor":15.0,"key":"SMITH"},{"data":"Searing Blow+4","floor":23.0,"key":"SMITH"},{"data":"Searing Blow+5","floor":25.0,"key":"SMITH"},{"data":"Searing Blow+6","floor":32,"key":"SMITH"},{"data":"Body Slam","floor":40,"key":"SMITH"},{"data":"Searing Blow+7","floor":42,"key":"SMITH"},{"floor":49,"key":"REST"}],"neow_cost":"NONE","seed_source_timestamp":1572127214524454,"circlet_count":0,"master_deck":["AscendersBane","Defend_R+1","Defend_R+1","Defend_R","Defend_R","Bash","Armaments+1","Clothesline","Searing Blow+8","Carnage","Impervious","Headbutt","Rage+1","Finesse","Evolve","Barricade","Madness","Madness","Body Slam+1","Flame Barrier+1"],"special_seed":0,"relics":["Black Blood","NeowsBlessing","Golden Idol","Nunchaku","Ice Cream","Mark of Pain","Letter Opener","Art of War","Singing Bowl","Oddly Smooth Stone","Sundial","Old Coin","Membership Card","Dodecahedron","Bag of Preparation","Potion Belt"],"potions_floor_usage":[30,33,37,46,48,50],"damage_taken":[{"damage":0.0,"enemies":"2 Louse","floor":1.0,"turns":1.0},{"damage":0.0,"enemies":"Jaw Worm","floor":3.0,"turns":1.0},{"damage":0.0,"enemies":"Cultist","floor":5.0,"turns":1.0},{"damage":17.0,"enemies":"Lagavulin","floor":8.0,"turns":6.0},{"damage":5.0,"enemies":"2 Fungi Beasts","floor":10.0,"turns":4.0},{"damage":25.0,"enemies":"Lots of Slimes","floor":12.0,"turns":5.0},{"damage":4.0,"enemies":"Blue Slaver","floor":14.0,"turns":4.0},{"damage":16.0,"enemies":"The Guardian","floor":16.0,"turns":10.0},{"damage":8.0,"enemies":"Chosen","floor":18.0,"turns":4.0},{"damage":0.0,"enemies":"Spheric Guardian","floor":20.0,"turns":3.0},{"damage":5.0,"enemies":"Snecko","floor":21.0,"turns":4.0},{"damage":3.0,"enemies":"Gremlin Leader","floor":24.0,"turns":7.0},{"damage":15.0,"enemies":"Snake Plant","floor":27.0,"turns":3.0},{"damage":15.0,"enemies":"Book of Stabbing","floor":28.0,"turns":3.0},{"damage":0,"enemies":"Gremlin Leader","floor":30,"turns":4},{"damage":16,"enemies":"Cultist and Chosen","floor":31,"turns":5},{"damage":39,"enemies":"Champ","floor":33,"turns":10},{"damage":0,"enemies":"3 Shapes","floor":35,"turns":6},{"damage":11,"enemies":"3 Darklings","floor":37,"turns":6},{"damage":10,"enemies":"Giant Head","floor":41,"turns":5},{"damage":0,"enemies":"Maw","floor":44,"turns":7},{"damage":9,"enemies":"Writhing Mass","floor":46,"turns":4},{"damage":25,"enemies":"Spire Growth","floor":48,"turns":4},{"damage":45,"enemies":"Awakened One","floor":50,"turns":13},{"damage":28,"enemies":"Time Eater","floor":51,"turns":9}],"seed_played":"5538757400494097029","potions_obtained":[{"floor":3.0,"key":"Weak Potion"},{"floor":12.0,"key":"Ancient Potion"},{"floor":14.0,"key":"EssenceOfSteel"},{"floor":18.0,"key":"Regen Potion"},{"floor":21.0,"key":"SteroidPotion"},{"floor":24.0,"key":"Fire Potion"},{"floor":27.0,"key":"Energy Potion"},{"floor":35,"key":"Block Potion"},{"floor":41,"key":"Block Potion"},{"floor":44,"key":"Strength Potion"}],"is_trial":false,"path_per_floor":["M","?","M","$","M","?","R","E","T","M","R","M","R","M","R","B",null,"M","?","M","M","?","R","E","R","T","M","E","$","E","M","R","B",null,"M","?","M","?","?","R","E","R","T","M","$","M","$","M","R","B","B",null],"character_chosen":"IRONCLAD","items_purchased":["Searing Blow","Finesse","Membership Card","Dodecahedron","Bag of Preparation","Potion Belt","SteroidPotion","FairyPotion","BloodPotion"],"campfire_rested":1,"item_purchase_floors":[4,29,45,45,45,47,47,47,47],"current_hp_per_floor":[74,48,54,54,60,60,60,49,49,50,50,31,31,33,33,23,62,60,60,66,67,67,67,75,75,75,66,59,59,67,57,57,24,65,77,62,61,61,61,61,63,63,63,75,75,78,78,71,87,52,34],"gold":70,"neow_bonus":"THREE_ENEMY_KILL","is_prod":false,"is_daily":false,"chose_seed":false,"campfire_upgraded":9,"win_rate":0,"timestamp":1548630956,"path_taken":["M","?","M","$","M","?","R","E","T","?","R","M","R","?","R","BOSS","M","?","?","M","?","R","E","R","T","?","E","$","E","M","R","BOSS","M","?","M","?","?","R","E","R","T","M","$","?","$","M","R","BOSS","BOSS"],"build_version":"2019-01-23","purchased_purges":3,"victory":true,"max_hp_per_floor":[75,75,75,75,75,75,75,75,75,75,75,75,75,75,75,75,75,75,75,75,75,75,75,75,75,75,75,77,77,79,79,79,79,79,81,81,81,81,81,81,83,83,83,85,85,87,87,87,87,87,87],"card_choices":[{"not_picked":["Anger","Flame Barrier"],"picked":"Armaments","floor":1.0},{"not_picked":["Spot Weakness","Perfected Strike"],"picked":"Clothesline","floor":3.0},{"not_picked":["Sever Soul","Armaments"],"picked":"Carnage","floor":5.0},{"not_picked":["Blood for Blood","Entrench","Dual Wield"],"picked":"SKIP","floor":8.0},{"not_picked":["Heavy Blade","Headbutt","Metallicize"],"picked":"SKIP","floor":10.0},{"not_picked":["Uppercut","Flex"],"picked":"Impervious","floor":12.0},{"not_picked":["Combust","True Grit","Iron Wave"],"picked":"SKIP","floor":14.0},{"not_picked":["Cleave","Twin Strike"],"picked":"Headbutt","floor":18.0},{"not_picked":["Perfected Strike","Heavy Blade","Clash"],"picked":"SKIP","floor":20.0},{"not_picked":["Iron Wave+1","Heavy Blade+1","Blood for Blood"],"picked":"SKIP","floor":21.0},{"not_picked":["Cleave","Sentinel","Inflame"],"picked":"SKIP","floor":24.0},{"not_picked":["Hemokinesis","Anger"],"picked":"Rage+1","floor":27.0},{"not_picked":["Thunderclap","Burning Pact","Limit Break"],"picked":"Singing Bowl","floor":28.0},{"not_picked":["Thunderclap","Perfected Strike","Clothesline"],"picked":"Singing Bowl","floor":30},{"not_picked":["Flame Barrier","Blood for Blood+1"],"picked":"Evolve","floor":31},{"not_picked":["Immolate","Juggernaut"],"picked":"Barricade","floor":33},{"not_picked":["Warcry","True Grit","Wild Strike"],"picked":"Singing Bowl","floor":35},{"not_picked":["Cleave","Corruption+1"],"picked":"Body Slam","floor":37},{"not_picked":["Cleave","Pummel+1","Seeing Red+1"],"picked":"Singing Bowl","floor":41},{"not_picked":["True Grit","Wild Strike","Shrug It Off"],"picked":"Singing Bowl","floor":44},{"not_picked":["Blood for Blood","Infernal Blade","Pommel Strike"],"picked":"Singing Bowl","floor":46},{"not_picked":["Clash","Reaper"],"picked":"Flame Barrier+1","floor":48}],"player_experience":956049,"relics_obtained":[{"floor":8.0,"key":"Nunchaku"},{"floor":9.0,"key":"Ice Cream"},{"floor":24.0,"key":"Letter Opener"},{"floor":26.0,"key":"Art of War"},{"floor":28.0,"key":"Singing Bowl"},{"floor":30,"key":"Oddly Smooth Stone"},{"floor":41,"key":"Sundial"},{"floor":43,"key":"Old Coin"}],"event_choices":[{"damage_healed":0.0,"max_hp_gain":0.0,"max_hp_loss":0.0,"gold_gain":0.0,"event_name":"Golden Idol","player_choice":"Take Damage","floor":2.0,"gold_loss":0.0,"damage_taken":26.0,"relics_obtained":["Golden Idol"]},{"damage_healed":0.0,"max_hp_gain":0.0,"max_hp_loss":0.0,"gold_gain":0.0,"event_name":"Living Wall","player_choice":"Grow","floor":6.0,"gold_loss":0.0,"damage_taken":0.0,"cards_upgraded":["Armaments"]},{"damage_healed":0.0,"max_hp_gain":0.0,"max_hp_loss":0.0,"gold_gain":0.0,"event_name":"Designer","player_choice":"Upgraded Two","floor":19.0,"gold_loss":50.0,"damage_taken":0.0,"cards_upgraded":["Defend_R","Defend_R"]},{"cards_removed":["Strike_R"],"damage_healed":0.0,"max_hp_gain":0.0,"max_hp_loss":0.0,"gold_gain":0.0,"event_name":"Purifier","player_choice":"Purged","floor":22.0,"gold_loss":0.0,"damage_taken":0.0},{"damage_healed":0,"gold_gain":0,"player_choice":"Embrace Madness","damage_taken":15,"max_hp_gain":0,"max_hp_loss":0,"event_name":"Winding Halls","floor":36,"gold_loss":0,"cards_obtained":["Madness","Madness"]},{"damage_healed":0,"gold_gain":0,"player_choice":"Ignored","damage_taken":0,"max_hp_gain":0,"max_hp_loss":0,"event_name":"Tomb of Lord Red Mask","floor":38,"gold_loss":0},{"cards_removed":["Strike_R"],"damage_healed":0,"gold_gain":0,"player_choice":"Purged","damage_taken":0,"max_hp_gain":0,"max_hp_loss":0,"event_name":"Purifier","floor":39,"gold_loss":0}],"is_beta":false,"boss_relics":[{"not_picked":["Snecko Eye","Eternal Feather"],"picked":"Mark of Pain"},{"not_picked":["Velvet Choker","Orrery"],"picked":"Black Blood"}],"items_purged_floors":[4,29,45],"is_endless":false,"potions_floor_spawned":[3,12,14,18,21,24,27,35,41,44],"ascension_level":20}