{"gold_per_floor":[99,99,99,99,99,99,99,99,99,99,99,99,99,73,73,73],"floor_reached":16,"playtime":2178,"items_purged":[],"score":158,"play_id":"3453d52c-cbcb-48b6-b73c-c92e6cf5b06f","local_time":"20190101095811","is_ascension_mode":false,"campfire_choices":[{"floor":7,"key":"REST"},{"floor":15,"key":"REST"}],"neow_cost":"NONE","seed_source_timestamp":0,"circlet_count":0,"master_deck":["Defend_G","Defend_G","Defend_G","Defend_G","Strike_G","Strike_G","Strike_G","Strike_G","Strike_G","Survivor","Neutralize+1","Dodge and Roll","Doppelganger","Caltrops"],"special_seed":0,"relics":["Ectoplasm","Ancient Tea Set","Letter Opener","Juzu Bracelet"],"potions_floor_usage":[12],"damage_taken":[{"damage":0,"enemies":"2 Louse","floor":1,"turns":3},{"damage":0,"enemies":"Jaw Worm","floor":2,"turns":5},{"damage":38,"enemies":"3 Sentries","floor":6,"turns":24},{"damage":43,"enemies":"Lagavulin","floor":8,"turns":13},{"damage":0,"enemies":"Small Slimes","floor":11,"turns":3},{"damage":0,"enemies":"2 Fungi Beasts","floor":12,"turns":3},{"damage":27,"enemies":"Slime Boss","floor":16,"turns":11}],"seed_played":"7472794554869959177","potions_obtained":[{"floor":11,"key":"FearPotion"},{"floor":12,"key":"SmokeBomb"}],"is_trial":false,"path_per_floor":["M","M","?","T","?","E","R","E","T","?","M","M","?","?","R","B"],"character_chosen":"THE_SILENT","items_purchased":[],"campfire_rested":2,"item_purchase_floors":[],"current_hp_per_floor":[70,70,70,70,63,25,46,3,3,3,3,3,3,3,24,0],"gold":73,"neow_bonus":"BOSS_RELIC","is_prod":false,"is_daily":false,"chose_seed":false,"campfire_upgraded":0,"win_rate":0,"timestamp":1546307891,"path_taken":["M","M","?","?","?","E","R","E","T","?","M","M","?","?","R","BOSS"],"build_version":"2018-12-20","purchased_purges":0,"victory":false,"max_hp_per_floor":[70,70,70,70,70,70,70,70,70,70,70,70,70,70,70,70],"card_choices":[{"not_picked":["Sucker Punch","Bane"],"picked":"Dodge and Roll","floor":1},{"not_picked":["Blade Dance","Setup","Bane"],"picked":"SKIP","floor":2},{"not_picked":["Dodge and Roll","Endless Agony","Prepared"],"picked":"SKIP","floor":6},{"not_picked":["Dodge and Roll","Endless Agony","Prepared"],"picked":"SKIP","floor":6},{"not_picked":["All Out Attack","Flying Knee"],"picked":"Doppelganger","floor":8},{"not_picked":["Tactician","Deflect"],"picked":"Caltrops","floor":11},{"not_picked":["Deadly Poison","Endless Agony","Blade Dance"],"picked":"SKIP","floor":12}],"player_experience":298617,"relics_obtained":[{"floor":6,"key":"Ancient Tea Set"},{"floor":8,"key":"Letter Opener"},{"floor":9,"key":"Juzu Bracelet"}],"event_choices":[{"damage_healed":0,"gold_gain":0,"player_choice":"Ignored","damage_taken":0,"max_hp_gain":0,"max_hp_loss":0,"event_name":"Golden Idol","floor":3,"gold_loss":0},{"cards_removed":["Defend_G"],"damage_healed":0,"gold_gain":0,"player_choice":"Card Removal","damage_taken":7,"max_hp_gain":0,"max_hp_loss":0,"event_name":"Golden Wing","floor":5,"gold_loss":0},{"damage_healed":0,"gold_gain":0,"player_choice":"Grow","damage_taken":0,"max_hp_gain":0,"max_hp_loss":0,"event_name":"Living Wall","floor":10,"gold_loss":0,"cards_upgraded":["Neutralize"]},{"damage_healed":0,"gold_gain":30,"player_choice":"Searched \u00271\u0027 times","damage_taken":0,"max_hp_gain":0,"max_hp_loss":0,"event_name":"Dead Adventurer","floor":13,"gold_loss":0},{"damage_healed":0,"gold_gain":0,"player_choice":"Left Gold","damage_taken":0,"max_hp_gain":0,"max_hp_loss":0,"event_name":"World of Goop","floor":14,"gold_loss":26}],"is_beta":false,"boss_relics":[],"items_purged_floors":[],"is_endless":false,"potions_floor_spawned":[11,12],"killed_by":"Slime Boss","ascension_level":0}