{"gold_per_floor":[119,132,152,167,167,167,184,184,184,214,226,226,226,251,251,351,351,366,85,85,85,100,100,115,115,140,150,160,176,176],"floor_reached":30,"playtime":1913,"items_purged":["Strike_R"],"score":363,"play_id":"36149469-ad61-4fd9-b711-928d90147920","local_time":"20180829001400","is_ascension_mode":true,"campfire_choices":[{"data":"Bash","floor":6,"key":"SMITH"},{"floor":8,"key":"REST"},{"data":"Inflame","floor":12,"key":"SMITH"},{"floor":15,"key":"REST"},{"data":"Rampage","floor":23,"key":"SMITH"},{"floor":25,"key":"REST"}],"neow_cost":"TEN_PERCENT_HP_LOSS","seed_source_timestamp":133185184819536,"circlet_count":0,"master_deck":["Strike_R","Defend_R+1","Defend_R","Defend_R","Bash+1","AscendersBane","Rampage+1","Inflame+1","Intimidate+1","Fiend Fire","Inflame","Whirlwind+1"],"relics":["Burning Blood","Darkstone Periapt","Gambling Chip","Centennial Puzzle","Lizard Tail","Lee\u0027s Waffle","Anchor"],"potions_floor_usage":[7,10,16,28,28],"damage_taken":[{"damage":5,"enemies":"Jaw Worm","floor":1,"turns":6},{"damage":11,"enemies":"2 Louse","floor":2,"turns":3},{"damage":1,"enemies":"Cultist","floor":3,"turns":4},{"damage":15,"enemies":"Blue Slaver","floor":4,"turns":7},{"damage":38,"enemies":"Exordium Thugs","floor":7,"turns":5},{"damage":16,"enemies":"Gremlin Nob","floor":10,"turns":3},{"damage":16,"enemies":"Gremlin Gang","floor":11,"turns":6},{"damage":38,"enemies":"Hexaghost","floor":16,"turns":8},{"damage":25,"enemies":"2 Thieves","floor":18,"turns":5},{"damage":23,"enemies":"3 Byrds","floor":22,"turns":7},{"damage":40,"enemies":"3 Cultists","floor":24,"turns":6},{"damage":11,"enemies":"Chosen and Byrds","floor":27,"turns":4},{"damage":3,"enemies":"Sentry and Sphere","floor":28,"turns":3},{"damage":24,"enemies":"Centurion and Healer","floor":29,"turns":5},{"damage":6,"enemies":"Colosseum Slavers","floor":30,"turns":4}],"seed_played":"-8151072734173112818","potions_obtained":[{"floor":1,"key":"Weak Potion"},{"floor":3,"key":"AttackPotion"},{"floor":4,"key":"PowerPotion"},{"floor":11,"key":"Fire Potion"},{"floor":24,"key":"Explosive Potion"},{"floor":27,"key":"Energy Potion"}],"is_trial":false,"path_per_floor":["M","M","M","M","?","R","M","R","T","E","M","R","?","T","R","B",null,"M","$","?","?","M","R","M","R","T","M","M","M"],"character_chosen":"IRONCLAD","items_purchased":["Lee\u0027s Waffle"],"campfire_rested":3,"item_purchase_floors":[19],"current_hp_per_floor":[72,67,72,63,63,63,31,52,52,42,32,32,18,18,39,7,56,37,79,79,79,62,62,28,51,51,46,49,31,25],"gold":176,"neow_bonus":"REMOVE_TWO","is_prod":false,"is_daily":false,"chose_seed":false,"campfire_upgraded":3,"win_rate":0,"timestamp":1535516040,"path_taken":["M","M","M","M","?","R","M","R","T","E","M","R","?","?","R","BOSS","M","$","?","?","M","R","M","R","T","M","M","M","?"],"build_version":"2018-08-23v2","purchased_purges":1,"victory":false,"max_hp_per_floor":[72,72,72,72,72,72,72,72,72,72,72,72,72,72,72,72,72,72,79,79,79,79,79,79,79,79,79,79,79,79],"card_choices":[{"not_picked":["Battle Trance","Anger","Evolve"],"picked":"SKIP","floor":1},{"not_picked":["Carnage","Rage","Perfected Strike"],"picked":"SKIP","floor":2},{"not_picked":["Wild Strike","Clothesline","Havoc"],"picked":"SKIP","floor":3},{"not_picked":["Evolve","Pommel Strike"],"picked":"Rampage","floor":4},{"not_picked":["Flex","Infernal Blade","Havoc"],"picked":"SKIP","floor":7},{"not_picked":["Flex","Sword Boomerang"],"picked":"Inflame","floor":10},{"not_picked":["Heavy Blade","Ghostly Armor"],"picked":"Intimidate","floor":11},{"not_picked":["Dark Embrace","Reaper"],"picked":"Fiend Fire","floor":16},{"not_picked":["Heavy Blade","Twin Strike"],"picked":"Inflame","floor":18},{"not_picked":["Havoc","Body Slam","Wild Strike"],"picked":"SKIP","floor":22},{"not_picked":["Pommel Strike","Double Tap"],"picked":"Whirlwind+1","floor":24},{"not_picked":["True Grit","Clothesline","Warcry"],"picked":"SKIP","floor":27},{"not_picked":["Shockwave","Iron Wave","Wild Strike"],"picked":"SKIP","floor":28},{"not_picked":["Blood for Blood","Thunderclap","Armaments"],"picked":"SKIP","floor":29}],"player_experience":210276,"relics_obtained":[{"floor":9,"key":"Darkstone Periapt"},{"floor":10,"key":"Gambling Chip"},{"floor":14,"key":"Centennial Puzzle"},{"floor":26,"key":"Anchor"}],"event_choices":[{"event_name":"Living Wall","player_choice":"Forget","floor":5,"damage_taken":0},{"event_name":"Shining Light","player_choice":"Entered Light","floor":13,"damage_taken":0},{"event_name":"Purifier","player_choice":"One Purge","floor":20,"damage_taken":0},{"event_name":"Ghosts","player_choice":"Ignored","floor":21,"damage_taken":0},{"event_name":"Colosseum","player_choice":"Fight","floor":30,"damage_taken":0}],"is_beta":false,"boss_relics":[{"not_picked":["White Beast Statue","Mark of Pain"],"picked":"Lizard Tail"}],"items_purged_floors":[19],"is_endless":false,"potions_floor_spawned":[1,3,4,11,24,27],"killed_by":"Colosseum Slavers","ascension_level":11}