{"gold_per_floor":[114,129,54,54,77,77,252,6,30,46,69,69,83,108,108,228,228,249,249,285,285,303,303,317,335,335,335,355,355,375,0,0,128,128,153,178,198,221,234,234],"floor_reached":40,"playtime":3293,"items_purged":["Strike_R","Doubt"],"score":436,"play_id":"31932062-16fe-4aa0-a5a5-79ee96060611","local_time":"20180716013123","is_ascension_mode":false,"campfire_choices":[{"data":"Armaments","floor":6,"key":"SMITH"},{"data":"Rampage","floor":15,"key":"SMITH"},{"data":"Pommel Strike","floor":23,"key":"SMITH"},{"data":"Double Tap","floor":27,"key":"SMITH"},{"data":"Bash","floor":29,"key":"SMITH"},{"data":"Pommel Strike","floor":32,"key":"SMITH"}],"neow_cost":"NONE","seed_source_timestamp":114815377909498,"circlet_count":0,"master_deck":["Strike_R","Strike_R","Strike_R","Strike_R","Defend_R","Defend_R","Defend_R","Defend_R","Bash+1","Rampage+1","Armaments+1","Anger","Dropkick","Thunderclap","Headbutt","Pommel Strike+1","Double Tap+1","Clash+1","Pommel Strike+1","Ghostly","Ghostly","Ghostly+1","Ghostly","Ghostly+1","Dropkick","Whirlwind+1","Metallicize","Pommel Strike+1","Juggernaut","Perfected Strike+1","Warcry","Carnage+1","Pommel Strike","Pommel Strike"],"relics":["Mark of Pain","Golden Idol","Bag of Preparation","Strawberry","Coffee Dripper","Meat on the Bone","Red Mask","Kunai","War Paint","MealTicket","Black Star"],"potions_floor_usage":[16,16,22,30,33,33,37,40],"damage_taken":[{"damage":1,"enemies":"Jaw Worm","floor":1,"turns":3},{"damage":6,"enemies":"2 Louse","floor":2,"turns":3},{"damage":4,"enemies":"Small Slimes","floor":5,"turns":5},{"damage":8,"enemies":"2 Fungi Beasts","floor":10,"turns":4},{"damage":0,"enemies":"Exordium Thugs","floor":11,"turns":4},{"damage":0,"enemies":"Red Slaver","floor":13,"turns":3},{"damage":0,"enemies":"2 Fungi Beasts","floor":14,"turns":2},{"damage":48,"enemies":"Hexaghost","floor":16,"turns":6},{"damage":10,"enemies":"2 Thieves","floor":18,"turns":3},{"damage":46,"floor":20,"turns":6},{"damage":1,"enemies":"Shell Parasite","floor":22,"turns":3},{"damage":6,"enemies":"Snake Plant","floor":24,"turns":4},{"damage":2,"enemies":"Centurion and Healer","floor":25,"turns":5},{"damage":15,"enemies":"Sentry and Sphere","floor":28,"turns":4},{"damage":3,"enemies":"Cultist and Chosen","floor":30,"turns":5},{"damage":1,"enemies":"Collector","floor":33,"turns":6},{"damage":13,"enemies":"3 Darklings","floor":35,"turns":5},{"damage":0,"enemies":"Flame Bruiser 1 Orb","floor":36,"turns":2},{"damage":9,"enemies":"4 Shapes","floor":37,"turns":8},{"damage":23,"enemies":"Maw","floor":38,"turns":9},{"damage":0,"enemies":"3 Darklings","floor":39,"turns":5},{"damage":43,"enemies":"Nemesis","floor":40,"turns":4}],"seed_played":"-2907147501859624975","potions_obtained":[{"floor":1,"key":"SpeedPotion"},{"floor":11,"key":"Strength Potion"},{"floor":13,"key":"GamblersBrew"},{"floor":20,"key":"Ancient Potion"},{"floor":24,"key":"AttackPotion"},{"floor":28,"key":"FearPotion"},{"floor":30,"key":"Poison Potion"},{"floor":36,"key":"Explosive Potion"},{"floor":38,"key":"Energy Potion"},{"floor":39,"key":"PowerPotion"}],"is_trial":false,"path_per_floor":["M","M","$","?","M","R","?","$","T","M","M","?","M","M","R","B",null,"M","T","?","?","M","R","M","M","T","R","M","R","M","$","R","B",null,"M","M","M","M","M"],"character_chosen":"IRONCLAD","items_purchased":["Bag of Preparation","War Paint","MealTicket","Pommel Strike"],"campfire_rested":0,"item_purchase_floors":[8,31,31,31],"current_hp_per_floor":[79,73,73,53,49,49,49,49,56,48,48,77,77,77,77,29,87,77,77,43,43,42,42,36,34,34,34,31,31,28,28,28,27,43,30,30,33,22,22,0],"gold":234,"neow_bonus":"BOSS_RELIC","is_prod":false,"is_daily":false,"chose_seed":false,"campfire_upgraded":6,"win_rate":0.0,"timestamp":1531719083,"path_taken":["M","M","$","?","M","R","?","$","T","M","?","?","?","M","R","BOSS","M","?","?","?","?","R","M","M","T","R","M","R","M","$","R","BOSS","M","?","M","M","M","E"],"build_version":"2018-07-12","purchased_purges":2,"victory":false,"max_hp_per_floor":[80,80,80,80,80,80,80,80,87,87,87,87,87,87,87,87,87,87,87,87,43,43,43,43,43,43,43,43,43,43,43,43,43,43,43,43,43,43,43,43],"card_choices":[{"not_picked":["Sever Soul","Carnage"],"picked":"Rampage","floor":1},{"not_picked":["Bloodletting","Twin Strike"],"picked":"Armaments","floor":2},{"not_picked":["Thunderclap","Headbutt"],"picked":"Anger","floor":5},{"not_picked":["Clothesline","Shrug It Off"],"picked":"Dropkick","floor":10},{"not_picked":["Dropkick","Armaments"],"picked":"Thunderclap","floor":11},{"not_picked":["Rupture","Shockwave"],"picked":"Headbutt","floor":13},{"not_picked":["Heavy Blade","Limit Break"],"picked":"Pommel Strike","floor":14},{"not_picked":["Offering","Brutality"],"picked":"Double Tap","floor":16},{"not_picked":["Warcry","Sever Soul"],"picked":"Clash+1","floor":18},{"not_picked":["True Grit","Headbutt"],"picked":"Pommel Strike+1","floor":20},{"not_picked":["Corruption","Iron Wave"],"picked":"Dropkick","floor":22},{"not_picked":["Rampage","Flex"],"picked":"Whirlwind+1","floor":24},{"not_picked":["Heavy Blade","Reckless Charge","Spot Weakness"],"picked":"SKIP","floor":25},{"not_picked":["Power Through","Uppercut","Intimidate"],"picked":"SKIP","floor":28},{"not_picked":["Dual Wield","Heavy Blade"],"picked":"Metallicize","floor":30},{"not_picked":["Impervious","Brutality"],"picked":"Juggernaut","floor":33},{"not_picked":["Intimidate","Armaments+1"],"picked":"Perfected Strike+1","floor":35},{"not_picked":["Shrug It Off","Seeing Red"],"picked":"Warcry","floor":36},{"not_picked":["Twin Strike","Intimidate+1"],"picked":"Carnage+1","floor":37},{"not_picked":["Sword Boomerang","Shrug It Off"],"picked":"Pommel Strike","floor":38},{"not_picked":["Limit Break","Armaments+1"],"picked":"Pommel Strike","floor":39}],"player_experience":21137,"relics_obtained":[{"floor":9,"key":"Strawberry"},{"floor":19,"key":"Meat on the Bone"},{"floor":20,"key":"Red Mask"},{"floor":26,"key":"Kunai"}],"event_choices":[{"event_name":"Golden Idol","player_choice":"Take Damage","floor":4,"damage_taken":0},{"event_name":"Liars Game","player_choice":"agreed","floor":7,"damage_taken":0},{"event_name":"Big Fish","player_choice":"Banana","floor":12,"damage_taken":0},{"event_name":"Masked Bandits","player_choice":"Fought over 249 gold","floor":20,"damage_taken":0},{"event_name":"Ghosts","player_choice":"Became a Ghost","floor":21,"damage_taken":0}],"boss_relics":[{"not_picked":["Velvet Choker","Runic Dome"],"picked":"Coffee Dripper"},{"not_picked":["Calling Bell","Snecko Eye"],"picked":"Black Star"}],"items_purged_floors":[3,8],"is_endless":false,"potions_floor_spawned":[1,11,13,20,24,28,30,36,38,39],"killed_by":"Nemesis","ascension_level":0}