{"gold_per_floor":[109,184,195,211,229,229,240,256,283,316,340,452,481,493],"floor_reached":14,"playtime":950,"items_purged":[],"score":106,"play_id":"34872983-b932-4857-8279-8499938112fb","local_time":"20190128164552","is_ascension_mode":true,"campfire_choices":[{"floor":6,"key":"REST"}],"neow_cost":"NONE","seed_source_timestamp":1545711804110500,"circlet_count":0,"master_deck":["Strike_B","Strike_B","Strike_B","Strike_B","Defend_B","Defend_B","Defend_B","Defend_B","Zap","Dualcast","Auto Shields","Genetic Algorithm","Conserve Battery","Gash","Loop","Defragment","Cold Snap"],"relics":["Cracked Core","Smiling Mask","MawBank"],"potions_floor_usage":[7,10],"damage_taken":[{"damage":0,"enemies":"Small Slimes","floor":1,"turns":3},{"damage":8,"enemies":"2 Louse","floor":3,"turns":3},{"damage":0,"enemies":"Cultist","floor":4,"turns":4},{"damage":29,"enemies":"Gremlin Gang","floor":5,"turns":8},{"damage":0,"enemies":"Red Slaver","floor":7,"turns":3},{"damage":0,"enemies":"Looter","floor":8,"turns":4},{"damage":22,"enemies":"Gremlin Nob","floor":10,"turns":5},{"damage":18,"enemies":"Large Slime","floor":11,"turns":7},{"damage":10,"enemies":"2 Fungi Beasts","floor":13,"turns":4},{"damage":10,"enemies":"Lagavulin","floor":14,"turns":3}],"seed_played":"-7805406169343221562","potions_obtained":[{"floor":3,"key":"SkillPotion"},{"floor":4,"key":"Fire Potion"},{"floor":7,"key":"Explosive Potion"},{"floor":11,"key":"Weak Potion"}],"is_trial":false,"path_per_floor":["M","?","M","M","M","R","M","M","T","E","M","?","M","E"],"character_chosen":"DEFECT","items_purchased":[],"campfire_rested":1,"item_purchase_floors":[],"current_hp_per_floor":[82,71,63,63,34,58,58,58,58,36,18,18,8,0],"gold":493,"neow_bonus":"TEN_PERCENT_HP_BONUS","is_prod":false,"is_daily":false,"chose_seed":false,"campfire_upgraded":0,"win_rate":0,"timestamp":1548654352,"path_taken":["M","?","M","M","M","R","M","M","T","E","M","?","?","E"],"build_version":"2019-01-23","purchased_purges":0,"victory":false,"max_hp_per_floor":[82,82,82,82,82,82,82,82,82,82,82,82,82,82],"card_choices":[{"not_picked":["Compile Driver","Heatsinks"],"picked":"Auto Shields","floor":1},{"not_picked":["Steam Power","Consume"],"picked":"Genetic Algorithm","floor":3},{"not_picked":["Hologram","Streamline"],"picked":"Conserve Battery","floor":4},{"not_picked":["Sweeping Beam","Compile Driver","Steam Power"],"picked":"SKIP","floor":5},{"not_picked":["BootSequence","Leap","Turbo"],"picked":"SKIP","floor":7},{"not_picked":["Coolheaded","Steam"],"picked":"Gash","floor":8},{"not_picked":["Echo Form","Turbo"],"picked":"Loop","floor":10},{"not_picked":["Beam Cell","Conserve Battery"],"picked":"Defragment","floor":11},{"not_picked":["Barrage","Beam Cell"],"picked":"Cold Snap","floor":13}],"player_experience":104648,"relics_obtained":[{"floor":9,"key":"Smiling Mask"},{"floor":10,"key":"MawBank"}],"event_choices":[{"damage_healed":0,"gold_gain":75,"player_choice":"Gather Gold","damage_taken":11,"max_hp_gain":0,"max_hp_loss":0,"event_name":"World of Goop","floor":2,"gold_loss":0},{"damage_healed":0,"gold_gain":100,"player_choice":"Gold","damage_taken":0,"max_hp_gain":0,"max_hp_loss":0,"event_name":"Wheel of Change","floor":12,"gold_loss":0}],"is_beta":false,"boss_relics":[],"items_purged_floors":[],"is_endless":false,"potions_floor_spawned":[3,4,7,11],"killed_by":"Lagavulin","ascension_level":2}