{"gold_per_floor":[110,129,144,168,180,180,198,198,224,224,241,273,273,273,273,396,396,417,417,542,317,317,317,317],"floor_reached":24,"playtime":1750,"items_purged":[],"score":252,"play_id":"349cf9c1-d3fd-4c62-83f1-c1ae045ef369","local_time":"20190304125133","is_ascension_mode":true,"campfire_choices":[{"data":"Skewer","floor":6.0,"key":"SMITH"},{"data":"Blur","floor":8.0,"key":"SMITH"},{"data":"Backflip","floor":10.0,"key":"SMITH"},{"data":"Neutralize","floor":13.0,"key":"SMITH"},{"floor":15.0,"key":"REST"},{"data":"RitualDagger","floor":23,"key":"SMITH"}],"neow_cost":"NONE","seed_source_timestamp":0,"circlet_count":0,"master_deck":["Defend_G+1","Defend_G+1","Defend_G+1","Defend_G+1","Defend_G+1","Strike_G+1","Strike_G+1","Strike_G+1","Strike_G+1","Strike_G+1","Survivor","Neutralize+1","Skewer+1","Backflip+1","Tactician","Blur+1","Dagger Spray+1","Quick Slash","Acrobatics","Concentrate","After Image","Eviscerate+1","Terror","RitualDagger+1"],"special_seed":0,"relics":["Ring of the Snake","Regal Pillow","Orichalcum","Dream Catcher","Shovel","Golden Idol","Cursed Key","Ginger","Kunai","Whetstone"],"potions_floor_usage":[],"damage_taken":[{"damage":0.0,"enemies":"Cultist","floor":1.0,"turns":5.0},{"damage":0.0,"enemies":"Jaw Worm","floor":2.0,"turns":4.0},{"damage":0.0,"enemies":"Small Slimes","floor":3.0,"turns":3.0},{"damage":1.0,"enemies":"Looter","floor":5.0,"turns":4.0},{"damage":0.0,"enemies":"Exordium Wildlife","floor":7.0,"turns":3.0},{"damage":0.0,"enemies":"2 Fungi Beasts","floor":11.0,"turns":3.0},{"damage":2.0,"enemies":"Gremlin Nob","floor":12.0,"turns":4.0},{"damage":49.0,"enemies":"Hexaghost","floor":16.0,"turns":16.0},{"damage":0.0,"enemies":"Chosen","floor":18.0,"turns":6.0},{"damage":8.0,"enemies":"Colosseum Slavers","floor":20.0,"turns":3.0},{"damage":10.0,"enemies":"Colosseum Nobs","floor":20.0,"turns":4.0},{"damage":34,"enemies":"Slavers","floor":24,"turns":3}],"seed_played":"-918488651193182241","potions_obtained":[{"floor":5.0,"key":"SteroidPotion"},{"floor":7.0,"key":"SneckoOil"},{"floor":11.0,"key":"Explosive Potion"}],"is_trial":false,"path_per_floor":["M","M","M","T","M","R","M","R","T","R","M","E","R","?","R","B",null,"M","?","?","$","?","R","E"],"character_chosen":"THE_SILENT","items_purchased":["Terror","Whetstone"],"campfire_rested":1,"item_purchase_floors":[21,21],"current_hp_per_floor":[63,63,63,63,62,62,62,62,62,62,62,60,60,43,70,21,58,58,58,40,40,34,34,0],"gold":317,"neow_bonus":"RANDOM_COMMON_RELIC","is_prod":false,"is_daily":false,"chose_seed":false,"campfire_upgraded":5,"win_rate":0,"timestamp":1551700293,"path_taken":["M","M","M","?","?","R","M","R","T","R","M","E","R","?","R","BOSS","M","?","?","?","?","R","E"],"build_version":"2019-01-23","purchased_purges":0,"victory":false,"max_hp_per_floor":[70,70,70,70,70,70,70,70,70,70,70,70,70,70,70,70,70,70,70,70,70,70,70,70],"card_choices":[{"not_picked":["Underhanded Strike","Flying Knee"],"picked":"Skewer","floor":1.0},{"not_picked":["Deflect","Deadly Poison"],"picked":"Backflip","floor":2.0},{"not_picked":["Concentrate","Heel Hook"],"picked":"Tactician","floor":3.0},{"not_picked":["Backflip","Cloak And Dagger"],"picked":"Blur","floor":5.0},{"not_picked":["Quick Slash","Bane"],"picked":"Dagger Spray","floor":7.0},{"not_picked":["Flying Knee","Bouncing Flask"],"picked":"Quick Slash","floor":11.0},{"not_picked":["Slice","Unload"],"picked":"Acrobatics","floor":12.0},{"not_picked":["Dodge and Roll","Choke"],"picked":"Concentrate","floor":15.0},{"not_picked":["Night Terror","Unload"],"picked":"After Image","floor":16.0},{"not_picked":["Flechettes+1","Underhanded Strike"],"picked":"Eviscerate","floor":18.0}],"player_experience":444285,"relics_obtained":[{"floor":4.0,"key":"Orichalcum"},{"floor":9.0,"key":"Dream Catcher"},{"floor":12.0,"key":"Shovel"},{"floor":20,"key":"Ginger"},{"floor":20,"key":"Kunai"}],"event_choices":[{"damage_healed":0.0,"max_hp_gain":0.0,"max_hp_loss":0.0,"gold_gain":0.0,"event_name":"Golden Idol","player_choice":"Take Damage","floor":14.0,"gold_loss":0.0,"damage_taken":17.0,"relics_obtained":["Golden Idol"]},{"damage_healed":0.0,"max_hp_gain":0.0,"max_hp_loss":0.0,"gold_gain":0.0,"event_name":"Back to Basics","player_choice":"Simplicity","floor":19.0,"gold_loss":0.0,"damage_taken":0.0,"cards_upgraded":["Defend_G","Defend_G","Defend_G","Defend_G","Defend_G","Strike_G","Strike_G","Strike_G","Strike_G","Strike_G"]},{"damage_healed":0.0,"max_hp_gain":0.0,"max_hp_loss":0.0,"gold_gain":0.0,"event_name":"Colosseum","player_choice":"Fight","floor":20.0,"gold_loss":0.0,"damage_taken":0.0},{"damage_healed":0.0,"max_hp_gain":0.0,"max_hp_loss":0.0,"gold_gain":0.0,"event_name":"Colosseum","player_choice":"Fought Nobs","floor":20.0,"gold_loss":0.0,"damage_taken":0.0},{"damage_healed":0,"gold_gain":0,"player_choice":"Joined the Cult","damage_taken":6,"max_hp_gain":0,"max_hp_loss":0,"event_name":"Nest","floor":22,"gold_loss":0,"cards_obtained":["RitualDagger"]}],"is_beta":false,"boss_relics":[{"not_picked":["Snecko Eye","Lizard Tail"],"picked":"Cursed Key"}],"items_purged_floors":[],"is_endless":false,"potions_floor_spawned":[5,7,11],"killed_by":"Slavers","ascension_level":6}