{"gold_per_floor":[113,132,132,150,150,179,179,211,292,327,327,44,74,74,74,148,148,160,170,170,185,185],"floor_reached":22,"playtime":1004,"items_purged":[],"score":392,"play_id":"d4a5b1b4-d859-4b34-b6d5-3ccbef5ae3c8","local_time":"20180929105930","is_ascension_mode":true,"campfire_choices":[{"data":"Zap","floor":7,"key":"SMITH"},{"floor":11,"key":"REST"},{"data":"Sunder","floor":15,"key":"SMITH"}],"neow_cost":"NONE","seed_source_timestamp":43482337146113,"circlet_count":0,"master_deck":["Strike_B","Strike_B","Strike_B","Strike_B","Defend_B","Defend_B","Defend_B","Defend_B","Zap+1","Dualcast","AscendersBane","Melter","Sweeping Beam","Cold Snap","Conserve Battery","Sunder+1","Flash of Steel","Glacier","Electrodynamics","Steam","Defragment"],"relics":["Cracked Core","Potion Belt","Dead Branch","Anchor","Mummified Hand","Oddly Smooth Stone","Blood Vial","Regal Pillow","Eternal Feather"],"potions_floor_usage":[6,6,8,16,16,21],"damage_taken":[{"damage":0,"enemies":"2 Louse","floor":1,"turns":3},{"damage":7,"enemies":"Cultist","floor":2,"turns":4},{"damage":7,"enemies":"Jaw Worm","floor":4,"turns":3},{"damage":10,"enemies":"Gremlin Nob","floor":6,"turns":3},{"damage":18,"enemies":"3 Sentries","floor":8,"turns":5},{"damage":25,"enemies":"Gremlin Nob","floor":10,"turns":4},{"damage":10,"enemies":"3 Sentries","floor":13,"turns":5},{"damage":21,"enemies":"Hexaghost","floor":16,"turns":14},{"damage":8,"enemies":"Shell Parasite","floor":18,"turns":5},{"damage":0,"enemies":"Spheric Guardian","floor":19,"turns":1},{"damage":17,"enemies":"Snake Plant","floor":21,"turns":5},{"damage":38,"enemies":"Snecko","floor":22,"turns":7}],"seed_played":"-235204400044177759","potions_obtained":[{"floor":1,"key":"SpeedPotion"},{"floor":5,"key":"Poison Potion"},{"floor":5,"key":"Poison Potion"},{"floor":6,"key":"Strength Potion"},{"floor":10,"key":"Weak Potion"},{"floor":18,"key":"Block Potion"}],"is_trial":false,"path_per_floor":["M","M","?","M","?","E","R","E","T","E","R","$","E","$","R","B",null,"M","M","?","M"],"character_chosen":"DEFECT","items_purchased":["Blood Vial","Flash of Steel"],"campfire_rested":1,"item_purchase_floors":[12,12],"current_hp_per_floor":[64,57,71,64,64,54,54,43,43,18,39,39,31,31,31,12,56,50,52,32,17,0],"gold":185,"neow_bonus":"RANDOM_COMMON_RELIC","is_prod":false,"is_daily":false,"chose_seed":false,"campfire_upgraded":2,"win_rate":0,"timestamp":1538211570,"path_taken":["M","M","?","M","?","E","R","E","T","E","R","$","E","?","R","BOSS","M","M","?","M","M"],"build_version":"2018-09-27","purchased_purges":0,"victory":false,"max_hp_per_floor":[71,71,71,71,71,71,71,71,71,71,71,71,71,71,71,71,71,71,71,76,76,76],"card_choices":[{"not_picked":["Chaos","Cold Snap"],"picked":"Melter","floor":1},{"not_picked":["Sweeping Beam","Reinforced Body"],"picked":"Auto Shields","floor":2},{"not_picked":["Reinforced Body","Coolheaded"],"picked":"Sweeping Beam","floor":4},{"not_picked":["Barrage","Compile Driver"],"picked":"Cold Snap","floor":6},{"not_picked":["Rebound","Consume"],"picked":"Conserve Battery","floor":8},{"not_picked":["Rip and Tear","Leap"],"picked":"Sunder","floor":10},{"not_picked":["Core Surge","Melter"],"picked":"Glacier","floor":13},{"not_picked":["Machine Learning","Fission"],"picked":"Electrodynamics","floor":16},{"not_picked":["Go for the Eyes","Self Repair"],"picked":"Steam","floor":18},{"not_picked":["Doom and Gloom","Steam Power+1","Force Field"],"picked":"SKIP","floor":19},{"not_picked":["Storm","Go for the Eyes"],"picked":"Defragment","floor":21}],"player_experience":781365,"relics_obtained":[{"floor":6,"key":"Dead Branch"},{"floor":8,"key":"Anchor"},{"floor":9,"key":"Mummified Hand"},{"floor":10,"key":"Oddly Smooth Stone"},{"floor":13,"key":"Regal Pillow"}],"event_choices":[{"event_name":"Bonfire Elementals","player_choice":"UNCOMMON","floor":3,"damage_taken":0},{"event_name":"The Lab","player_choice":"Got Potions","floor":5,"damage_taken":0},{"event_name":"Forgotten Altar","player_choice":"Shed Blood","floor":20,"damage_taken":0}],"is_beta":false,"boss_relics":[{"not_picked":["Philosopher\u0027s Stone","Busted Crown"],"picked":"Eternal Feather"}],"items_purged_floors":[],"is_endless":false,"potions_floor_spawned":[1,6,10,18],"killed_by":"Snecko","ascension_level":17}