{"gold_per_floor":[209,209,59,59,75,75,110,130,130,130,165,183,218,228,228,332,332,352,368,318,318,318,345,345,372,372,17,34,44,44,63,63,167,167,180,180,180,199,199,199,234,234,234,234],"floor_reached":44,"playtime":4661,"items_purged":[],"score":708,"play_id":"a9c845dd-b5fe-4b98-954c-ab58776b0d7c","local_time":"20180720014320","is_ascension_mode":true,"campfire_choices":[{"data":"Cleave","floor":6.0,"key":"SMITH"},{"data":"Whirlwind","floor":10.0,"key":"SMITH"},{"floor":15.0,"key":"REST"},{"data":"Pommel Strike","floor":30.0,"key":"SMITH"},{"floor":32.0,"key":"REST"},{"data":"Immolate","floor":40.0,"key":"SMITH"},{"floor":42.0,"key":"REST"}],"neow_cost":"NONE","seed_source_timestamp":0,"circlet_count":0,"master_deck":["Strike_R","Strike_R","Strike_R","Strike_R","Strike_R","Defend_R","Defend_R","Defend_R","Defend_R","Pommel Strike+1","Cleave+1","Whirlwind+1","Shrug It Off","Bloodletting","Infernal Blade+1","Shrug It Off","Cleave+1","Seeing Red+1","Thunderclap","Flex+1","Immolate+1","Armaments+1","Madness","Madness"],"special_seed":0,"relics":["Burning Blood","Vajra","Oddly Smooth Stone","Paper Frog","Incense Burner","Blood Vial","Mark of Pain","Pantograph","Self Forming Clay","Strawberry","Red Skull","Sundial","Snecko Eye","Champion Belt","Dream Catcher","Meat on the Bone"],"potions_floor_usage":[],"damage_taken":[{"damage":12.0,"enemies":"2 Louse","floor":1.0,"turns":3.0},{"damage":1.0,"enemies":"Cultist","floor":5.0,"turns":3.0},{"damage":52.0,"enemies":"Lagavulin","floor":7.0,"turns":7.0},{"damage":12.0,"enemies":"Small Slimes","floor":8.0,"turns":2.0},{"damage":10.0,"enemies":"3 Sentries","floor":11.0,"turns":3.0},{"damage":0.0,"enemies":"Looter","floor":12.0,"turns":3.0},{"damage":1.0,"enemies":"Gremlin Nob","floor":13.0,"turns":3.0},{"damage":7.0,"enemies":"Blue Slaver","floor":14.0,"turns":3.0},{"damage":30.0,"enemies":"Slime Boss","floor":16.0,"turns":9.0},{"damage":0.0,"enemies":"3 Byrds","floor":18.0,"turns":3.0},{"damage":24.0,"enemies":"Shell Parasite","floor":19.0,"turns":6.0},{"damage":36.0,"enemies":"Slavers","floor":23.0,"turns":7.0},{"damage":26.0,"enemies":"Book of Stabbing","floor":25.0,"turns":4.0},{"damage":18.0,"enemies":"Snake Plant","floor":28.0,"turns":3.0},{"damage":0.0,"enemies":"Snecko","floor":29.0,"turns":2.0},{"damage":0.0,"enemies":"3 Cultists","floor":31.0,"turns":3.0},{"damage":61.0,"enemies":"Collector","floor":33.0,"turns":9.0},{"damage":0.0,"enemies":"3 Darklings","floor":35.0,"turns":2.0},{"damage":36.0,"floor":36.0,"turns":5.0},{"damage":20.0,"enemies":"Flame Bruiser 1 Orb","floor":38.0,"turns":5.0},{"damage":56.0,"enemies":"Nemesis","floor":41.0,"turns":5.0},{"damage":44,"enemies":"Giant Head","floor":44,"turns":6}],"seed_played":"-1396194506825182414","potions_obtained":[{"floor":7.0,"key":"FairyPotion"},{"floor":11.0,"key":"Strength Potion"},{"floor":19.0,"key":"LiquidBronze"},{"floor":29.0,"key":"Strength Potion"},{"floor":33.0,"key":"Energy Potion"}],"is_trial":false,"path_per_floor":["M","?","$","?","M","R","E","M","T","R","E","M","E","M","R","B",null,"M","M","$","?","?","E","?","E","T","$","M","M","R","M","R","B",null,"M","?","?","M","?","R","E","R","T"],"character_chosen":"IRONCLAD","items_purchased":["Vajra","FearPotion","Thunderclap","Sundial"],"campfire_rested":3,"item_purchase_floors":[3,20,27,27],"current_hp_per_floor":[74,74,74,67,72,72,26,20,20,20,16,22,27,28,52,30,80,80,62,62,62,62,34,34,23,23,23,13,21,21,29,55,27,87,87,57,46,34,34,34,14,40,40,0],"gold":234,"neow_bonus":"HUNDRED_GOLD","is_prod":false,"is_daily":false,"chose_seed":false,"campfire_upgraded":4,"win_rate":0,"timestamp":1532065400,"path_taken":["M","?","?","?","M","R","E","?","T","R","E","M","E","M","R","BOSS","M","M","$","?","?","E","?","E","T","$","M","M","R","?","R","BOSS","M","?","?","M","?","R","E","R","T","E"],"build_version":"2018-07-19","purchased_purges":0,"victory":false,"max_hp_per_floor":[80,80,80,80,80,80,80,80,80,80,80,80,80,80,80,80,80,80,80,80,80,80,80,80,87,87,87,87,87,87,87,87,87,87,87,87,87,87,87,87,87,87,87,87],"card_choices":[{"not_picked":["Iron Wave","Flex"],"picked":"Pommel Strike","floor":1.0},{"not_picked":["Disarm","Clothesline"],"picked":"Cleave","floor":5.0},{"not_picked":["Sever Soul","Clothesline"],"picked":"Whirlwind","floor":7.0},{"not_picked":["Havoc","True Grit","Evolve"],"picked":"SKIP","floor":8.0},{"not_picked":["Armaments","Wild Strike","Whirlwind"],"picked":"SKIP","floor":11.0},{"not_picked":["Clash","Juggernaut"],"picked":"Shrug It Off","floor":12.0},{"not_picked":["Clash","Thunderclap","Intimidate"],"picked":"SKIP","floor":13.0},{"not_picked":["Clothesline","Armaments","Feel No Pain"],"picked":"SKIP","floor":14.0},{"not_picked":["Havoc","Clothesline"],"picked":"Bloodletting","floor":18.0},{"not_picked":["Whirlwind+1","Sword Boomerang"],"picked":"Infernal Blade+1","floor":19.0},{"not_picked":["Armaments","Power Through"],"picked":"Seeing Red+1","floor":23.0},{"not_picked":["Clothesline","Fiend Fire","Corruption"],"picked":"SKIP","floor":25.0},{"not_picked":["Heavy Blade","Battle Trance"],"picked":"Flex+1","floor":28.0},{"not_picked":["Flex","Rage","True Grit"],"picked":"SKIP","floor":29.0},{"not_picked":["Rupture","Heavy Blade","Flame Barrier"],"picked":"SKIP","floor":31.0},{"not_picked":["Reaper","Brutality"],"picked":"Immolate","floor":33.0},{"not_picked":["Twin Strike","Warcry"],"picked":"Armaments+1","floor":35.0},{"not_picked":["Headbutt","Intimidate+1","Rage+1"],"picked":"SKIP","floor":38.0},{"not_picked":["Whirlwind","Havoc+1","Thunderclap"],"picked":"SKIP","floor":41.0}],"player_experience":157110,"relics_obtained":[{"floor":7.0,"key":"Oddly Smooth Stone"},{"floor":9.0,"key":"Paper Frog"},{"floor":11.0,"key":"Incense Burner"},{"floor":13.0,"key":"Blood Vial"},{"floor":23.0,"key":"Pantograph"},{"floor":25.0,"key":"Strawberry"},{"floor":26.0,"key":"Red Skull"},{"floor":36.0,"key":"Champion Belt"},{"floor":41.0,"key":"Dream Catcher"},{"floor":43.0,"key":"Meat on the Bone"}],"event_choices":[{"event_name":"The Cleric","player_choice":"Leave","floor":2.0,"damage_taken":0.0},{"event_name":"Golden Wing","player_choice":"Card Removal","floor":4.0,"damage_taken":0.0},{"event_name":"Match and Keep!","player_choice":"1 cards matched","floor":21.0,"damage_taken":0.0},{"event_name":"Duplicator","player_choice":"One dupe","floor":22.0,"damage_taken":0.0},{"event_name":"The Mausoleum","player_choice":"Yes","floor":24.0,"damage_taken":0.0},{"event_name":"MindBloom","player_choice":"Fight","floor":36.0,"damage_taken":0.0},{"event_name":"Winding Halls","player_choice":"Embrace Madness","floor":37.0,"damage_taken":0.0},{"event_name":"The Moai Head","player_choice":"Ignored","floor":39.0,"damage_taken":0.0}],"is_beta":false,"boss_relics":[{"not_picked":["Pandora\u0027s Box","Empty Cage"],"picked":"Mark of Pain"},{"not_picked":["Lizard Tail","Coffee Dripper"],"picked":"Snecko Eye"}],"items_purged_floors":[],"is_endless":false,"potions_floor_spawned":[7,11,19,29,33,36],"killed_by":"Giant Head","ascension_level":2}