{"gold_per_floor":[118,133,65,78,78,78,107,107,133,159,174,0,14,32,32,137,137,154,154,108,120,136,136,169,186,186,186,186,216,231,244,244,341,341,359,407,424,442,452,452,18,18,42,42,42,72,87,107,107,107],"floor_reached":50,"playtime":4637,"items_purged":[],"score":552,"play_id":"2b332b39-fc29-439f-a27e-aeecbe740d14","local_time":"20180810013800","is_ascension_mode":true,"campfire_choices":[{"data":"Dualcast","floor":6.0,"key":"SMITH"},{"data":"Zap","floor":8.0,"key":"SMITH"},{"floor":15.0,"key":"REST"},{"data":"Redo","floor":23.0,"key":"SMITH"},{"floor":28.0,"key":"REST"},{"floor":32.0,"key":"REST"},{"floor":40.0,"key":"REST"},{"data":"Tempest","floor":42.0,"key":"SMITH"},{"floor":44.0,"key":"REST"},{"floor":49,"key":"REST"}],"neow_cost":"","seed_source_timestamp":1897697727777190,"circlet_count":0,"master_deck":["Strike_B","Strike_B","Defend_B","Defend_B","Defend_B","Defend_B","Zap+1","Dualcast+1","Rebound","Capacitor","Lockon","Coolheaded","Core Surge","Conserve Battery","BootSequence","Static Discharge","Finesse","Beam Cell","Electrodynamics","Redo+1","Redo+1","Tempest+1","BootSequence+1","Defragment","Recycle+1","Madness","Madness","Double Energy","Double Energy","Skim+1"],"special_seed":0,"relics":["Cracked Core","Dream Catcher","Centennial Puzzle","Bag of Preparation","Vajra","Busted Crown","Gremlin Horn","Boot","Letter Opener","Bronze Scales","Empty Cage","Happy Flower","Chemical X","Pear","Blood Vial","Lantern"],"potions_floor_usage":[],"damage_taken":[{"damage":1.0,"enemies":"Cultist","floor":1.0,"turns":3.0},{"damage":0.0,"enemies":"Small Slimes","floor":2.0,"turns":3.0},{"damage":8.0,"enemies":"Jaw Worm","floor":4.0,"turns":3.0},{"damage":22.0,"enemies":"Gremlin Nob","floor":7.0,"turns":4.0},{"damage":28.0,"enemies":"Lagavulin","floor":10.0,"turns":6.0},{"damage":8.0,"enemies":"Red Slaver","floor":11.0,"turns":2.0},{"damage":0.0,"enemies":"3 Louse","floor":13.0,"turns":2.0},{"damage":0.0,"enemies":"Looter","floor":14.0,"turns":2.0},{"damage":17.0,"enemies":"Hexaghost","floor":16.0,"turns":9.0},{"damage":0.0,"enemies":"Chosen","floor":18.0,"turns":3.0},{"damage":1.0,"enemies":"Spheric Guardian","floor":21.0,"turns":3.0},{"damage":0.0,"enemies":"Cultist and Chosen","floor":22.0,"turns":3.0},{"damage":37.0,"enemies":"Book of Stabbing","floor":24.0,"turns":5.0},{"damage":0.0,"enemies":"Chosen and Byrds","floor":25.0,"turns":4.0},{"damage":3.0,"enemies":"Gremlin Leader","floor":29.0,"turns":5.0},{"damage":12.0,"enemies":"3 Cultists","floor":30.0,"turns":3.0},{"damage":0.0,"enemies":"Snake Plant","floor":31.0,"turns":2.0},{"damage":76.0,"enemies":"Champ","floor":33.0,"turns":12.0},{"damage":23.0,"enemies":"3 Darklings","floor":35.0,"turns":3.0},{"damage":5.0,"enemies":"3 Shapes","floor":37.0,"turns":2.0},{"damage":28.0,"enemies":"Spire Growth","floor":38.0,"turns":5.0},{"damage":16.0,"enemies":"Transient","floor":39.0,"turns":5.0},{"damage":56.0,"enemies":"Nemesis","floor":46.0,"turns":5.0},{"damage":9.0,"enemies":"3 Darklings","floor":47.0,"turns":3.0},{"damage":1,"enemies":"Flame Bruiser 2 Orb","floor":48,"turns":3},{"damage":33,"enemies":"Donu and Deca","floor":50,"turns":3}],"seed_played":"1463258886767377831","potions_obtained":[{"floor":2.0,"key":"SkillPotion"},{"floor":4.0,"key":"SteroidPotion"},{"floor":10.0,"key":"Explosive Potion"},{"floor":11.0,"key":"Energy Potion"},{"floor":24.0,"key":"Energy Potion"},{"floor":29.0,"key":"Regen Potion"},{"floor":35.0,"key":"Regen Potion"},{"floor":47.0,"key":"Ancient Potion"}],"is_trial":false,"path_per_floor":["M","M","$","M","?","R","E","R","T","E","M","$","M","M","R","B",null,"M","?","$","M","M","R","E","M","T","$","R","E","M","M","R","B",null,"M","T","M","M","M","R","$","R","T","R","?","E","M","M","R"],"character_chosen":"DEFECT","items_purchased":["Lockon","Static Discharge","Finesse","Redo","Chemical X","Pear"],"campfire_rested":6,"item_purchase_floors":[3,12,12,20,41,41],"current_hp_per_floor":[74,74,74,66,66,66,44,44,44,16,8,8,8,8,30,13,75,75,75,75,74,74,74,37,37,37,37,59,56,44,44,66,2,75,52,52,47,19,3,25,35,35,35,60,49,9,2,3,28,0],"gold":107,"neow_bonus":"","is_prod":false,"is_daily":false,"chose_seed":false,"campfire_upgraded":4,"win_rate":0,"timestamp":1533879480,"path_taken":["M","?","?","M","?","R","E","R","T","E","M","$","M","?","R","BOSS","M","?","?","M","?","R","E","M","T","?","R","E","M","?","R","BOSS","M","?","?","M","M","R","$","R","T","R","?","E","?","M","R","BOSS"],"build_version":"2018-08-09","purchased_purges":0,"victory":false,"max_hp_per_floor":[75,75,75,75,75,75,75,75,75,75,75,75,75,75,75,75,75,75,75,75,75,75,75,75,75,75,75,75,75,75,75,75,75,75,75,75,75,75,75,75,85,85,85,85,85,85,85,85,85,85],"card_choices":[{"not_picked":["Barrage","Coolheaded"],"picked":"Rebound","floor":1.0},{"not_picked":["Aggregate","Turbo"],"picked":"Capacitor","floor":2.0},{"not_picked":["Blizzard","Heatsinks"],"picked":"Coolheaded","floor":4.0},{"not_picked":["Go for the Eyes","Barrage"],"picked":"Core Surge","floor":7.0},{"not_picked":["Go for the Eyes","Steam"],"picked":"Conserve Battery","floor":10.0},{"not_picked":["Chaos","White Noise"],"picked":"BootSequence","floor":11.0},{"not_picked":["Turbo","Streamline","Steam Power"],"picked":"SKIP","floor":13.0},{"not_picked":["Undo","Heatsinks","Sunder"],"picked":"SKIP","floor":14.0},{"not_picked":["Self Repair","Leap"],"picked":"Beam Cell","floor":15.0},{"not_picked":["Rainbow","Seek"],"picked":"Electrodynamics","floor":16.0},{"not_picked":[],"picked":"Redo+1","floor":18.0},{"not_picked":[],"picked":"Tempest","floor":21.0},{"not_picked":["Leap+1"],"picked":"SKIP","floor":22.0},{"not_picked":["Amplify"],"picked":"SKIP","floor":24.0},{"not_picked":["Reprogram"],"picked":"SKIP","floor":25.0},{"not_picked":[],"picked":"BootSequence+1","floor":28.0},{"not_picked":[],"picked":"Defragment","floor":29.0},{"not_picked":["Sweeping Beam"],"picked":"SKIP","floor":30.0},{"not_picked":["Barrage"],"picked":"SKIP","floor":31.0},{"not_picked":["Go for the Eyes"],"picked":"SKIP","floor":35.0},{"not_picked":["Force Field"],"picked":"SKIP","floor":37.0},{"not_picked":["Streamline+1"],"picked":"SKIP","floor":38.0},{"not_picked":["Barrage"],"picked":"SKIP","floor":39.0},{"not_picked":[],"picked":"Recycle+1","floor":44.0},{"not_picked":[],"picked":"Double Energy","floor":46.0},{"not_picked":["Doom and Gloom"],"picked":"SKIP","floor":47.0},{"not_picked":[],"picked":"Double Energy","floor":48},{"not_picked":[],"picked":"Skim+1","floor":49}],"player_experience":202341,"relics_obtained":[{"floor":7.0,"key":"Centennial Puzzle"},{"floor":9.0,"key":"Bag of Preparation"},{"floor":10.0,"key":"Vajra"},{"floor":24.0,"key":"Boot"},{"floor":26.0,"key":"Letter Opener"},{"floor":29.0,"key":"Bronze Scales"},{"floor":36.0,"key":"Happy Flower"},{"floor":43.0,"key":"Blood Vial"},{"floor":46.0,"key":"Lantern"}],"event_choices":[{"event_name":"WeMeetAgain","player_choice":"Potion","floor":5.0,"damage_taken":0.0},{"event_name":"The Mausoleum","player_choice":"Yes","floor":19.0,"damage_taken":0.0},{"event_name":"Winding Halls","player_choice":"Embrace Madness","floor":45.0,"damage_taken":0.0}],"is_beta":false,"boss_relics":[{"not_picked":["Calling Bell","Astrolabe"],"picked":"Busted Crown"},{"not_picked":["Coffee Dripper","Velvet Choker"],"picked":"Empty Cage"}],"items_purged_floors":[],"is_endless":false,"potions_floor_spawned":[2,4,10,11,24,29,31,35,47],"killed_by":"Donu and Deca","ascension_level":1}