{"gold_per_floor":[110,125,143,157,10,42,42,42,123,138,156,190,190,223,223,320,320,338,437,457,473,152,152,152,152,152,152,163,29,29,63,63,162,162,181,236,7,0,0,0,0,0,46,79,27,27,41,61,61,61,61,61,11,38,38],"floor_reached":56,"playtime":2532,"items_purged":["Strike_B","Strike_B","Clumsy"],"score":1732,"play_id":"60b91b4e-c9bb-4bee-ba52-90712d22e2cd","local_time":"20190212010731","is_ascension_mode":true,"campfire_choices":[{"data":"Darkness","floor":7.0,"key":"SMITH"},{"floor":13.0,"key":"REST"},{"data":"Zap","floor":15.0,"key":"SMITH"},{"data":"Fission","floor":23.0,"key":"SMITH"},{"data":"Dualcast","floor":25.0,"key":"SMITH"},{"data":"Biased Cognition","floor":27.0,"key":"SMITH"},{"data":"Glacier","floor":30.0,"key":"SMITH"},{"floor":32.0,"key":"REST"},{"data":"Ghostly","floor":40.0,"key":"SMITH"},{"data":"Doom and Gloom","floor":42.0,"key":"SMITH"},{"floor":49.0,"key":"RECALL"},{"data":"Defend_B","floor":52.0,"key":"SMITH"}],"neow_cost":"PERCENT_DAMAGE","seed_source_timestamp":13959728729359,"circlet_count":0,"master_deck":["AscendersBane","Defend_B+1","Defend_B","Defend_B","Defend_B","Zap+1","Dualcast+1","Darkness+1","Steam Power","Glacier+1","Turbo","Chaos+1","Biased Cognition+1","Doom and Gloom+1","Biased Cognition+1","Fission+1","Capacitor+1","Ghostly+1","Ghostly","Ghostly","Ghostly","Ghostly","BootSequence","Defragment+1","BootSequence","Echo Form+1","Machine Learning+1","Strike_R","Pain","Conserve Battery+1","Loop+1"],"special_seed":0,"relics":["Cracked Core","Nunchaku","Frozen Egg 2","Dream Catcher","Potion Belt","Cursed Key","Oddly Smooth Stone","Letter Opener","Ornamental Fan","Eternal Feather","Turnip","Red Mask","Pantograph","Mercury Hourglass"],"potions_floor_usage":[55,55,55,55,55],"damage_taken":[{"damage":3.0,"enemies":"Cultist","floor":1.0,"turns":3.0},{"damage":0.0,"enemies":"2 Louse","floor":2.0,"turns":2.0},{"damage":1.0,"enemies":"Jaw Worm","floor":3.0,"turns":4.0},{"damage":0.0,"enemies":"Large Slime","floor":4.0,"turns":6.0},{"damage":35.0,"enemies":"Gremlin Nob","floor":6.0,"turns":4.0},{"damage":7.0,"enemies":"Exordium Wildlife","floor":10.0,"turns":4.0},{"damage":9.0,"enemies":"2 Fungi Beasts","floor":11.0,"turns":3.0},{"damage":3.0,"enemies":"3 Sentries","floor":12.0,"turns":4.0},{"damage":7.0,"enemies":"Lagavulin","floor":14.0,"turns":4.0},{"damage":5.0,"enemies":"The Guardian","floor":16.0,"turns":6.0},{"damage":0.0,"enemies":"Spheric Guardian","floor":18.0,"turns":2.0},{"damage":7.0,"enemies":"Chosen","floor":20.0,"turns":3.0},{"damage":10.0,"enemies":"Snake Plant","floor":21.0,"turns":5.0},{"damage":2.0,"enemies":"Chosen and Byrds","floor":28.0,"turns":4.0},{"damage":18.0,"enemies":"Gremlin Leader","floor":31.0,"turns":8.0},{"damage":20.0,"enemies":"Collector","floor":33.0,"turns":8.0},{"damage":0.0,"enemies":"3 Shapes","floor":35.0,"turns":5.0},{"damage":6.0,"enemies":"2 Orb Walkers","floor":36.0,"turns":6.0},{"damage":13.0,"enemies":"Giant Head","floor":44.0,"turns":8.0},{"damage":0.0,"enemies":"3 Darklings","floor":46.0,"turns":2.0},{"damage":8.0,"enemies":"Transient","floor":47.0,"turns":5.0},{"damage":2.0,"enemies":"4 Shapes","floor":48.0,"turns":5.0},{"damage":27.0,"enemies":"Awakened One","floor":50.0,"turns":14.0},{"damage":8,"enemies":"Shield and Spear","floor":54,"turns":10},{"damage":31,"enemies":"The Heart","floor":55,"turns":11}],"seed_played":"4278611110137913414","potions_obtained":[{"floor":1.0,"key":"Strength Potion"},{"floor":6.0,"key":"Strength Potion"},{"floor":10.0,"key":"GamblersBrew"},{"floor":12.0,"key":"PowerPotion"},{"floor":18.0,"key":"SkillPotion"},{"floor":21.0,"key":"Poison Potion"},{"floor":31.0,"key":"Fire Potion"},{"floor":35.0,"key":"EssenceOfSteel"},{"floor":44.0,"key":"SmokeBomb"},{"floor":47.0,"key":"Swift Potion"}],"is_trial":false,"path_per_floor":["M","M","M","M","$","E","R","?","T","M","M","E","R","E","R","B",null,"M","?","M","M","$","R","?","R","T","R","M","$","R","E","R","B",null,"M","?","$","?","?","R","?","R","T","E","$","M","M","M","R","B",null,"R","$","E","B",null],"character_chosen":"DEFECT","items_purchased":["Regen Potion","Oddly Smooth Stone","Capacitor+1","Defragment+1","BootSequence","Block Potion","Energy Potion","PowerPotion","Weak Potion"],"campfire_rested":2,"item_purchase_floors":[5,22,22,29,29,37,37,45,53],"current_hp_per_floor":[47,47,46,46,46,23,23,23,23,16,7,4,26,19,19,14,60,60,60,53,43,43,43,37,37,37,37,35,35,35,17,28,8,30,30,24,24,24,24,37,37,37,37,24,24,24,16,14,32,10,30,37,37,29,6],"gold":38,"neow_bonus":"TRANSFORM_TWO_CARDS","is_prod":false,"is_daily":false,"chose_seed":false,"campfire_upgraded":9,"win_rate":0,"timestamp":1549930051,"path_taken":["M","?","M","M","$","E","R","?","T","M","?","E","R","E","R","BOSS","M","?","M","M","$","R","?","R","T","R","M","?","R","E","R","BOSS","M","?","$","?","?","R","?","R","T","E","$","?","?","?","R","BOSS","R","$","E","BOSS"],"build_version":"2019-01-23","purchased_purges":3,"victory":true,"max_hp_per_floor":[75,75,75,75,75,75,75,75,75,75,75,75,75,75,75,75,75,75,75,75,75,75,75,37,37,37,37,37,37,37,37,37,37,37,37,37,37,37,37,37,37,37,37,37,37,37,37,37,37,37,37,37,37,37,37],"card_choices":[{"not_picked":["Stack","Hologram"],"picked":"Glacier","floor":1.0},{"not_picked":["Ball Lightning","Stack"],"picked":"Turbo","floor":2.0},{"not_picked":["Ball Lightning","Steam Power"],"picked":"Chaos","floor":3.0},{"not_picked":["Streamline","Chill"],"picked":"Biased Cognition","floor":4.0},{"not_picked":["Reinforced Body","Capacitor"],"picked":"Doom and Gloom","floor":6.0},{"not_picked":["Gash","Compile Driver","Sweeping Beam"],"picked":"SKIP","floor":10.0},{"not_picked":["Streamline","Turbo","Redo"],"picked":"SKIP","floor":11.0},{"not_picked":["Reprogram","Rip and Tear"],"picked":"Biased Cognition+1","floor":12.0},{"not_picked":["Conserve Battery","Barrage","Stack"],"picked":"SKIP","floor":14.0},{"not_picked":["Rainbow","Hyperbeam"],"picked":"Fission","floor":16.0},{"not_picked":["Streamline","Hologram","Go for the Eyes"],"picked":"SKIP","floor":18.0},{"not_picked":["Blizzard","Turbo","Gash+1"],"picked":"SKIP","floor":20.0},{"not_picked":["Turbo","Stack","Compile Driver"],"picked":"SKIP","floor":21.0},{"not_picked":["Core Surge","Sweeping Beam"],"picked":"BootSequence","floor":28.0},{"not_picked":["Hologram+1","Beam Cell"],"picked":"Echo Form+1","floor":31.0},{"not_picked":["Hyperbeam","Rainbow"],"picked":"Machine Learning+1","floor":33.0},{"not_picked":["Beam Cell+1","Reinforced Body","Hologram+1"],"picked":"SKIP","floor":35.0},{"not_picked":["Panache+1","Dark Shackles"],"picked":"Mayhem+1","floor":39.0},{"not_picked":["Beam Cell","Barrage","Static Discharge+1"],"picked":"SKIP","floor":44.0},{"not_picked":["Beam Cell","Cold Snap"],"picked":"Conserve Battery+1","floor":47.0},{"not_picked":["Compile Driver","Turbo+1","Skim+1"],"picked":"SKIP","floor":48.0},{"not_picked":["Fusion+1","Darkness"],"picked":"Loop+1","floor":54}],"player_experience":1055002,"relics_obtained":[{"floor":6.0,"key":"Nunchaku"},{"floor":9.0,"key":"Frozen Egg 2"},{"floor":12.0,"key":"Dream Catcher"},{"floor":14.0,"key":"Potion Belt"},{"floor":26.0,"key":"Letter Opener"},{"floor":31.0,"key":"Ornamental Fan"},{"floor":36.0,"key":"Turnip"},{"floor":44.0,"key":"Pantograph"},{"floor":54,"key":"Mercury Hourglass"}],"event_choices":[{"damage_healed":0.0,"max_hp_gain":0.0,"max_hp_loss":0.0,"gold_gain":0.0,"event_name":"Accursed Blacksmith","player_choice":"Forge","floor":8.0,"gold_loss":0.0,"damage_taken":0.0,"cards_upgraded":["Chaos"]},{"damage_healed":0.0,"max_hp_gain":0.0,"max_hp_loss":0.0,"gold_gain":99.0,"event_name":"Nest","player_choice":"Stole From Cult","floor":19.0,"gold_loss":0.0,"damage_taken":0.0},{"damage_healed":0.0,"max_hp_gain":0.0,"max_hp_loss":38.0,"gold_gain":0.0,"event_name":"Ghosts","player_choice":"Became a Ghost","floor":24.0,"gold_loss":0.0,"damage_taken":0.0,"cards_obtained":["Ghostly","Ghostly","Ghostly","Ghostly","Ghostly"]},{"damage_healed":0.0,"max_hp_gain":0.0,"max_hp_loss":0.0,"gold_gain":0.0,"event_name":"Mysterious Sphere","player_choice":"Fight","floor":36.0,"gold_loss":0.0,"damage_taken":0.0},{"damage_healed":0.0,"max_hp_gain":0.0,"max_hp_loss":0.0,"gold_gain":0.0,"event_name":"Tomb of Lord Red Mask","player_choice":"Paid","floor":38.0,"gold_loss":7.0,"damage_taken":0.0,"relics_obtained":["Red Mask"]},{"damage_healed":0.0,"max_hp_gain":0.0,"max_hp_loss":0.0,"gold_gain":0.0,"event_name":"SensoryStone","player_choice":"Memory 1","floor":39.0,"gold_loss":0.0,"damage_taken":0.0},{"cards_removed":["Mayhem"],"damage_healed":0.0,"max_hp_gain":0.0,"max_hp_loss":0.0,"gold_gain":0.0,"event_name":"NoteForYourself","player_choice":"Took Card","floor":41.0,"gold_loss":0.0,"damage_taken":0.0,"cards_obtained":["Strike_R"]}],"is_beta":false,"boss_relics":[{"not_picked":["Snecko Eye","Tiny House"],"picked":"Cursed Key"},{"not_picked":["FrozenCore","Black Star"],"picked":"Eternal Feather"}],"items_purged_floors":[5,22,37],"is_endless":false,"potions_floor_spawned":[1,6,10,12,18,21,31,35,44,46,47],"ascension_level":10}