{"gold_per_floor":[124,146,169,199,225,237,261,273,285,297,309,386,398,410,422,507,569,591,528,560,22,72,103,103,3,53,67,67],"floor_reached":28,"playtime":1006,"items_purged":["Strike_B","Strike_B"],"score":422,"play_id":"e9e6501b-3809-4c48-bbe0-a44e9752538e","local_time":"20181001175423","is_ascension_mode":true,"campfire_choices":[{"data":"Fusion","floor":6.0,"key":"SMITH"},{"data":"Zap","floor":8.0,"key":"SMITH"},{"data":"Dualcast","floor":10.0,"key":"SMITH"},{"data":"FTL","floor":13.0,"key":"SMITH"},{"data":"Compile Driver","floor":15.0,"key":"SMITH"},{"floor":24.0,"key":"REST"}],"neow_cost":"NONE","seed_source_timestamp":241013902406724,"circlet_count":0,"master_deck":["Strike_B","Strike_B","Defend_B","Defend_B","Defend_B","Defend_B+1","Zap+1","Dualcast+1","AscendersBane","BootSequence","Conserve Battery","Fusion+1","FTL+1","Coolheaded","Compile Driver+1","Electrodynamics","FTL","Melter","Sweeping Beam","Ball Lightning","Seek"],"special_seed":0,"relics":["Cracked Core","MawBank","Ginger","WarpedTongs","Dream Catcher","Tiny House","Mummified Hand","Art of War","Du-Vu Doll","PreservedInsect"],"potions_floor_usage":[28],"damage_taken":[{"damage":0.0,"enemies":"2 Louse","floor":1.0,"turns":3.0},{"damage":1.0,"enemies":"Cultist","floor":2.0,"turns":3.0},{"damage":0.0,"enemies":"Small Slimes","floor":3.0,"turns":4.0},{"damage":0.0,"enemies":"Exordium Wildlife","floor":4.0,"turns":3.0},{"damage":0.0,"enemies":"2 Fungi Beasts","floor":5.0,"turns":3.0},{"damage":8.0,"enemies":"Blue Slaver","floor":7.0,"turns":3.0},{"damage":16.0,"enemies":"3 Sentries","floor":12.0,"turns":10.0},{"damage":38.0,"enemies":"Slime Boss","floor":16.0,"turns":10.0},{"damage":23.0,"enemies":"Shell Parasite","floor":18.0,"turns":4.0},{"damage":11.0,"enemies":"2 Thieves","floor":20.0,"turns":4.0},{"damage":12.0,"enemies":"Gremlin Leader","floor":23.0,"turns":6.0},{"damage":42,"enemies":"Snecko","floor":27,"turns":5},{"damage":5,"enemies":"3 Cultists","floor":28,"turns":2}],"seed_played":"1206547887360415540","potions_obtained":[{"floor":1.0,"key":"SpeedPotion"},{"floor":3.0,"key":"Regen Potion"},{"floor":4.0,"key":"EssenceOfSteel"},{"floor":12.0,"key":"Dexterity Potion"},{"floor":16.0,"key":"Explosive Potion"},{"floor":17.0,"key":"Fruit Juice"},{"floor":27,"key":"Strength Potion"}],"is_trial":false,"path_per_floor":["M","M","M","M","M","R","M","R","T","R","?","?","R","$","R","B",null,"M","?","M","$","?","E","R","$","T","M"],"character_chosen":"DEFECT","items_purchased":["Mummified Hand","Art of War"],"campfire_rested":1,"item_purchase_floors":[21,21],"current_hp_per_floor":[64,63,63,63,63,63,55,55,55,55,55,54,54,54,54,16,67,44,44,33,33,33,21,45,45,45,3,0],"gold":67,"neow_bonus":"RANDOM_COMMON_RELIC","is_prod":false,"is_daily":false,"chose_seed":false,"campfire_upgraded":5,"win_rate":0,"timestamp":1538409263,"path_taken":["M","M","M","M","M","R","M","R","T","R","?","?","R","$","R","BOSS","M","?","M","$","?","E","R","?","T","M","M"],"build_version":"2018-09-27","purchased_purges":2,"victory":false,"max_hp_per_floor":[71,71,71,71,71,71,71,71,71,71,71,71,71,71,71,71,81,81,81,81,81,81,81,81,81,81,81,81],"card_choices":[{"not_picked":["Auto Shields","Force Field"],"picked":"BootSequence","floor":1.0},{"not_picked":["Beam Cell","Cold Snap"],"picked":"Conserve Battery","floor":2.0},{"not_picked":["Leap","Turbo","Conserve Battery"],"picked":"SKIP","floor":3.0},{"not_picked":["Gash","Leap"],"picked":"Fusion","floor":4.0},{"not_picked":["Turbo","Double Energy"],"picked":"FTL","floor":5.0},{"not_picked":["Beam Cell","Capacitor"],"picked":"Coolheaded","floor":7.0},{"not_picked":["Lockon","Turbo"],"picked":"Compile Driver","floor":12.0},{"not_picked":["All For One","Reboot"],"picked":"Electrodynamics","floor":16.0},{"not_picked":["Undo","Auto Shields"],"picked":"FTL","floor":17.0},{"not_picked":["Go for the Eyes","Aggregate+1"],"picked":"Melter","floor":18.0},{"not_picked":["Conserve Battery","Barrage"],"picked":"Sweeping Beam","floor":20.0},{"not_picked":["Turbo","Compile Driver","Rip and Tear"],"picked":"SKIP","floor":23.0},{"not_picked":["Consume","Stack"],"picked":"Ball Lightning","floor":24.0},{"not_picked":["Tempest","BootSequence"],"picked":"Seek","floor":27}],"player_experience":790463,"relics_obtained":[{"floor":9.0,"key":"Ginger"},{"floor":23.0,"key":"Du-Vu Doll"},{"floor":26.0,"key":"PreservedInsect"}],"event_choices":[{"event_name":"Accursed Blacksmith","player_choice":"Rummage","floor":11.0,"damage_taken":0.0},{"event_name":"Dead Adventurer","player_choice":"Searched \u00272\u0027 times","floor":12.0,"damage_taken":0.0},{"event_name":"Beggar","player_choice":"Gave Gold","floor":19.0,"damage_taken":0.0},{"event_name":"Nest","player_choice":"Stole From Cult","floor":22.0,"damage_taken":0.0}],"is_beta":false,"boss_relics":[{"not_picked":["Calling Bell","Snecko Eye"],"picked":"Tiny House"}],"items_purged_floors":[21,25],"is_endless":false,"potions_floor_spawned":[1,3,4,12,16,27],"killed_by":"3 Cultists","ascension_level":17}