{"gold_per_floor":[115,115,115,55,81,81,110,110,110,142,160,44,44,76,76,147,147,158,128,128,147,167,167,167],"floor_reached":24,"playtime":1146,"items_purged":["Strike_G"],"score":403,"play_id":"4d11c300-3993-4306-81fc-50bd699c128b","local_time":"20180928122406","is_ascension_mode":true,"campfire_choices":[{"floor":6.0,"key":"REST"},{"data":"Masterful Stab","floor":8.0,"key":"SMITH"},{"data":"Noxious Fumes","floor":13.0,"key":"SMITH"},{"data":"Dash","floor":15.0,"key":"SMITH"},{"floor":23.0,"key":"REST"}],"neow_cost":"NONE","seed_source_timestamp":0,"circlet_count":0,"master_deck":["Defend_G","Defend_G","Defend_G","Defend_G","Defend_G","Strike_G","Strike_G","Strike_G","Strike_G+1","Survivor","Neutralize+1","AscendersBane","Masterful Stab+1","Dagger Spray","Dash+1","Choke","Noxious Fumes+1","Crippling Poison","Riddle With Holes","A Thousand Cuts","Quick Slash","Dash+1","Underhanded Strike","Footwork+1","Backflip","Well Laid Plans","Escape Plan"],"special_seed":0,"relics":["HoveringKite","Boot","Ornamental Fan","Shovel","Bird Faced Urn","Prayer Wheel","Black Star","MutagenicStrength"],"potions_floor_usage":[],"damage_taken":[{"damage":12.0,"enemies":"2 Louse","floor":1.0,"turns":4.0},{"damage":17.0,"enemies":"Lagavulin","floor":7.0,"turns":5.0},{"damage":16.0,"enemies":"Gremlin Nob","floor":10.0,"turns":4.0},{"damage":0.0,"enemies":"Small Slimes","floor":11.0,"turns":3.0},{"damage":4.0,"enemies":"3 Sentries","floor":14.0,"turns":7.0},{"damage":5.0,"enemies":"Slime Boss","floor":16.0,"turns":7.0},{"damage":1.0,"enemies":"3 Byrds","floor":18.0,"turns":4.0},{"damage":20.0,"enemies":"2 Thieves","floor":19.0,"turns":4.0},{"damage":18.0,"enemies":"Snake Plant","floor":21.0,"turns":4.0},{"damage":14.0,"enemies":"Shelled Parasite and Fungi","floor":22.0,"turns":4.0},{"damage":38,"enemies":"Slavers","floor":24,"turns":3}],"seed_played":"3863904774985658361","potions_obtained":[{"floor":1.0,"key":"Fire Potion"},{"floor":3.0,"key":"AttackPotion"},{"floor":10.0,"key":"Energy Potion"},{"floor":16.0,"key":"Fire Potion"},{"floor":19.0,"key":"GamblersBrew"}],"is_trial":false,"path_per_floor":["M","?","?","$","T","R","E","R","T","E","M","$","R","E","R","B",null,"M","M","?","M","M","R"],"character_chosen":"THE_SILENT","items_purchased":["Dagger Spray","Crippling Poison"],"campfire_rested":2,"item_purchase_floors":[4,12],"current_hp_per_floor":[47,27,27,27,27,46,29,29,29,13,13,13,13,11,11,8,52,55,35,35,21,9,28,0],"gold":167,"neow_bonus":"BOSS_RELIC","is_prod":false,"is_daily":false,"chose_seed":false,"campfire_upgraded":3,"win_rate":0,"timestamp":1538130246,"path_taken":["M","?","?","$","?","R","E","R","T","E","M","?","R","E","R","BOSS","M","M","?","M","M","R","E"],"build_version":"2018-09-27","purchased_purges":1,"victory":false,"max_hp_per_floor":[66,66,66,66,66,66,66,66,66,66,66,66,66,66,66,66,66,66,66,66,66,66,66,66],"card_choices":[{"not_picked":["Concentrate","Flying Knee"],"picked":"Masterful Stab","floor":1.0},{"not_picked":["Concentrate","Slice"],"picked":"Dash","floor":7.0},{"not_picked":["Dagger Spray","Sucker Punch"],"picked":"Choke","floor":10.0},{"not_picked":["Bane","Outmaneuver"],"picked":"Noxious Fumes","floor":11.0},{"not_picked":["Outmaneuver","Blade Dance"],"picked":"Riddle With Holes","floor":14.0},{"not_picked":["Storm of Steel","Corpse Explosion"],"picked":"A Thousand Cuts","floor":16.0},{"not_picked":["Distraction","PiercingWail"],"picked":"Quick Slash","floor":18.0},{"not_picked":["Slice","Setup"],"picked":"Dash+1","floor":18.0},{"not_picked":["Bane+1","Poisoned Stab+1"],"picked":"Underhanded Strike","floor":19.0},{"not_picked":["Distraction","Slice"],"picked":"Footwork+1","floor":19.0},{"not_picked":["Predator","Deflect"],"picked":"Backflip","floor":21.0},{"not_picked":["Caltrops","Slice"],"picked":"Well Laid Plans","floor":21.0},{"not_picked":["Expertise+1","Tactician"],"picked":"Escape Plan","floor":22.0},{"not_picked":["Deadly Poison+1","Outmaneuver","Quick Slash+1"],"picked":"SKIP","floor":22.0}],"player_experience":776633,"relics_obtained":[{"floor":5.0,"key":"Boot"},{"floor":7.0,"key":"Ornamental Fan"},{"floor":9.0,"key":"Shovel"},{"floor":10.0,"key":"Bird Faced Urn"},{"floor":14.0,"key":"Prayer Wheel"}],"event_choices":[{"event_name":"Shining Light","player_choice":"Entered Light","floor":2.0,"damage_taken":0.0},{"event_name":"The Lab","player_choice":"Got Potions","floor":3.0,"damage_taken":0.0},{"event_name":"Drug Dealer","player_choice":"Inject Mutagens","floor":20.0,"damage_taken":0.0}],"is_beta":false,"boss_relics":[{"not_picked":["Sozu","Philosopher\u0027s Stone"],"picked":"Black Star"}],"items_purged_floors":[12],"is_endless":false,"potions_floor_spawned":[1,10,16,19],"killed_by":"Slavers","ascension_level":18}