{"gold_per_floor":[116,116,266,366,24,54,54,80,106,116,141,151,185,10,10,84,84,99,112,130,45,65,65,90,90,90,90,360,371,371,30,30,103,103,119,142,160,160,170,170,205,205,205,205,257,257,290,309,309,309,309],"floor_reached":51,"playtime":2494,"items_purged":["Doubt","Strike_B"],"score":1548,"play_id":"19572804-321a-43c8-b88f-2bc6cc3728ac","local_time":"20190220123539","is_ascension_mode":true,"campfire_choices":[{"floor":7.0,"key":"REST"},{"data":"Dualcast","floor":15.0,"key":"SMITH"},{"data":"Seek","floor":23.0,"key":"SMITH"},{"data":"Go for the Eyes","floor":25.0,"key":"SMITH"},{"data":"Ball Lightning","floor":27.0,"key":"SMITH"},{"data":"Auto Shields","floor":30.0,"key":"SMITH"},{"data":"Defend_B","floor":32.0,"key":"SMITH"},{"data":"Creative AI","floor":40.0,"key":"SMITH"},{"data":"Force Field","floor":42.0,"key":"SMITH"},{"data":"Secret Technique","floor":46.0,"key":"SMITH"},{"floor":49.0,"key":"REST"}],"neow_cost":"PERCENT_DAMAGE","seed_source_timestamp":0,"circlet_count":0,"master_deck":["AscendersBane","Strike_B","Strike_B","Strike_B","Defend_B","Defend_B+1","Defend_B","Defend_B","Zap+1","Dualcast+1","Ball Lightning+1","Go for the Eyes+1","Chill","Scrape+1","All For One+1","Auto Shields+1","Ball Lightning+1","Cold Snap+1","BootSequence","Seek+1","Sunder+1","Blizzard+1","Echo Form","Dark Shackles","Beam Cell+1","Creative AI+1","Cold Snap+1","Conserve Battery+1","Turbo","Force Field+1","Panache","Secret Technique+1","Swift Strike+1","Stack"],"special_seed":0,"relics":["Cracked Core","Prayer Wheel","Symbiotic Virus","Centennial Puzzle","Molten Egg 2","PreservedInsect","Boot","Pantograph","Eternal Feather","Pear","Ancient Tea Set","Darkstone Periapt","Thread and Needle","Nuclear Battery","Oddly Smooth Stone","Mango","Dodecahedron","Du-Vu Doll","Mercury Hourglass"],"potions_floor_usage":[],"damage_taken":[{"damage":12.0,"enemies":"Jaw Worm","floor":1.0,"turns":3.0},{"damage":30.0,"enemies":"3 Sentries","floor":6.0,"turns":6.0},{"damage":6.0,"enemies":"Gremlin Nob","floor":8.0,"turns":3.0},{"damage":0.0,"enemies":"2 Louse","floor":10.0,"turns":3.0},{"damage":0.0,"enemies":"3 Sentries","floor":11.0,"turns":5.0},{"damage":0.0,"enemies":"Cultist","floor":12.0,"turns":2.0},{"damage":0.0,"enemies":"Lagavulin","floor":13.0,"turns":2.0},{"damage":6.0,"enemies":"Hexaghost","floor":16.0,"turns":6.0},{"damage":0.0,"enemies":"2 Thieves","floor":18.0,"turns":4.0},{"damage":0.0,"enemies":"Spheric Guardian","floor":19.0,"turns":3.0},{"damage":0.0,"enemies":"Centurion and Healer","floor":20.0,"turns":5.0},{"damage":4.0,"enemies":"Cultist and Chosen","floor":22.0,"turns":5.0},{"damage":10.0,"enemies":"Book of Stabbing","floor":24.0,"turns":3.0},{"damage":18.0,"enemies":"Chosen and Byrds","floor":29.0,"turns":6.0},{"damage":74.0,"enemies":"Automaton","floor":33.0,"turns":11.0},{"damage":2.0,"enemies":"3 Shapes","floor":35.0,"turns":3.0},{"damage":0.0,"enemies":"3 Darklings","floor":37.0,"turns":6.0},{"damage":9.0,"enemies":"Spire Growth","floor":39.0,"turns":5.0},{"damage":15.0,"enemies":"Reptomancer","floor":41.0,"turns":5.0},{"damage":30.0,"enemies":"2 Orb Walkers","floor":45.0,"turns":5.0},{"damage":2.0,"enemies":"Giant Head","floor":47.0,"turns":6.0},{"damage":14.0,"enemies":"Maw","floor":48.0,"turns":7.0},{"damage":78.0,"enemies":"Awakened One","floor":50.0,"turns":16.0},{"damage":0,"enemies":"Time Eater","floor":51,"turns":1}],"seed_played":"-452472201528702958","potions_obtained":[{"floor":8.0,"key":"GamblersBrew"},{"floor":10.0,"key":"Poison Potion"},{"floor":12.0,"key":"AttackPotion"},{"floor":19.0,"key":"FocusPotion"},{"floor":20.0,"key":"Explosive Potion"},{"floor":24.0,"key":"PowerPotion"},{"floor":35.0,"key":"Block Potion"},{"floor":37.0,"key":"SkillPotion"},{"floor":38.0,"key":"SkillPotion"},{"floor":45.0,"key":"EssenceOfSteel"}],"is_trial":false,"path_per_floor":["M","?","?","?","$","E","R","E","T","M","E","M","E","$","R","B",null,"M","M","M","?","M","R","E","R","T","R","?","M","R","$","R","B",null,"M","T","M","?","M","R","E","R","T","?","?","R","E","M","R","B","B"],"character_chosen":"DEFECT","items_purchased":["Symbiotic Virus","BootSequence","Thread and Needle"],"campfire_rested":2,"item_purchase_floors":[5,14,31],"current_hp_per_floor":[34,34,34,34,34,4,25,19,19,19,19,19,19,19,19,38,63,63,63,63,73,69,81,71,81,81,81,41,23,38,38,53,4,62,60,60,60,60,51,66,65,83,83,73,43,61,59,45,91,17,42],"gold":309,"neow_bonus":"ONE_RARE_RELIC","is_prod":false,"is_daily":false,"chose_seed":false,"campfire_upgraded":9,"win_rate":0,"timestamp":1550662539,"path_taken":["M","?","?","?","$","E","R","E","T","M","E","M","E","$","R","BOSS","M","M","?","?","M","R","E","R","T","R","?","M","R","$","R","BOSS","M","?","M","?","?","R","E","R","T","?","?","R","E","M","R","BOSS","BOSS"],"build_version":"2019-01-23","purchased_purges":2,"victory":false,"max_hp_per_floor":[71,71,71,71,71,71,71,71,71,71,71,71,71,71,71,71,71,71,71,71,81,81,81,81,81,81,81,81,81,81,81,81,81,81,81,81,81,81,81,81,95,95,95,95,95,95,95,95,95,95,95],"card_choices":[{"not_picked":["Hologram","Double Energy"],"picked":"Ball Lightning","floor":1.0},{"not_picked":["Barrage","Compile Driver"],"picked":"Go for the Eyes","floor":1.0},{"not_picked":["Force Field","Turbo"],"picked":"Chill","floor":6.0},{"not_picked":["Fusion","Aggregate"],"picked":"Scrape","floor":8.0},{"not_picked":["Aggregate","Consume"],"picked":"All For One+1","floor":10.0},{"not_picked":["Barrage+1","Rebound+1","Streamline+1"],"picked":"SKIP","floor":10.0},{"not_picked":["Reprogram","Beam Cell+1"],"picked":"Auto Shields","floor":11.0},{"not_picked":["Leap","Reinforced Body"],"picked":"Ball Lightning+1","floor":12.0},{"not_picked":["Hologram","Coolheaded","Barrage+1"],"picked":"SKIP","floor":12.0},{"not_picked":["Sweeping Beam+1","Gash+1"],"picked":"Cold Snap+1","floor":13.0},{"not_picked":["Multi-Cast","All For One+1"],"picked":"Seek","floor":16.0},{"not_picked":["Rebound+1","Hologram"],"picked":"Sunder+1","floor":18.0},{"not_picked":["Self Repair","Conserve Battery","Reprogram"],"picked":"SKIP","floor":18.0},{"not_picked":["Aggregate","BootSequence","Coolheaded"],"picked":"SKIP","floor":19.0},{"not_picked":["Hologram","Leap","Static Discharge"],"picked":"SKIP","floor":19.0},{"not_picked":["Go for the Eyes+1","Auto Shields"],"picked":"Blizzard+1","floor":20.0},{"not_picked":["Steam Power+1","Hologram"],"picked":"Echo Form","floor":20.0},{"not_picked":["Hologram","Conserve Battery+1","Go for the Eyes+1"],"picked":"SKIP","floor":22.0},{"not_picked":["Go for the Eyes+1","Hyperbeam+1","Barrage+1"],"picked":"SKIP","floor":22.0},{"not_picked":["Echo Form","BootSequence","Conserve Battery+1"],"picked":"SKIP","floor":24.0},{"not_picked":["Streamline+1","Melter+1"],"picked":"Beam Cell+1","floor":29.0},{"not_picked":["Compile Driver+1","Streamline+1","Storm+1"],"picked":"SKIP","floor":29.0},{"not_picked":["Machine Learning","Amplify"],"picked":"Creative AI","floor":33.0},{"not_picked":["Fusion","Genetic Algorithm"],"picked":"Cold Snap+1","floor":35.0},{"not_picked":["Streamline+1","Coolheaded"],"picked":"Conserve Battery+1","floor":35.0},{"not_picked":["Ball Lightning+1","Steam Power+1","Consume"],"picked":"SKIP","floor":37.0},{"not_picked":["Genetic Algorithm","Leap","Storm"],"picked":"SKIP","floor":37.0},{"not_picked":["Gash+1","Genetic Algorithm"],"picked":"Turbo","floor":39.0},{"not_picked":["Go for the Eyes+1","Hologram","Hyperbeam+1"],"picked":"SKIP","floor":39.0},{"not_picked":["Steam","Scrape+1"],"picked":"Force Field","floor":41.0},{"not_picked":["Bandage Up","Blind"],"picked":"Panache","floor":44.0},{"not_picked":["Purity","Enlightenment"],"picked":"Secret Technique","floor":44.0},{"not_picked":["Metamorphosis","Madness"],"picked":"Swift Strike+1","floor":44.0},{"not_picked":["Scrape+1","Hello World"],"picked":"Stack","floor":47.0},{"not_picked":["Coolheaded","Stack","Gash+1"],"picked":"SKIP","floor":48.0},{"not_picked":["Auto Shields","Storm+1","Redo+1"],"picked":"SKIP","floor":48.0}],"player_experience":1124397,"relics_obtained":[{"floor":6.0,"key":"Centennial Puzzle"},{"floor":8.0,"key":"Molten Egg 2"},{"floor":9.0,"key":"PreservedInsect"},{"floor":11.0,"key":"Boot"},{"floor":13.0,"key":"Pantograph"},{"floor":24.0,"key":"Ancient Tea Set"},{"floor":26.0,"key":"Darkstone Periapt"},{"floor":36.0,"key":"Oddly Smooth Stone"},{"floor":41.0,"key":"Mango"},{"floor":43.0,"key":"Dodecahedron"},{"floor":45.0,"key":"Du-Vu Doll"},{"floor":47.0,"key":"Mercury Hourglass"}],"event_choices":[{"damage_healed":0.0,"max_hp_gain":0.0,"max_hp_loss":0.0,"gold_gain":0.0,"event_name":"Living Wall","player_choice":"Grow","floor":2.0,"gold_loss":0.0,"damage_taken":0.0,"cards_upgraded":["Zap"]},{"damage_healed":0.0,"max_hp_gain":0.0,"max_hp_loss":0.0,"gold_gain":150.0,"event_name":"Liars Game","player_choice":"AGREE","floor":3.0,"gold_loss":0.0,"damage_taken":0.0,"cards_obtained":["Doubt"]},{"damage_healed":0.0,"max_hp_gain":0.0,"max_hp_loss":0.0,"gold_gain":100.0,"event_name":"Wheel of Change","player_choice":"Gold","floor":4.0,"gold_loss":0.0,"damage_taken":0.0},{"damage_healed":0.0,"max_hp_gain":0.0,"max_hp_loss":0.0,"gold_gain":0.0,"event_name":"Addict","player_choice":"Obtained Relic","floor":21.0,"gold_loss":85.0,"damage_taken":0.0,"relics_obtained":["Pear"]},{"damage_healed":0.0,"max_hp_gain":0.0,"max_hp_loss":0.0,"gold_gain":270.0,"event_name":"Knowing Skull","player_choice":"CARD GOLD GOLD GOLD ","floor":28.0,"potions_obtained":[],"gold_loss":0.0,"damage_taken":40.0,"cards_obtained":["Dark Shackles"]},{"damage_healed":0.0,"max_hp_gain":0.0,"max_hp_loss":0.0,"gold_gain":0.0,"event_name":"Lab","player_choice":"Got Potions","floor":38.0,"gold_loss":0.0,"damage_taken":0.0},{"damage_healed":0.0,"max_hp_gain":0.0,"max_hp_loss":0.0,"gold_gain":0.0,"event_name":"SensoryStone","player_choice":"Memory 3","floor":44.0,"gold_loss":0.0,"damage_taken":10.0},{"damage_healed":0.0,"max_hp_gain":0.0,"max_hp_loss":0.0,"gold_gain":0.0,"event_name":"Mysterious Sphere","player_choice":"Fight","floor":45.0,"gold_loss":0.0,"damage_taken":0.0}],"is_beta":false,"boss_relics":[{"not_picked":["Lizard Tail","Velvet Choker"],"picked":"Eternal Feather"},{"not_picked":["Calling Bell","Philosopher\u0027s Stone"],"picked":"Nuclear Battery"}],"items_purged_floors":[5,14],"is_endless":false,"potions_floor_spawned":[8,10,12,13,19,20,24,35,37,45],"killed_by":"Time Eater","ascension_level":20}