{"gold_per_floor":[109,109,58,133,146,185,185,224,224,237,237],"floor_reached":11,"playtime":614,"items_purged":[],"score":138,"play_id":"034ff21e-c0ab-4bb4-a814-5f8c135c9f84","local_time":"20190310184105","is_ascension_mode":true,"campfire_choices":[{"floor":7.0,"key":"REST"}],"neow_cost":"NONE","seed_source_timestamp":2061138733180694,"circlet_count":0,"master_deck":["AscendersBane","Strike_B","Strike_B","Strike_B","Strike_B","Defend_B","Defend_B","Defend_B","Defend_B","Zap","Dualcast","Redo","Sweeping Beam","Streamline","Loop","Electrodynamics","White Noise+1"],"special_seed":0,"relics":["Nuclear Battery","Golden Idol","Letter Opener","Toxic Egg 2","Potion Belt"],"potions_floor_usage":[],"damage_taken":[{"damage":3.0,"enemies":"2 Louse","floor":1.0,"turns":4.0},{"damage":0.0,"enemies":"Small Slimes","floor":5.0,"turns":3.0},{"damage":20.0,"enemies":"Lagavulin","floor":6.0,"turns":7.0},{"damage":20.0,"enemies":"3 Sentries","floor":8.0,"turns":5.0},{"damage":0.0,"enemies":"Jaw Worm","floor":10.0,"turns":1.0},{"damage":18,"enemies":"Gremlin Nob","floor":11,"turns":2}],"seed_played":"-1620887169028401075","potions_obtained":[{"floor":1.0,"key":"SkillPotion"},{"floor":8.0,"key":"EssenceOfSteel"}],"is_trial":false,"path_per_floor":["M","?","$","?","M","E","R","E","T","M","E"],"character_chosen":"DEFECT","items_purchased":["Sweeping Beam"],"campfire_rested":1,"item_purchase_floors":[3],"current_hp_per_floor":[61,44,44,33,33,13,34,14,14,14,0],"gold":237,"neow_bonus":"BOSS_RELIC","is_prod":false,"is_daily":false,"chose_seed":false,"campfire_upgraded":0,"win_rate":0,"timestamp":1552257665,"path_taken":["M","?","$","?","M","E","R","E","T","M","E"],"build_version":"2019-01-23","purchased_purges":0,"victory":false,"max_hp_per_floor":[71,71,71,71,71,71,71,71,71,71,71],"card_choices":[{"not_picked":["Loop","Storm"],"picked":"Redo","floor":1.0},{"not_picked":["Stack","Barrage"],"picked":"Streamline","floor":5.0},{"not_picked":["Turbo","Scrape"],"picked":"Loop","floor":6.0},{"not_picked":["Streamline","Beam Cell"],"picked":"Electrodynamics","floor":8.0},{"not_picked":["Rip and Tear","Compile Driver"],"picked":"White Noise+1","floor":10.0}],"player_experience":681494,"relics_obtained":[{"floor":6.0,"key":"Letter Opener"},{"floor":8.0,"key":"Toxic Egg 2"},{"floor":9.0,"key":"Potion Belt"}],"event_choices":[{"damage_healed":0.0,"max_hp_gain":0.0,"max_hp_loss":0.0,"gold_gain":0.0,"event_name":"Golden Idol","player_choice":"Take Damage","floor":2.0,"gold_loss":0.0,"damage_taken":17.0,"relics_obtained":["Golden Idol"]},{"damage_healed":0.0,"max_hp_gain":0.0,"max_hp_loss":0.0,"gold_gain":75.0,"event_name":"World of Goop","player_choice":"Gather Gold","floor":4.0,"gold_loss":0.0,"damage_taken":11.0}],"is_beta":false,"boss_relics":[],"items_purged_floors":[],"is_endless":false,"potions_floor_spawned":[1,8],"killed_by":"Gremlin Nob","ascension_level":14}