{"gold_per_floor":[364,13,13,29,29,29,40,40,40,75,75,75,141,161,161,161],"floor_reached":16,"playtime":555,"items_purged":[],"score":200,"play_id":"3c68361a-5e86-4fc2-be77-d0ecc360ea07","local_time":"20181106214556","is_ascension_mode":true,"campfire_choices":[{"data":"Mind Blast","floor":6.0,"key":"SMITH"},{"data":"Noxious Fumes","floor":8.0,"key":"SMITH"},{"data":"Neutralize","floor":12.0,"key":"SMITH"},{"data":"Deflect","floor":15.0,"key":"SMITH"}],"neow_cost":"PERCENT_DAMAGE","seed_source_timestamp":2267102769586650,"circlet_count":0,"master_deck":["AscendersBane","Defend_G","Defend_G","Defend_G","Defend_G","Defend_G","Strike_G","Strike_G","Strike_G","Strike_G","Strike_G","Survivor","Neutralize+1","Flying Knee","Mind Blast+1","Noxious Fumes+1","Backflip","Deflect+1","Well Laid Plans"],"special_seed":0,"relics":["Ring of the Snake","Bag of Marbles","Pear","Dream Catcher","SsserpentHead"],"potions_floor_usage":[16,16],"damage_taken":[{"damage":0.0,"enemies":"2 Louse","floor":1.0,"turns":3.0},{"damage":1.0,"enemies":"Small Slimes","floor":4.0,"turns":4.0},{"damage":1.0,"enemies":"Cultist","floor":7.0,"turns":3.0},{"damage":30.0,"enemies":"Lagavulin","floor":10.0,"turns":7.0},{"damage":1.0,"enemies":"Blue Slaver","floor":13.0,"turns":3.0},{"damage":0.0,"enemies":"3 Louse","floor":14.0,"turns":3.0},{"damage":21,"enemies":"Slime Boss","floor":16,"turns":8}],"seed_played":"-3441703791172682285","potions_obtained":[{"floor":7.0,"key":"Energy Potion"},{"floor":10.0,"key":"SpeedPotion"},{"floor":13.0,"key":"PowerPotion"},{"floor":14.0,"key":"Poison Potion"}],"is_trial":false,"path_per_floor":["M","$","?","M","?","R","M","R","T","E","?","R","M","M","R","B"],"character_chosen":"THE_SILENT","items_purchased":["Bag of Marbles","Mind Blast","Noxious Fumes"],"campfire_rested":0,"item_purchase_floors":[2,2,2],"current_hp_per_floor":[44,44,44,43,43,43,42,42,52,22,22,22,21,21,21,0],"gold":161,"neow_bonus":"TWO_FIFTY_GOLD","is_prod":false,"is_daily":false,"chose_seed":false,"campfire_upgraded":4,"win_rate":0,"timestamp":1541537156,"path_taken":["M","$","?","M","?","R","M","R","T","E","?","R","?","M","R","BOSS"],"build_version":"2018-11-01","purchased_purges":0,"victory":false,"max_hp_per_floor":[66,66,66,66,66,66,66,66,76,76,76,76,76,76,76,76],"card_choices":[{"not_picked":["Slice","Acrobatics"],"picked":"Flying Knee","floor":1.0},{"not_picked":["Underhanded Strike","Catalyst"],"picked":"Backflip","floor":4.0},{"not_picked":["Underhanded Strike","Backflip"],"picked":"Deflect","floor":7.0},{"not_picked":["Outmaneuver","Heel Hook"],"picked":"Well Laid Plans","floor":10.0},{"not_picked":["Flechettes","Outmaneuver","Sucker Punch"],"picked":"SKIP","floor":13.0},{"not_picked":["Flying Knee","Dodge and Roll","Prepared"],"picked":"SKIP","floor":14.0}],"player_experience":867106,"relics_obtained":[{"floor":9.0,"key":"Pear"},{"floor":10.0,"key":"Dream Catcher"}],"event_choices":[{"damage_healed":0.0,"max_hp_gain":0.0,"max_hp_loss":0.0,"gold_gain":0.0,"event_name":"Scrap Ooze","player_choice":"Fled","floor":3.0,"gold_loss":0.0,"damage_taken":0.0},{"damage_healed":0.0,"max_hp_gain":0.0,"max_hp_loss":0.0,"gold_gain":0.0,"event_name":"The Cleric","player_choice":"Leave","floor":5.0,"gold_loss":0.0,"damage_taken":0.0},{"damage_healed":0.0,"max_hp_gain":0.0,"max_hp_loss":0.0,"gold_gain":0.0,"event_name":"FaceTrader","player_choice":"Trade","floor":11.0,"gold_loss":0.0,"damage_taken":0.0,"relics_obtained":["SsserpentHead"]}],"is_beta":false,"boss_relics":[],"items_purged_floors":[],"is_endless":false,"potions_floor_spawned":[7,10,13,14],"killed_by":"Slime Boss","ascension_level":20}