{"gold_per_floor":[118,133,208,383,399,428,84,111,141,167,44,71,71,89,89,193,193,210,210,226,238,238,273,273,304,304,329,344,344],"floor_reached":29,"playtime":2823,"items_purged":["Doubt"],"score":404,"play_id":"c700526c-34ff-4371-877a-9914ec30cfb8","local_time":"20190129004135","is_ascension_mode":true,"campfire_choices":[{"floor":15.0,"key":"REST"},{"floor":24.0,"key":"REST"}],"neow_cost":"NONE","seed_source_timestamp":99929060232669,"circlet_count":0,"master_deck":["Strike_R","Strike_R","Strike_R","Strike_R","Strike_R","Defend_R","Defend_R","Defend_R","Defend_R","Bash","Cleave","Pommel Strike","Flame Barrier","Cleave","Clothesline","Feed","Hemokinesis","Whirlwind","Clothesline+1","Iron Wave+1","Pommel Strike+1"],"special_seed":0,"relics":["Burning Blood","Orichalcum","Smiling Mask","Letter Opener","Tiny Chest","Dream Catcher","Boot","Bronze Scales","Lantern","Happy Flower","Sozu","Nloth\u0027s Gift","Regal Pillow","Dodecahedron","Art of War","Frozen Egg 2"],"potions_floor_usage":[],"damage_taken":[{"damage":0.0,"enemies":"Cultist","floor":1.0,"turns":4.0},{"damage":0.0,"enemies":"Small Slimes","floor":2.0,"turns":2.0},{"damage":6.0,"enemies":"Jaw Worm","floor":5.0,"turns":2.0},{"damage":26.0,"enemies":"3 Sentries","floor":6.0,"turns":8.0},{"damage":19.0,"enemies":"Lagavulin","floor":8.0,"turns":5.0},{"damage":10.0,"enemies":"Gremlin Nob","floor":10.0,"turns":3.0},{"damage":28.0,"enemies":"3 Sentries","floor":12.0,"turns":8.0},{"damage":5.0,"enemies":"Looter","floor":14.0,"turns":3.0},{"damage":24.0,"enemies":"Hexaghost","floor":16.0,"turns":9.0},{"damage":17.0,"enemies":"Shell Parasite","floor":18.0,"turns":4.0},{"damage":0.0,"enemies":"3 Byrds","floor":20.0,"turns":2.0},{"damage":18.0,"enemies":"Snake Plant","floor":21.0,"turns":2.0},{"damage":30.0,"enemies":"Book of Stabbing","floor":23.0,"turns":5.0},{"damage":24.0,"enemies":"Gremlin Leader","floor":25.0,"turns":5.0},{"damage":36.0,"enemies":"Slavers","floor":27.0,"turns":4.0},{"damage":13,"enemies":"Cultist and Chosen","floor":28,"turns":5},{"damage":13,"enemies":"Centurion and Healer","floor":29,"turns":1}],"seed_played":"-124955221097527832","potions_obtained":[{"floor":2.0,"key":"Strength Potion"},{"floor":6.0,"key":"Fire Potion"},{"floor":10.0,"key":"SpeedPotion"},{"floor":14.0,"key":"AttackPotion"}],"is_trial":false,"path_per_floor":["M","M","?","?","M","E","$","E","T","E","$","E","T","M","R","B",null,"M","?","M","M","?","E","R","E","T","E","M","M"],"character_chosen":"IRONCLAD","items_purchased":["Matryoshka","Fire Potion","Regen Potion","Weak Potion"],"campfire_rested":2,"item_purchase_floors":[7,7,11,11],"current_hp_per_floor":[78,80,69,69,69,49,49,36,36,32,32,25,25,26,50,32,68,57,42,51,42,42,18,60,42,42,15,8,0],"gold":344,"neow_bonus":"RANDOM_COMMON_RELIC","is_prod":false,"is_daily":false,"chose_seed":false,"campfire_upgraded":0,"win_rate":0,"timestamp":1548740495,"path_taken":["M","M","?","?","M","E","?","E","T","E","$","E","?","M","R","BOSS","M","?","M","M","?","E","R","E","T","E","?","M"],"build_version":"2019-01-23","purchased_purges":1,"victory":false,"max_hp_per_floor":[80,80,80,80,80,80,80,80,80,80,80,80,80,80,80,80,80,80,85,88,91,91,91,91,91,91,94,94,94],"card_choices":[{"not_picked":["Anger","Wild Strike"],"picked":"Cleave","floor":1.0},{"not_picked":["Pummel","Spot Weakness"],"picked":"Pommel Strike","floor":2.0},{"not_picked":["Pommel Strike","Shockwave"],"picked":"Flame Barrier","floor":5.0},{"not_picked":["Havoc","Pommel Strike","Power Through"],"picked":"SKIP","floor":6.0},{"not_picked":["Armaments","Exhume","Pommel Strike"],"picked":"SKIP","floor":8.0},{"not_picked":["Feel No Pain","Impervious","Infernal Blade"],"picked":"SKIP","floor":10.0},{"not_picked":["Heavy Blade","Flex"],"picked":"Cleave","floor":12.0},{"not_picked":["Havoc","True Grit","Flex"],"picked":"SKIP","floor":14.0},{"not_picked":["Thunderclap","Heavy Blade"],"picked":"Clothesline","floor":15.0},{"not_picked":["Brutality","Limit Break"],"picked":"Feed","floor":16.0},{"not_picked":["Wild Strike","Hemokinesis","Anger"],"picked":"SKIP","floor":18.0},{"not_picked":["Flex","Burning Pact"],"picked":"Hemokinesis","floor":20.0},{"not_picked":["Sentinel","Clash"],"picked":"Whirlwind","floor":21.0},{"not_picked":["Flex","Juggernaut","Reckless Charge+1"],"picked":"SKIP","floor":23.0},{"not_picked":["Cleave","Shrug It Off"],"picked":"Clothesline+1","floor":24.0},{"not_picked":["Combust","Reaper"],"picked":"Iron Wave+1","floor":25.0},{"not_picked":["Carnage","Flex","Rupture+1"],"picked":"SKIP","floor":27.0},{"not_picked":["Rampage","Spot Weakness"],"picked":"Pommel Strike+1","floor":28}],"player_experience":322715,"relics_obtained":[{"floor":6.0,"key":"Smiling Mask"},{"floor":8.0,"key":"Letter Opener"},{"floor":9.0,"key":"Tiny Chest"},{"floor":9.0,"key":"Dream Catcher"},{"floor":10.0,"key":"Boot"},{"floor":12.0,"key":"Bronze Scales"},{"floor":13.0,"key":"Lantern"},{"floor":13.0,"key":"Happy Flower"},{"floor":23.0,"key":"Regal Pillow"},{"floor":25.0,"key":"Dodecahedron"},{"floor":26.0,"key":"Art of War"},{"floor":27.0,"key":"Frozen Egg 2"}],"event_choices":[{"damage_healed":0.0,"max_hp_gain":0.0,"max_hp_loss":0.0,"gold_gain":75.0,"event_name":"World of Goop","player_choice":"Gather Gold","floor":3.0,"gold_loss":0.0,"damage_taken":11.0},{"damage_healed":0.0,"max_hp_gain":0.0,"max_hp_loss":0.0,"gold_gain":175.0,"event_name":"Liars Game","player_choice":"AGREE","floor":4.0,"gold_loss":0.0,"damage_taken":0.0,"cards_obtained":["Doubt"]},{"damage_healed":0.0,"max_hp_gain":5.0,"max_hp_loss":0.0,"gold_gain":0.0,"event_name":"Forgotten Altar","player_choice":"Shed Blood","floor":19.0,"gold_loss":0.0,"damage_taken":20.0},{"damage_healed":0.0,"max_hp_gain":0.0,"max_hp_loss":0.0,"gold_gain":0.0,"event_name":"N\u0027loth","player_choice":"Traded Relic","floor":22.0,"relics_lost":["Matryoshka"],"gold_loss":0.0,"damage_taken":0.0,"relics_obtained":["Nloth\u0027s Gift"]}],"is_beta":false,"boss_relics":[{"not_picked":["Runic Dome","Eternal Feather"],"picked":"Sozu"}],"items_purged_floors":[7],"is_endless":false,"potions_floor_spawned":[2,6,10,14,18,23],"killed_by":"Centurion and Healer","ascension_level":6}