{"gold_per_floor":[115,115,75,89,105,105,119,119,119,145,145,145,156,32,32,133,133,150,169,169,169,188,188,199,199,225,225,253,263,278,378,378,480,480,492,504,517,517,541,553,553],"floor_reached":41,"playtime":3986,"items_purged":[],"score":395,"play_id":"ef824fb5-5cb9-42f3-9430-7ff8baa03a44","local_time":"20181225174845","is_ascension_mode":false,"campfire_choices":[{"data":"Hemokinesis","floor":6.0,"key":"SMITH"},{"data":"Infernal Blade","floor":8.0,"key":"SMITH"},{"data":"Armaments","floor":11.0,"key":"SMITH"},{"data":"Shockwave","floor":15.0,"key":"SMITH"},{"data":"Infernal Blade","floor":23.0,"key":"SMITH"},{"floor":27.0,"key":"REST"},{"floor":32.0,"key":"REST"}],"neow_cost":"NONE","seed_source_timestamp":0,"circlet_count":0,"master_deck":["Strike_R","Strike_R","Strike_R","Strike_R","Strike_R","Defend_R","Defend_R+1","Defend_R+1","Defend_R","Bash","Infernal Blade+1","Hemokinesis+1","Iron Wave","Armaments+1","Headbutt","Shrug It Off","Shockwave+1","Offering","Flex","Decay","Infernal Blade+1","Barricade","RitualDagger","Entrench+1","Iron Wave+1","Heavy Blade","Reaper","Body Slam","Warcry+1"],"special_seed":0,"relics":["Burning Blood","War Paint","Pantograph","Mango","StoneCalendar","Mark of Pain","MutagenicStrength","Pen Nib","Red Mask","Busted Crown","Omamori"],"potions_floor_usage":[],"damage_taken":[{"damage":0.0,"enemies":"Cultist","floor":1.0,"turns":3.0},{"damage":0.0,"enemies":"Small Slimes","floor":4.0,"turns":3.0},{"damage":1.0,"enemies":"2 Louse","floor":5.0,"turns":4.0},{"damage":7.0,"enemies":"Exordium Wildlife","floor":7.0,"turns":4.0},{"damage":8.0,"enemies":"Gremlin Nob","floor":10.0,"turns":3.0},{"damage":16.0,"enemies":"Large Slime","floor":13.0,"turns":6.0},{"damage":22.0,"enemies":"Slime Boss","floor":16.0,"turns":7.0},{"damage":13.0,"enemies":"Spheric Guardian","floor":18.0,"turns":4.0},{"damage":22.0,"enemies":"3 Byrds","floor":19.0,"turns":6.0},{"damage":15.0,"enemies":"Snake Plant","floor":22.0,"turns":4.0},{"damage":8.0,"enemies":"Snecko","floor":24.0,"turns":3.0},{"damage":25.0,"enemies":"Masked Bandits","floor":28.0,"turns":4.0},{"damage":46.0,"enemies":"Sentry and Sphere","floor":29.0,"turns":6.0},{"damage":16.0,"enemies":"Shelled Parasite and Fungi","floor":30.0,"turns":6.0},{"damage":59.0,"enemies":"Collector","floor":33.0,"turns":15.0},{"damage":4.0,"enemies":"3 Shapes","floor":35.0,"turns":2.0},{"damage":12.0,"enemies":"Orb Walker","floor":36.0,"turns":4.0},{"damage":52.0,"enemies":"3 Darklings","floor":37.0,"turns":4.0},{"damage":14.0,"enemies":"2 Orb Walkers","floor":38.0,"turns":4.0},{"damage":25,"enemies":"Jaw Worm Horde","floor":40,"turns":5},{"damage":28,"enemies":"Spire Growth","floor":41,"turns":3}],"seed_played":"-4199186612608995846","potions_obtained":[{"floor":3.0,"key":"AttackPotion"},{"floor":3.0,"key":"SmokeBomb"},{"floor":3.0,"key":"SmokeBomb"},{"floor":10.0,"key":"Explosive Potion"},{"floor":18.0,"key":"Weak Potion"},{"floor":22.0,"key":"Ancient Potion"},{"floor":24.0,"key":"Strength Potion"},{"floor":35.0,"key":"PowerPotion"},{"floor":37.0,"key":"Swift Potion"}],"is_trial":false,"path_per_floor":["M","?","?","M","M","R","M","R","T","E","R","?","M","$","R","B",null,"M","M","?","?","M","R","M","?","T","R","?","M","M","?","R","B",null,"M","M","M","?","T","M","M"],"character_chosen":"IRONCLAD","items_purchased":["Shrug It Off","Shockwave"],"campfire_rested":2,"item_purchase_floors":[14,14],"current_hp_per_floor":[80,68,68,74,79,79,78,78,92,90,90,90,80,80,80,78,94,87,71,71,71,62,62,60,54,54,82,63,23,13,13,41,13,94,94,88,48,44,44,25,0],"gold":553,"neow_bonus":"RANDOM_COMMON_RELIC","is_prod":false,"is_daily":false,"chose_seed":false,"campfire_upgraded":5,"win_rate":0,"timestamp":1545760125,"path_taken":["M","?","?","M","?","R","M","R","T","E","R","?","M","$","R","BOSS","M","M","?","?","M","R","M","?","T","R","?","M","M","?","R","BOSS","M","M","M","?","?","M","M"],"build_version":"2018-12-20","purchased_purges":0,"victory":false,"max_hp_per_floor":[80,80,80,80,80,80,80,80,94,94,94,94,94,94,94,94,94,94,94,94,94,94,94,94,94,94,94,94,94,94,94,94,94,94,94,94,94,94,94,94,94],"card_choices":[{"not_picked":["True Grit","Clash","Sword Boomerang"],"picked":"SKIP","floor":1.0},{"not_picked":["Feel No Pain","True Grit"],"picked":"Infernal Blade","floor":4.0},{"not_picked":["Twin Strike","Fire Breathing"],"picked":"Hemokinesis","floor":5.0},{"not_picked":["Havoc","Twin Strike"],"picked":"Iron Wave","floor":7.0},{"not_picked":["Clash","Fire Breathing"],"picked":"Armaments","floor":10.0},{"not_picked":["Wild Strike","Iron Wave"],"picked":"Headbutt","floor":13.0},{"not_picked":["Limit Break","Feed"],"picked":"Offering","floor":16.0},{"not_picked":["Sword Boomerang+1","Anger+1","Wild Strike"],"picked":"SKIP","floor":18.0},{"not_picked":["Entrench","Body Slam"],"picked":"Flex","floor":19.0},{"not_picked":["Havoc","Anger+1"],"picked":"Infernal Blade","floor":22.0},{"not_picked":["Warcry","Iron Wave"],"picked":"Barricade","floor":24.0},{"not_picked":["Cleave","Rupture"],"picked":"Entrench+1","floor":28.0},{"not_picked":["Heavy Blade","Flex+1"],"picked":"Iron Wave+1","floor":29.0},{"not_picked":["Sword Boomerang","Infernal Blade"],"picked":"Heavy Blade","floor":30.0},{"not_picked":["Barricade","Exhume"],"picked":"Reaper","floor":33.0},{"not_picked":[],"picked":"Body Slam","floor":35.0},{"not_picked":["Anger"],"picked":"SKIP","floor":36.0},{"not_picked":["Wild Strike+1"],"picked":"SKIP","floor":37.0},{"not_picked":[],"picked":"Warcry+1","floor":40}],"player_experience":95522,"relics_obtained":[{"floor":9.0,"key":"Mango"},{"floor":10.0,"key":"StoneCalendar"},{"floor":26.0,"key":"Pen Nib"},{"floor":28.0,"key":"Red Mask"},{"floor":39,"key":"Omamori"}],"event_choices":[{"damage_healed":0.0,"max_hp_gain":0.0,"max_hp_loss":0.0,"gold_gain":0.0,"event_name":"Scrap Ooze","player_choice":"Success","floor":2.0,"gold_loss":0.0,"damage_taken":12.0,"relics_obtained":["Pantograph"]},{"damage_healed":0.0,"max_hp_gain":0.0,"max_hp_loss":0.0,"gold_gain":0.0,"event_name":"The Woman in Blue","player_choice":"Bought 3 Potions","floor":3.0,"gold_loss":0.0,"damage_taken":0.0},{"damage_healed":0.0,"max_hp_gain":0.0,"max_hp_loss":0.0,"gold_gain":0.0,"event_name":"Shining Light","player_choice":"Ignored","floor":12.0,"gold_loss":0.0,"damage_taken":0.0},{"damage_healed":0.0,"max_hp_gain":0.0,"max_hp_loss":0.0,"gold_gain":0.0,"event_name":"Drug Dealer","player_choice":"Inject Mutagens","floor":20.0,"gold_loss":0.0,"damage_taken":0.0,"relics_obtained":["MutagenicStrength"]},{"damage_healed":0.0,"max_hp_gain":0.0,"max_hp_loss":0.0,"gold_gain":0.0,"event_name":"Forgotten Altar","player_choice":"Smashed Altar","floor":21.0,"gold_loss":0.0,"damage_taken":0.0,"cards_obtained":["Decay"]},{"damage_healed":0.0,"max_hp_gain":0.0,"max_hp_loss":0.0,"gold_gain":0.0,"event_name":"Nest","player_choice":"Joined the Cult","floor":25.0,"gold_loss":0.0,"damage_taken":6.0,"cards_obtained":["RitualDagger"]},{"damage_healed":0.0,"max_hp_gain":0.0,"max_hp_loss":0.0,"gold_gain":0.0,"event_name":"Masked Bandits","player_choice":"Fought Bandits","floor":28.0,"gold_loss":0.0,"damage_taken":0.0},{"damage_healed":0.0,"max_hp_gain":0.0,"max_hp_loss":0.0,"gold_gain":100.0,"event_name":"Golden Shrine","player_choice":"Pray","floor":31.0,"gold_loss":0.0,"damage_taken":0.0},{"damage_healed":0.0,"max_hp_gain":0.0,"max_hp_loss":0.0,"gold_gain":0.0,"event_name":"Mysterious Sphere","player_choice":"Fight","floor":38.0,"gold_loss":0.0,"damage_taken":0.0}],"is_beta":false,"boss_relics":[{"not_picked":["Tiny House","Black Star"],"picked":"Mark of Pain"},{"not_picked":["Astrolabe","Runic Cube"],"picked":"Busted Crown"}],"items_purged_floors":[],"is_endless":false,"potions_floor_spawned":[10,13,18,22,24,35,37,38],"killed_by":"Spire Growth","ascension_level":0}