{"gold_per_floor":[118,136,150,170,188,188,199,230,230,246,246,246],"floor_reached":12,"playtime":622,"items_purged":[],"score":168,"play_id":"c52a7e98-fca3-4b76-9715-53ed5612ac0f","local_time":"20181206085546","is_ascension_mode":true,"campfire_choices":[{"data":"Noxious Fumes","floor":6.0,"key":"SMITH"},{"floor":11,"key":"REST"}],"neow_cost":"CURSE","seed_source_timestamp":568595663133676,"circlet_count":0,"master_deck":["AscendersBane","Defend_G","Defend_G","Defend_G","Defend_G","Defend_G","Strike_G","Strike_G+1","Strike_G","Strike_G","Strike_G+1","Survivor","Neutralize","Injury","Flying Knee","Noxious Fumes+1","Distraction","Bane","Flying Knee","Catalyst","Backflip"],"special_seed":0,"relics":["Ring of the Snake","Ice Cream","Whetstone","Bottled Lightning"],"potions_floor_usage":[10],"damage_taken":[{"damage":1.0,"enemies":"Cultist","floor":1.0,"turns":5.0},{"damage":2.0,"enemies":"Jaw Worm","floor":2.0,"turns":4.0},{"damage":7.0,"enemies":"Small Slimes","floor":3.0,"turns":4.0},{"damage":1.0,"enemies":"2 Fungi Beasts","floor":4.0,"turns":4.0},{"damage":5.0,"enemies":"Large Slime","floor":5.0,"turns":5.0},{"damage":33.0,"enemies":"Gremlin Gang","floor":7.0,"turns":4.0},{"damage":22.0,"enemies":"Lagavulin","floor":8.0,"turns":6.0},{"damage":2,"enemies":"Blue Slaver","floor":10,"turns":4},{"damage":27,"enemies":"3 Sentries","floor":12,"turns":4}],"seed_played":"5174163768914767912","potions_obtained":[{"floor":1.0,"key":"LiquidBronze"},{"floor":7.0,"key":"FairyPotion"},{"floor":8.0,"key":"PowerPotion"}],"is_trial":false,"path_per_floor":["M","M","M","M","M","R","M","E","T","M","R","E"],"character_chosen":"THE_SILENT","items_purchased":[],"campfire_rested":1,"item_purchase_floors":[],"current_hp_per_floor":[58,56,49,48,43,43,10,6,6,4,23,0],"gold":246,"neow_bonus":"ONE_RARE_RELIC","is_prod":false,"is_daily":false,"chose_seed":false,"campfire_upgraded":1,"win_rate":0,"timestamp":1544082946,"path_taken":["M","M","M","M","M","R","M","E","T","?","R","E"],"build_version":"2018-11-15","purchased_purges":0,"victory":false,"max_hp_per_floor":[66,66,66,66,66,66,66,66,66,66,66,66],"card_choices":[{"not_picked":["Quick Slash","Caltrops"],"picked":"Flying Knee","floor":1.0},{"not_picked":["Sucker Punch","Poisoned Stab"],"picked":"Noxious Fumes","floor":2.0},{"not_picked":["Acrobatics","Sucker Punch"],"picked":"Distraction","floor":3.0},{"not_picked":["Poisoned Stab","Underhanded Strike"],"picked":"Bane","floor":4.0},{"not_picked":["Storm of Steel","Underhanded Strike"],"picked":"Flying Knee","floor":5.0},{"not_picked":["Underhanded Strike","Poisoned Stab","Acrobatics"],"picked":"SKIP","floor":7.0},{"not_picked":["Flying Knee","Acrobatics"],"picked":"Catalyst","floor":8.0},{"not_picked":["Outmaneuver","Well Laid Plans"],"picked":"Backflip","floor":10}],"player_experience":882821,"relics_obtained":[{"floor":8.0,"key":"Whetstone"},{"floor":9.0,"key":"Bottled Lightning"}],"event_choices":[],"is_beta":false,"boss_relics":[],"items_purged_floors":[],"is_endless":false,"potions_floor_spawned":[1,7,8],"killed_by":"3 Sentries","ascension_level":20}