{"gold_per_floor":[119,119,129,148,148,148,172,172,172,122,122,143,159,197,197,197],"floor_reached":16,"playtime":853,"items_purged":[],"score":107,"play_id":"d3a78f16-f434-4f85-843c-f2e7024f2323","local_time":"20180720013037","is_ascension_mode":true,"campfire_choices":[{"data":"Bash","floor":6,"key":"SMITH"},{"data":"Shrug It Off","floor":8,"key":"SMITH"},{"floor":11,"key":"REST"},{"floor":15,"key":"REST"}],"neow_cost":"","seed_source_timestamp":0,"circlet_count":0,"master_deck":["Strike_R","Strike_R","Strike_R","Strike_R","Defend_R","Defend_R","Defend_R","Defend_R","Bash+1","Shrug It Off+1","Pommel Strike"],"special_seed":0,"relics":["Burning Blood","Golden Idol","Singing Bowl","Champion Belt"],"potions_floor_usage":[16,16,16],"damage_taken":[{"damage":5,"enemies":"2 Louse","floor":1,"turns":3},{"damage":4,"enemies":"Jaw Worm","floor":3,"turns":5},{"damage":1,"enemies":"Cultist","floor":4,"turns":3},{"damage":12,"enemies":"Large Slime","floor":7,"turns":6},{"damage":1,"enemies":"Looter","floor":12,"turns":4},{"damage":12,"enemies":"Exordium Thugs","floor":13,"turns":5},{"damage":28,"enemies":"3 Sentries","floor":14,"turns":14},{"damage":94,"enemies":"Slime Boss","floor":16,"turns":17}],"seed_played":"-3188199044202821297","potions_obtained":[{"floor":3,"key":"Dexterity Potion"},{"floor":4,"key":"AttackPotion"},{"floor":7,"key":"SkillPotion"},{"floor":12,"key":"BloodPotion"}],"is_trial":false,"path_per_floor":["M","?","M","M","?","R","M","R","T","?","R","M","M","E","R"],"character_chosen":"IRONCLAD","items_purchased":[],"campfire_rested":2,"item_purchase_floors":[],"current_hp_per_floor":[80,80,80,80,60,60,54,54,54,54,78,82,78,56,81,0],"gold":197,"neow_bonus":"","is_prod":false,"is_daily":false,"chose_seed":false,"campfire_upgraded":2,"win_rate":0,"timestamp":1532064637,"path_taken":["M","?","?","M","?","R","M","R","T","?","R","M","M","E","R","BOSS"],"build_version":"2018-07-19v2","purchased_purges":0,"victory":false,"max_hp_per_floor":[80,80,80,80,80,80,80,80,80,80,80,82,84,84,84,84],"card_choices":[{"not_picked":["Armaments","Rupture","Pommel Strike"],"picked":"SKIP","floor":1},{"not_picked":["Anger","Reckless Charge"],"picked":"Shrug It Off","floor":3},{"not_picked":["Perfected Strike","Uppercut","Twin Strike"],"picked":"SKIP","floor":4},{"not_picked":["Clothesline","Perfected Strike","Reckless Charge"],"picked":"SKIP","floor":7},{"not_picked":["Intimidate","True Grit","Cleave"],"picked":"Singing Bowl","floor":12},{"not_picked":["Clothesline","Corruption","Hemokinesis"],"picked":"Singing Bowl","floor":13},{"not_picked":["Juggernaut","Evolve"],"picked":"Pommel Strike","floor":14}],"player_experience":128964,"relics_obtained":[{"floor":9,"key":"Singing Bowl"},{"floor":14,"key":"Champion Belt"}],"event_choices":[{"event_name":"Liars Game","player_choice":"disagreed","floor":2,"damage_taken":0},{"event_name":"Golden Idol","player_choice":"Take Damage","floor":5,"damage_taken":0},{"event_name":"The Cleric","player_choice":"Card Removal","floor":10,"damage_taken":0}],"is_beta":false,"boss_relics":[],"items_purged_floors":[],"is_endless":false,"potions_floor_spawned":[3,4,7,12],"killed_by":"Slime Boss","ascension_level":1}