{"gold_per_floor":[110,122,51,51,51,51,51,51,51,66,66,66,84,113,113,208,208,220,220,145,155,170,170,189,189,213,213,232,232,232,245,245,245],"floor_reached":33,"playtime":1247,"items_purged":["Writhe"],"score":393,"play_id":"9128c70e-12ba-4fd5-94c1-8a2881ab38d6","local_time":"20180810043115","is_ascension_mode":true,"campfire_choices":[{"data":"Bash","floor":6,"key":"SMITH"},{"data":"Dropkick","floor":8,"key":"SMITH"},{"data":"Shrug It Off","floor":11,"key":"SMITH"},{"floor":15,"key":"REST"},{"floor":23,"key":"REST"},{"data":"Offering","floor":25,"key":"SMITH"},{"floor":27,"key":"REST"},{"floor":29,"key":"REST"},{"floor":32,"key":"REST"}],"neow_cost":"PERCENT_DAMAGE","seed_source_timestamp":88544933134350,"circlet_count":0,"master_deck":["Strike_R","Strike_R","Strike_R","Strike_R+1","Strike_R","Defend_R","Defend_R","Defend_R","Defend_R+1","Bash+1","Shrug It Off+1","Dropkick+1","Offering+1","Necronomicurse"],"relics":["Burning Blood","Singing Bowl","Question Card","Frozen Egg 2","Busted Crown","Blood Vial","Orichalcum","Necronomicon"],"potions_floor_usage":[16,33,33],"damage_taken":[{"damage":6,"enemies":"Cultist","floor":1,"turns":4},{"damage":2,"enemies":"Small Slimes","floor":2,"turns":4},{"damage":3,"enemies":"2 Louse","floor":10,"turns":3},{"damage":0,"enemies":"2 Fungi Beasts","floor":13,"turns":4},{"damage":17,"enemies":"Gremlin Nob","floor":14,"turns":4},{"damage":55,"enemies":"Slime Boss","floor":16,"turns":11},{"damage":38,"enemies":"Spheric Guardian","floor":18,"turns":7},{"damage":12,"enemies":"3 Byrds","floor":21,"turns":7},{"damage":32,"enemies":"Snecko","floor":22,"turns":7},{"damage":23,"enemies":"Chosen and Byrds","floor":24,"turns":6},{"damage":13,"enemies":"Cultist and Chosen","floor":28,"turns":6},{"damage":28,"enemies":"Centurion and Healer","floor":31,"turns":4},{"damage":133,"enemies":"Collector","floor":33,"turns":8}],"seed_played":"-9155216280601706573","potions_obtained":[{"floor":13,"key":"AttackPotion"},{"floor":14,"key":"SpeedPotion"},{"floor":18,"key":"Strength Potion"},{"floor":24,"key":"SneckoOil"}],"is_trial":false,"path_per_floor":["M","M","$","?","$","R","?","R","T","M","R","?","M","E","R","B",null,"M","?","$","M","M","R","M","R","T","R","M","R","?","M","R"],"character_chosen":"IRONCLAD","items_purchased":["Dropkick"],"campfire_rested":5,"item_purchase_floors":[3],"current_hp_per_floor":[64,68,68,49,49,49,81,81,81,86,86,61,69,60,90,41,87,57,57,57,55,33,65,52,52,52,85,82,112,96,78,112,0],"gold":245,"neow_bonus":"TWENTY_PERCENT_HP_BONUS","is_prod":false,"is_daily":false,"chose_seed":false,"campfire_upgraded":4,"win_rate":0,"timestamp":1533889875,"path_taken":["M","M","$","?","$","R","?","R","T","M","R","?","M","E","R","BOSS","M","?","$","M","M","R","M","R","T","R","M","R","?","M","R","BOSS"],"build_version":"2018-08-09","purchased_purges":1,"victory":false,"max_hp_per_floor":[96,96,96,96,96,96,96,96,96,98,98,98,100,102,102,102,102,104,104,104,106,108,108,110,110,110,110,112,112,112,114,114,114],"card_choices":[{"not_picked":["Heavy Blade","Anger"],"picked":"Shrug It Off","floor":1},{"not_picked":["Flex","Spot Weakness","Rupture"],"picked":"SKIP","floor":2},{"not_picked":["Twin Strike","Body Slam","Infernal Blade"],"picked":"Singing Bowl","floor":10},{"not_picked":["Shrug It Off","Heavy Blade","Whirlwind","Power Through"],"picked":"Singing Bowl","floor":13},{"not_picked":["Body Slam","Rampage","Hemokinesis","Ghostly Armor"],"picked":"Singing Bowl","floor":14},{"not_picked":["Dark Embrace+1","Reaper","Immolate"],"picked":"Offering","floor":16},{"not_picked":["Twin Strike+1","Iron Wave"],"picked":"Singing Bowl","floor":18},{"not_picked":["Spot Weakness","Headbutt+1"],"picked":"Singing Bowl","floor":21},{"not_picked":["Ghostly Armor+1","Anger"],"picked":"Singing Bowl","floor":22},{"not_picked":["Havoc","Thunderclap+1"],"picked":"Singing Bowl","floor":24},{"not_picked":["Battle Trance","Havoc+1"],"picked":"Singing Bowl","floor":28},{"not_picked":["Wild Strike+1","Reckless Charge"],"picked":"Singing Bowl","floor":31}],"player_experience":190588,"relics_obtained":[{"floor":9,"key":"Singing Bowl"},{"floor":14,"key":"Frozen Egg 2"},{"floor":26,"key":"Orichalcum"},{"floor":30,"key":"Necronomicon"}],"event_choices":[{"event_name":"Shining Light","player_choice":"Entered Light","floor":4,"damage_taken":0},{"event_name":"Big Fish","player_choice":"Banana","floor":7,"damage_taken":0},{"event_name":"Scrap Ooze","player_choice":"success","floor":12,"damage_taken":25},{"event_name":"The Mausoleum","player_choice":"Yes","floor":19,"damage_taken":0},{"event_name":"Cursed Tome","player_choice":"Obtained Book","floor":30,"damage_taken":0}],"is_beta":false,"boss_relics":[{"not_picked":["Ectoplasm","Eternal Feather"],"picked":"Busted Crown"}],"items_purged_floors":[20],"is_endless":false,"potions_floor_spawned":[13,14,18,24],"killed_by":"Collector","ascension_level":8}