{"gold_per_floor":[118,0,0,20,36,36,69,79,79,91,91,118,118,118,118,190,190,210,221,64,80,94,94,126,140,140,140],"floor_reached":27,"playtime":1241,"items_purged":["Regret"],"score":478,"play_id":"2e3e3aec-ac38-4eec-9849-55aba4bdd960","local_time":"20181023133903","is_ascension_mode":true,"campfire_choices":[{"data":"Noxious Fumes","floor":6,"key":"SMITH"},{"floor":11,"key":"REST"},{"data":"Neutralize","floor":15,"key":"SMITH"},{"floor":23,"key":"REST"}],"neow_cost":"CURSE","seed_source_timestamp":1024200712098697,"circlet_count":0,"master_deck":["Defend_G","Defend_G","Defend_G","Defend_G","Defend_G","Strike_G","Strike_G+1","Strike_G","Survivor","Neutralize+1","AscendersBane","Dagger Throw","Noxious Fumes+1","Blade Dance","Cloak And Dagger","Dash+1","Backflip","Malaise","Bouncing Flask","Leg Sweep","Quick Slash","Die Die Die"],"relics":["Ring of the Snake","Mercury Hourglass","Ninja Scroll","Vajra","Fusion Hammer","Whetstone","Sundial","Blue Candle"],"potions_floor_usage":[7,12,22,24],"damage_taken":[{"damage":9,"enemies":"Small Slimes","floor":1,"turns":7},{"damage":0,"enemies":"Jaw Worm","floor":4,"turns":4},{"damage":9,"enemies":"2 Louse","floor":5,"turns":4},{"damage":32,"enemies":"3 Sentries","floor":7,"turns":8},{"damage":4,"enemies":"Large Slime","floor":8,"turns":5},{"damage":2,"enemies":"Exordium Wildlife","floor":10,"turns":4},{"damage":25,"enemies":"Lagavulin","floor":12,"turns":8},{"damage":2,"enemies":"Hexaghost","floor":16,"turns":9},{"damage":0,"enemies":"3 Byrds","floor":18,"turns":4},{"damage":11,"enemies":"2 Thieves","floor":19,"turns":4},{"damage":3,"enemies":"Snake Plant","floor":21,"turns":5},{"damage":16,"enemies":"Cultist and Chosen","floor":22,"turns":6},{"damage":35,"enemies":"Book of Stabbing","floor":24,"turns":5},{"damage":15,"enemies":"Shelled Parasite and Fungi","floor":25,"turns":6},{"damage":4,"enemies":"Snake Plant","floor":27,"turns":3}],"seed_played":"-7738053932790111089","potions_obtained":[{"floor":5,"key":"Energy Potion"},{"floor":10,"key":"SkillPotion"},{"floor":12,"key":"Swift Potion"},{"floor":18,"key":"SteroidPotion"},{"floor":25,"key":"Dexterity Potion"}],"is_trial":false,"path_per_floor":["M","$","?","M","M","R","E","M","T","M","R","E","?","?","R","B",null,"M","M","$","M","M","R","E","M","T"],"character_chosen":"THE_SILENT","items_purchased":["Noxious Fumes","Whetstone"],"campfire_rested":2,"item_purchase_floors":[2,20],"current_hp_per_floor":[62,62,55,55,46,46,14,10,10,8,31,6,6,6,6,4,60,60,49,49,46,30,53,18,3,3,0],"gold":140,"neow_bonus":"TWENTY_PERCENT_HP_BONUS","is_prod":false,"is_daily":false,"chose_seed":false,"campfire_upgraded":2,"win_rate":0,"timestamp":1540294743,"path_taken":["M","$","?","M","M","R","E","M","T","M","R","E","?","?","R","BOSS","M","M","$","M","M","R","E","M","T","M"],"build_version":"2018-10-18","purchased_purges":1,"victory":false,"max_hp_per_floor":[78,78,78,78,78,78,78,78,78,78,78,78,78,78,78,78,78,78,78,78,78,78,78,78,78,78,78],"card_choices":[{"not_picked":["Setup","Flying Knee"],"picked":"Dagger Throw","floor":1},{"not_picked":["Dagger Throw","Finisher"],"picked":"Blade Dance","floor":4},{"not_picked":["Skewer","Blade Dance","Phantasmal Killer"],"picked":"SKIP","floor":5},{"not_picked":["Setup","Well Laid Plans"],"picked":"Cloak And Dagger","floor":7},{"not_picked":["PiercingWail","Heel Hook","Tactician"],"picked":"SKIP","floor":8},{"not_picked":["Terror","Poisoned Stab"],"picked":"Dash","floor":10},{"not_picked":["Concentrate","Blade Dance"],"picked":"Backflip","floor":12},{"not_picked":["Venomology","Night Terror"],"picked":"Malaise","floor":16},{"not_picked":["Flying Knee","Dodge and Roll"],"picked":"Bouncing Flask","floor":18},{"not_picked":["Flying Knee","Caltrops+1"],"picked":"Leg Sweep","floor":19},{"not_picked":["Dash","Riddle With Holes","Reflex"],"picked":"SKIP","floor":21},{"not_picked":["Dagger Throw","Dagger Spray","Prepared"],"picked":"SKIP","floor":22},{"not_picked":["All Out Attack","Concentrate"],"picked":"Quick Slash","floor":24},{"not_picked":["Poisoned Stab","Acrobatics"],"picked":"Die Die Die","floor":25}],"player_experience":851630,"relics_obtained":[{"floor":7,"key":"Mercury Hourglass"},{"floor":9,"key":"Ninja Scroll"},{"floor":12,"key":"Vajra"},{"floor":24,"key":"Sundial"},{"floor":26,"key":"Blue Candle"}],"event_choices":[{"cards_removed":["Strike_G"],"damage_healed":0,"gold_gain":0,"player_choice":"Card Removal","damage_taken":7,"max_hp_gain":0,"max_hp_loss":0,"event_name":"Golden Wing","floor":3,"gold_loss":0},{"damage_healed":0,"gold_gain":0,"player_choice":"Ignored","damage_taken":0,"max_hp_gain":0,"max_hp_loss":0,"event_name":"Shining Light","floor":13,"gold_loss":0},{"cards_removed":["Strike_G"],"damage_healed":0,"gold_gain":0,"player_choice":"Purged","damage_taken":0,"max_hp_gain":0,"max_hp_loss":0,"event_name":"Purifier","floor":14,"gold_loss":0}],"is_beta":false,"boss_relics":[{"not_picked":["Orrery","Black Star"],"picked":"Fusion Hammer"}],"items_purged_floors":[2],"is_endless":false,"potions_floor_spawned":[5,10,12,18,21,25],"killed_by":"Snake Plant","ascension_level":19}