{"gold_per_floor":[113,113,113,123,140,172,272,286,336,336,347,372,210,226,226,327,327,342,257,257,257,267,267,279,291,291,291,291,216,216,216],"floor_reached":31,"playtime":2494,"items_purged":["Decay"],"score":270,"play_id":"bb12aad2-6a19-4dcd-a02d-4a72f2d55ce8","local_time":"20190110203738","is_ascension_mode":false,"campfire_choices":[{"data":"Cleave","floor":10.0,"key":"SMITH"},{"floor":15.0,"key":"REST"},{"data":"Demon Form","floor":23,"key":"SMITH"}],"neow_cost":"","seed_source_timestamp":0,"circlet_count":0,"master_deck":["Strike_R+1","Strike_R+1","Strike_R+1","Strike_R+1","Strike_R+1","Defend_R+1","Defend_R+1","Defend_R+1","Defend_R+1","Bash","Cleave+1","Clash+1","Flex","Headbutt","Clothesline","Demon Form+1","Shrug It Off","Feed","Ghostly Armor","Impervious","Seeing Red","Sword Boomerang","Clash","Pommel Strike","Cleave","Armaments","Body Slam","Double Tap","Iron Wave"],"special_seed":0,"relics":["Burning Blood","Letter Opener","Blood Vial","Whetstone","Strawberry","Orrery","Boot","Paper Frog","Nilry\u0027s Codex"],"potions_floor_usage":[],"damage_taken":[{"damage":9.0,"enemies":"Small Slimes","floor":1.0,"turns":3.0},{"damage":16.0,"enemies":"Jaw Worm","floor":4.0,"turns":4.0},{"damage":5.0,"enemies":"2 Louse","floor":5.0,"turns":2.0},{"damage":30.0,"enemies":"Gremlin Nob","floor":6.0,"turns":4.0},{"damage":13.0,"enemies":"Lots of Slimes","floor":8.0,"turns":3.0},{"damage":4.0,"enemies":"Blue Slaver","floor":11.0,"turns":4.0},{"damage":21.0,"enemies":"3 Sentries","floor":12.0,"turns":6.0},{"damage":0.0,"enemies":"2 Fungi Beasts","floor":14.0,"turns":2.0},{"damage":46.0,"enemies":"The Guardian","floor":16.0,"turns":9.0},{"damage":20,"enemies":"Chosen","floor":18,"turns":5},{"damage":22,"enemies":"Shell Parasite","floor":22,"turns":5},{"damage":30,"enemies":"Snake Plant","floor":24,"turns":4},{"damage":33,"enemies":"Chosen and Byrds","floor":25,"turns":7},{"damage":9,"enemies":"3 Cultists","floor":31,"turns":3}],"seed_played":"-1255210247118214900","potions_obtained":[{"floor":4.0,"key":"Poison Potion"},{"floor":8.0,"key":"Energy Potion"},{"floor":11.0,"key":"Dexterity Potion"},{"floor":12.0,"key":"GamblersBrew"},{"floor":16.0,"key":"Strength Potion"},{"floor":24,"key":"Block Potion"}],"is_trial":false,"path_per_floor":["M","?","?","M","M","E","?","M","T","R","M","E","$","M","R","B",null,"M","?","?","?","M","R","M","M","T","?","?","$","?","M"],"character_chosen":"IRONCLAD","items_purchased":["Feed"],"campfire_rested":1,"item_purchase_floors":[13],"current_hp_per_floor":[77,70,75,65,66,42,42,37,37,37,41,35,35,46,74,36,95,81,81,81,81,67,67,45,20,20,20,4,4,4,0],"gold":216,"neow_bonus":"","is_prod":false,"is_daily":false,"chose_seed":false,"campfire_upgraded":2,"win_rate":0.0,"timestamp":1547113058,"path_taken":["M","?","?","?","M","E","?","?","T","R","M","E","$","M","R","BOSS","M","?","?","?","M","R","?","M","T","?","?","$","?","M"],"build_version":"2019-01-03v4","purchased_purges":1,"victory":false,"max_hp_per_floor":[80,80,85,85,85,85,85,85,85,85,85,92,92,95,95,95,95,95,95,95,95,95,95,95,95,95,95,95,95,95,95],"card_choices":[{"not_picked":["Blood for Blood","Sword Boomerang"],"picked":"Cleave","floor":1.0},{"not_picked":["Hemokinesis","Corruption"],"picked":"Clash","floor":4.0},{"not_picked":["Combust","Sword Boomerang"],"picked":"Flex","floor":5.0},{"not_picked":["Anger","Infernal Blade"],"picked":"Headbutt","floor":6.0},{"not_picked":["Perfected Strike","Dropkick"],"picked":"Clothesline","floor":8.0},{"not_picked":["Anger","Warcry"],"picked":"Demon Form","floor":11.0},{"not_picked":["Clash","Anger"],"picked":"Shrug It Off","floor":12.0},{"not_picked":["Perfected Strike","Headbutt"],"picked":"Ghostly Armor","floor":14.0},{"not_picked":["Brutality","Barricade"],"picked":"Impervious","floor":16.0},{"not_picked":["Warcry","Headbutt"],"picked":"Seeing Red","floor":17},{"not_picked":["Infernal Blade","Rage"],"picked":"Sword Boomerang","floor":17},{"not_picked":["True Grit","Second Wind"],"picked":"Clash","floor":17},{"not_picked":["Thunderclap","Iron Wave"],"picked":"Pommel Strike","floor":17},{"not_picked":["Feel No Pain","Blood for Blood"],"picked":"Cleave","floor":17},{"not_picked":["Headbutt","Warcry"],"picked":"Armaments","floor":18},{"not_picked":["Ghostly Armor","Bloodletting+1"],"picked":"Body Slam","floor":22},{"not_picked":["Power Through","Infernal Blade"],"picked":"Double Tap","floor":24},{"not_picked":["Infernal Blade","Warcry"],"picked":"Iron Wave","floor":25}],"player_experience":0,"relics_obtained":[{"floor":6.0,"key":"Blood Vial"},{"floor":9.0,"key":"Whetstone"},{"floor":12.0,"key":"Strawberry"},{"floor":26,"key":"Paper Frog"},{"floor":28,"key":"Nilry\u0027s Codex"}],"event_choices":[{"damage_healed":0.0,"max_hp_gain":0.0,"max_hp_loss":0.0,"gold_gain":0.0,"event_name":"Scrap Ooze","player_choice":"Success","floor":2.0,"gold_loss":0.0,"damage_taken":7.0,"relics_obtained":["Letter Opener"]},{"damage_healed":0.0,"max_hp_gain":5.0,"max_hp_loss":0.0,"gold_gain":0.0,"event_name":"Big Fish","player_choice":"Donut","floor":3.0,"gold_loss":0.0,"damage_taken":0.0},{"damage_healed":0.0,"max_hp_gain":0.0,"max_hp_loss":0.0,"gold_gain":100.0,"event_name":"Golden Shrine","player_choice":"Pray","floor":7.0,"gold_loss":0.0,"damage_taken":0.0},{"damage_healed":0,"gold_gain":0,"player_choice":"Obtained Relic","damage_taken":0,"relics_obtained":["Boot"],"max_hp_gain":0,"max_hp_loss":0,"event_name":"Addict","floor":19,"gold_loss":85},{"damage_healed":0,"gold_gain":0,"player_choice":"Ignored","damage_taken":0,"max_hp_gain":0,"max_hp_loss":0,"event_name":"Vampires","floor":20,"gold_loss":0},{"damage_healed":0,"gold_gain":0,"player_choice":"Simplicity","damage_taken":0,"max_hp_gain":0,"max_hp_loss":0,"event_name":"Back to Basics","floor":21,"gold_loss":0,"cards_upgraded":["Strike_R","Strike_R","Strike_R","Strike_R","Defend_R","Defend_R","Defend_R","Defend_R"]},{"damage_healed":0,"gold_gain":0,"player_choice":"Smashed Altar","damage_taken":0,"max_hp_gain":0,"max_hp_loss":0,"event_name":"Forgotten Altar","floor":27,"gold_loss":0,"cards_obtained":["Decay"]},{"damage_healed":0,"gold_gain":0,"player_choice":"Obtained Book","damage_taken":16,"max_hp_gain":0,"max_hp_loss":0,"event_name":"Cursed Tome","floor":28,"gold_loss":0},{"damage_healed":0,"gold_gain":0,"player_choice":"Ignored","damage_taken":0,"max_hp_gain":0,"max_hp_loss":0,"event_name":"Beggar","floor":30,"gold_loss":0}],"is_beta":false,"boss_relics":[{"not_picked":["Fusion Hammer","Calling Bell"],"picked":"Orrery"}],"items_purged_floors":[29],"is_endless":false,"potions_floor_spawned":[4,8,11,12,16,24,25],"killed_by":"3 Cultists","ascension_level":0}