{"gold_per_floor":[115,115,115,131,145,175,175,207,207,207,240,240,252,252,252,327,327,340,351,266,128,128,128,228,253,253,253,265,290,290,308,308,380,380,390,390,408,48,48,48,0,33,33,43,43,61,61,71,71,71,71],"floor_reached":51,"playtime":2298,"items_purged":["Strike_B+1"],"score":1437,"play_id":"17a2d6ae-cd8f-4d65-933a-dde6ce5649a0","local_time":"20190220131616","is_ascension_mode":true,"campfire_choices":[{"data":"Zap","floor":7.0,"key":"SMITH"},{"floor":10.0,"key":"REST"},{"data":"Ball Lightning","floor":12.0,"key":"SMITH"},{"data":"Dualcast","floor":15.0,"key":"SMITH"},{"data":"Fission","floor":23.0,"key":"SMITH"},{"data":"Tempest","floor":27.0,"key":"SMITH"},{"data":"Thunder Strike","floor":30.0,"key":"SMITH"},{"floor":32.0,"key":"REST"},{"data":"Mind Blast","floor":40.0,"key":"SMITH"},{"data":"Biased Cognition","floor":45,"key":"SMITH"},{"floor":47,"key":"REST"},{"data":"White Noise","floor":49,"key":"SMITH"}],"neow_cost":"PERCENT_DAMAGE","seed_source_timestamp":28623003270156,"circlet_count":0,"master_deck":["AscendersBane","Strike_B+1","Defend_B+1","Defend_B+1","Zap+1","Dualcast+1","White Noise+1","Melter","Conserve Battery","Glacier","Ball Lightning+1","Tempest+1","Fission+1","BootSequence+1","Glacier+1","BootSequence+1","Biased Cognition+1","Thunder Strike+1","Rainbow","Finesse","Double Energy","Mind Blast+1","Coolheaded+1"],"special_seed":0,"relics":["Cracked Core","Whetstone","Symbiotic Virus","The Courier","War Paint","Astrolabe","Question Card","Omamori","Bird Faced Urn","Gremlin Horn","Potion Belt","Matryoshka","DataDisk","Philosopher\u0027s Stone","Ancient Tea Set","Red Mask","Turnip","Boot","Mercury Hourglass"],"potions_floor_usage":[42,42,42,44,48,50,50,50],"damage_taken":[{"damage":6.0,"enemies":"2 Louse","floor":1.0,"turns":3.0},{"damage":2.0,"enemies":"Cultist","floor":4.0,"turns":4.0},{"damage":1.0,"enemies":"Small Slimes","floor":5.0,"turns":4.0},{"damage":4.0,"enemies":"Gremlin Nob","floor":6.0,"turns":3.0},{"damage":14.0,"enemies":"3 Sentries","floor":8.0,"turns":8.0},{"damage":11.0,"enemies":"Lagavulin","floor":11.0,"turns":7.0},{"damage":0.0,"enemies":"2 Fungi Beasts","floor":13.0,"turns":3.0},{"damage":46.0,"enemies":"Hexaghost","floor":16.0,"turns":10.0},{"damage":0.0,"enemies":"Chosen","floor":18.0,"turns":3.0},{"damage":5.0,"enemies":"Shell Parasite","floor":19.0,"turns":4.0},{"damage":0.0,"enemies":"Colosseum Slavers","floor":24.0,"turns":4.0},{"damage":42.0,"enemies":"Colosseum Nobs","floor":24.0,"turns":6.0},{"damage":3.0,"enemies":"Slavers","floor":25.0,"turns":4.0},{"damage":10.0,"enemies":"Centurion and Healer","floor":28.0,"turns":5.0},{"damage":0.0,"enemies":"Book of Stabbing","floor":29.0,"turns":5.0},{"damage":4.0,"enemies":"Chosen and Byrds","floor":31.0,"turns":4.0},{"damage":22.0,"enemies":"Champ","floor":33.0,"turns":9.0},{"damage":33.0,"enemies":"3 Darklings","floor":35.0,"turns":4.0},{"damage":0.0,"enemies":"Orb Walker","floor":37.0,"turns":4.0},{"damage":9,"enemies":"Nemesis","floor":42,"turns":5},{"damage":14,"enemies":"Transient","floor":44,"turns":6},{"damage":1,"enemies":"Spire Growth","floor":46,"turns":3},{"damage":5,"enemies":"Writhing Mass","floor":48,"turns":6},{"damage":69,"enemies":"Donu and Deca","floor":50,"turns":9},{"damage":31,"enemies":"Awakened One","floor":51,"turns":6}],"seed_played":"8330860022678518056","potions_obtained":[{"floor":4.0,"key":"Fire Potion"},{"floor":5.0,"key":"Ancient Potion"},{"floor":6.0,"key":"GamblersBrew"},{"floor":25.0,"key":"PowerPotion"},{"floor":31.0,"key":"SkillPotion"},{"floor":33.0,"key":"SkillPotion"},{"floor":37.0,"key":"LiquidBronze"},{"floor":46,"key":"Ancient Potion"},{"floor":48,"key":"Fruit Juice"}],"is_trial":false,"path_per_floor":["M","?","?","M","M","E","R","E","T","R","E","R","M","?","R","B",null,"M","M","?","$","?","R","?","E","T","R","M","E","R","M","R","B",null,"M","?","M","$","?","R","?","E","T","M","R","M","R","M","R","B","B"],"character_chosen":"DEFECT","items_purchased":["Omamori","Mind Blast","Ancient Tea Set","EntropicBrew"],"campfire_rested":3,"item_purchase_floors":[21,38,38,38],"current_hp_per_floor":[54,54,54,52,51,47,47,33,33,58,47,47,47,52,52,6,69,69,64,64,64,82,82,40,41,41,41,35,41,41,39,66,48,80,51,51,53,53,71,71,71,66,66,56,56,59,86,90,90,25,0],"gold":71,"neow_bonus":"TWENTY_PERCENT_HP_BONUS","is_prod":false,"is_daily":false,"chose_seed":false,"campfire_upgraded":9,"win_rate":0,"timestamp":1550664976,"path_taken":["M","?","?","?","M","E","R","E","T","R","E","R","M","?","R","BOSS","M","M","?","$","?","R","?","E","T","R","M","E","R","M","R","BOSS","M","?","M","$","?","R","?","E","T","M","R","M","R","M","R","BOSS","BOSS"],"build_version":"2019-01-23","purchased_purges":1,"victory":false,"max_hp_per_floor":[85,85,85,85,85,85,85,85,85,85,85,85,85,90,90,90,90,90,90,90,90,90,90,90,90,90,90,90,90,90,90,90,90,90,90,90,90,90,90,90,90,90,90,90,90,90,90,95,95,95,95],"card_choices":[{"not_picked":["Cold Snap","Stack"],"picked":"White Noise","floor":1.0},{"not_picked":["Coolheaded","Turbo"],"picked":"Conserve Battery","floor":4.0},{"not_picked":["Streamline","Barrage","Conserve Battery"],"picked":"SKIP","floor":5.0},{"not_picked":["Ball Lightning","Gash"],"picked":"Glacier","floor":6.0},{"not_picked":["Streamline","Hello World","Reinforced Body"],"picked":"SKIP","floor":8.0},{"not_picked":["Storm","BootSequence"],"picked":"Ball Lightning","floor":11.0},{"not_picked":["Barrage","Chill"],"picked":"Tempest","floor":13.0},{"not_picked":["Buffer","Seek"],"picked":"Fission","floor":16.0},{"not_picked":["Hello World","Go for the Eyes","Streamline"],"picked":"SKIP","floor":18.0},{"not_picked":["Rebound","Ball Lightning"],"picked":"Biased Cognition","floor":19.0},{"not_picked":["Rip and Tear","Lockon+1","Reprogram"],"picked":"Thunder Strike","floor":25.0},{"not_picked":["Rebound","Ball Lightning","Steam","Capacitor"],"picked":"SKIP","floor":28.0},{"not_picked":["Consume","Storm","Undo","Reprogram"],"picked":"SKIP","floor":29.0},{"not_picked":["Steam","Hologram","Static Discharge","Gash"],"picked":"SKIP","floor":31.0},{"not_picked":["Meteor Strike","Buffer","Reboot"],"picked":"Rainbow","floor":33.0},{"not_picked":["Beam Cell","Sweeping Beam","Steam","BootSequence"],"picked":"SKIP","floor":35.0},{"not_picked":["Discovery","Transmutation","Metamorphosis"],"picked":"Finesse","floor":36.0},{"not_picked":["Rebound+1","Beam Cell+1","Capacitor"],"picked":"Double Energy","floor":37.0},{"not_picked":["Stack","Amplify","Darkness","Compile Driver+1"],"picked":"SKIP","floor":42},{"not_picked":["Double Energy","Heatsinks","Hologram"],"picked":"Coolheaded+1","floor":44},{"not_picked":["Auto Shields","Leap","Beam Cell","Sweeping Beam"],"picked":"SKIP","floor":46},{"not_picked":["Genetic Algorithm","Double Energy","Barrage","Gash"],"picked":"SKIP","floor":48}],"player_experience":1126891,"relics_obtained":[{"floor":6.0,"key":"Whetstone"},{"floor":8.0,"key":"Symbiotic Virus"},{"floor":9.0,"key":"The Courier"},{"floor":11.0,"key":"War Paint"},{"floor":24.0,"key":"Bird Faced Urn"},{"floor":24.0,"key":"Gremlin Horn"},{"floor":25.0,"key":"Potion Belt"},{"floor":26.0,"key":"Matryoshka"},{"floor":29.0,"key":"DataDisk"},{"floor":42,"key":"Turnip"},{"floor":43,"key":"Boot"},{"floor":43,"key":"Mercury Hourglass"}],"event_choices":[{"damage_healed":0.0,"max_hp_gain":0.0,"max_hp_loss":0.0,"gold_gain":0.0,"cards_transformed":["Strike_B"],"event_name":"Living Wall","player_choice":"Change","floor":2.0,"gold_loss":0.0,"damage_taken":0.0,"cards_obtained":["Melter"]},{"damage_healed":0.0,"max_hp_gain":0.0,"max_hp_loss":0.0,"gold_gain":0.0,"event_name":"Match and Keep!","player_choice":"0 cards matched","floor":3.0,"gold_loss":0.0,"damage_taken":0.0,"cards_obtained":[]},{"damage_healed":0.0,"max_hp_gain":5.0,"max_hp_loss":0.0,"gold_gain":0.0,"event_name":"Big Fish","player_choice":"Donut","floor":14.0,"gold_loss":0.0,"damage_taken":0.0},{"damage_healed":0.0,"max_hp_gain":0.0,"max_hp_loss":0.0,"gold_gain":0.0,"event_name":"Addict","player_choice":"Obtained Relic","floor":20.0,"gold_loss":85.0,"damage_taken":0.0,"relics_obtained":["Question Card"]},{"damage_healed":18.0,"max_hp_gain":0.0,"max_hp_loss":0.0,"gold_gain":0.0,"event_name":"The Library","player_choice":"Heal","floor":22.0,"gold_loss":0.0,"damage_taken":0.0},{"damage_healed":0.0,"max_hp_gain":0.0,"max_hp_loss":0.0,"gold_gain":0.0,"event_name":"Colosseum","player_choice":"Fight","floor":24.0,"gold_loss":0.0,"damage_taken":0.0},{"damage_healed":0.0,"max_hp_gain":0.0,"max_hp_loss":0.0,"gold_gain":0.0,"event_name":"Colosseum","player_choice":"Fought Nobs","floor":24.0,"gold_loss":0.0,"damage_taken":0.0},{"damage_healed":0.0,"max_hp_gain":0.0,"max_hp_loss":0.0,"gold_gain":0.0,"event_name":"SensoryStone","player_choice":"Memory 1","floor":36.0,"gold_loss":0.0,"damage_taken":0.0},{"damage_healed":18.0,"max_hp_gain":0.0,"max_hp_loss":0.0,"gold_gain":0.0,"event_name":"Winding Halls","player_choice":"Writhe","floor":39.0,"gold_loss":0.0,"damage_taken":0.0,"cards_obtained":["Writhe"]},{"damage_healed":0.0,"max_hp_gain":0.0,"max_hp_loss":0.0,"gold_gain":0.0,"event_name":"Tomb of Lord Red Mask","player_choice":"Paid","floor":41.0,"gold_loss":48.0,"damage_taken":0.0,"relics_obtained":["Red Mask"]}],"is_beta":false,"boss_relics":[{"not_picked":["Snecko Eye","Empty Cage"],"picked":"Astrolabe"},{"not_picked":["Calling Bell","Eternal Feather"],"picked":"Philosopher\u0027s Stone"}],"items_purged_floors":[38],"is_endless":false,"potions_floor_spawned":[4,5,6,24,25,31,33,37,46,48],"killed_by":"Awakened One","ascension_level":20}