{"gold_per_floor":[110,110,110,125,125,125,159,159,184,203,219,25,59,73,73,73],"floor_reached":16,"playtime":1555,"items_purged":[],"score":110,"play_id":"27e41704-7065-43de-8e8c-013301865ce7","local_time":"20190112154636","is_ascension_mode":false,"campfire_choices":[{"data":"Blade Dance","floor":6,"key":"SMITH"},{"data":"Burst","floor":8,"key":"SMITH"},{"floor":15,"key":"REST"}],"neow_cost":"NONE","seed_source_timestamp":159123833109516,"circlet_count":0,"master_deck":["Defend_G","Defend_G","Defend_G","Defend_G","Defend_G","Strike_G","Strike_G","Strike_G","Strike_G","Strike_G","Survivor","Neutralize","Outmaneuver","Blade Dance+1","Burst+1","Riddle With Holes","Slice","Chrysalis","Distraction","Caltrops"],"relics":["Ring of the Snake","Orichalcum","Boot","Pen Nib","Bag of Preparation"],"potions_floor_usage":[13,13],"damage_taken":[{"damage":12,"enemies":"Cultist","floor":1,"turns":5},{"damage":0,"enemies":"2 Louse","floor":4,"turns":3},{"damage":43,"enemies":"3 Sentries","floor":7,"turns":17},{"damage":0,"enemies":"Small Slimes","floor":10,"turns":2},{"damage":2,"enemies":"Blue Slaver","floor":11,"turns":3},{"damage":8,"enemies":"Lagavulin","floor":13,"turns":6},{"damage":0,"enemies":"2 Fungi Beasts","floor":14,"turns":2},{"damage":53,"enemies":"The Guardian","floor":16,"turns":6}],"seed_played":"6700746981609170420","potions_obtained":[{"floor":4,"key":"EssenceOfSteel"},{"floor":10,"key":"FearPotion"},{"floor":13,"key":"FearPotion"},{"floor":14,"key":"FearPotion"}],"is_trial":false,"path_per_floor":["M","T","?","M","?","R","E","R","T","M","M","$","E","M","R","B"],"character_chosen":"THE_SILENT","items_purchased":["Chrysalis"],"campfire_rested":1,"item_purchase_floors":[12],"current_hp_per_floor":[58,58,58,58,80,80,37,37,37,37,35,35,27,27,51,0],"gold":73,"neow_bonus":"ONE_RANDOM_RARE_CARD","is_prod":false,"is_daily":false,"chose_seed":false,"campfire_upgraded":2,"win_rate":0.0,"timestamp":1547268396,"path_taken":["M","?","?","M","?","R","E","R","T","M","M","$","E","?","R","BOSS"],"build_version":"2019-01-10","purchased_purges":0,"victory":false,"max_hp_per_floor":[70,70,70,70,80,80,80,80,80,80,80,80,80,80,80,80],"card_choices":[{"not_picked":["Deadly Poison","Bouncing Flask"],"picked":"Outmaneuver","floor":1},{"not_picked":["PiercingWail","Prepared"],"picked":"Blade Dance","floor":4},{"not_picked":["Endless Agony","Skewer"],"picked":"Burst","floor":7},{"not_picked":["Backflip","Dodge and Roll"],"picked":"Riddle With Holes","floor":10},{"not_picked":["Footwork","Tactician"],"picked":"Slice","floor":11},{"not_picked":["Endless Agony","Night Terror"],"picked":"Distraction","floor":13},{"not_picked":["Blur","All Out Attack"],"picked":"Caltrops","floor":14}],"player_experience":11858,"relics_obtained":[{"floor":2,"key":"Orichalcum"},{"floor":7,"key":"Boot"},{"floor":9,"key":"Pen Nib"},{"floor":13,"key":"Bag of Preparation"}],"event_choices":[{"damage_healed":0,"gold_gain":0,"player_choice":"Ignored","damage_taken":0,"max_hp_gain":0,"max_hp_loss":0,"event_name":"Golden Wing","floor":3,"gold_loss":0},{"cards_removed":["Corpse Explosion"],"damage_healed":12,"gold_gain":0,"player_choice":"Offered Rare","damage_taken":0,"max_hp_gain":10,"max_hp_loss":0,"event_name":"Bonfire Elementals","floor":5,"gold_loss":0}],"is_beta":false,"boss_relics":[],"items_purged_floors":[],"is_endless":false,"potions_floor_spawned":[4,10,13,14],"killed_by":"The Guardian","ascension_level":0}