{"gold_per_floor":[109,120,138,213,213,246,246,171,171,171,191,206,206,38,38,143,143,155,168,43,43],"floor_reached":21,"playtime":1152,"items_purged":["Strike_R","Strike_R","Strike_R"],"score":179,"play_id":"0fe0d8da-f5fb-4fa0-8d0a-c30f1be09851","local_time":"20181106005045","is_ascension_mode":false,"campfire_choices":[{"data":"Bash","floor":7,"key":"SMITH"},{"data":"Dropkick","floor":10,"key":"SMITH"},{"data":"Inflame","floor":15,"key":"SMITH"}],"neow_cost":"NONE","seed_source_timestamp":6157427757135,"circlet_count":0,"master_deck":["Strike_R","Strike_R","Defend_R","Defend_R","Defend_R","Defend_R","Bash+1","Clothesline+1","Dropkick+1","Inflame+1","Havoc"],"relics":["Burning Blood"],"potions_floor_usage":[6,16,16],"damage_taken":[{"damage":1,"enemies":"Cultist","floor":1,"turns":3},{"damage":6,"enemies":"Small Slimes","floor":2,"turns":4},{"damage":5,"enemies":"Jaw Worm","floor":3,"turns":4},{"damage":40,"enemies":"Lagavulin","floor":6,"turns":6},{"damage":9,"enemies":"Exordium Wildlife","floor":11,"turns":4},{"damage":7,"enemies":"Blue Slaver","floor":12,"turns":3},{"damage":32,"enemies":"Slime Boss","floor":16,"turns":10},{"damage":35,"enemies":"3 Byrds","floor":18,"turns":7},{"damage":50,"enemies":"Spheric Guardian","floor":19,"turns":7},{"damage":15,"enemies":"Shelled Parasite and Fungi","floor":21,"turns":2}],"seed_played":"1569214144689822011","potions_obtained":[{"floor":1,"key":"EssenceOfSteel"},{"floor":2,"key":"Poison Potion"},{"floor":6,"key":"Poison Potion"},{"floor":19,"key":"GamblersBrew"}],"is_trial":false,"path_per_floor":["M","M","M","?","?","E","R","$","T","R","M","M","?","$","R","B",null,"M","M","$","M"],"character_chosen":"IRONCLAD","items_purchased":["Inflame"],"campfire_rested":0,"item_purchase_floors":[14],"current_hp_per_floor":[88,88,88,77,77,43,43,43,43,43,40,39,39,39,39,13,88,59,15,15,0],"gold":43,"neow_bonus":"TEN_PERCENT_HP_BONUS","is_prod":false,"is_daily":false,"chose_seed":false,"campfire_upgraded":3,"win_rate":0,"timestamp":1541483445,"path_taken":["M","M","?","?","?","E","R","?","T","R","M","?","?","$","R","BOSS","M","M","$","M"],"build_version":"2018-11-01","purchased_purges":3,"victory":false,"max_hp_per_floor":[88,88,88,88,88,88,88,88,88,88,88,88,88,88,88,88,88,88,88,88,88],"card_choices":[{"not_picked":["Fire Breathing","Iron Wave","Combust"],"picked":"SKIP","floor":1},{"not_picked":["Wild Strike","Havoc"],"picked":"Clothesline","floor":2},{"not_picked":["Sentinel","Warcry"],"picked":"Dropkick","floor":3},{"not_picked":["Flame Barrier","Dual Wield","Infernal Blade"],"picked":"SKIP","floor":6},{"not_picked":["Havoc","Clash","Shrug It Off"],"picked":"SKIP","floor":11},{"not_picked":["Carnage","Sentinel","Combust"],"picked":"SKIP","floor":12},{"not_picked":["Shrug It Off","Havoc","Anger"],"picked":"SKIP","floor":18},{"not_picked":["Flex","Armaments"],"picked":"Havoc","floor":19}],"player_experience":243990,"relics_obtained":[],"event_choices":[{"damage_healed":0,"gold_gain":75,"player_choice":"Gather Gold","damage_taken":11,"max_hp_gain":0,"max_hp_loss":0,"event_name":"World of Goop","floor":4,"gold_loss":0},{"damage_healed":0,"gold_gain":0,"player_choice":"Ignored","damage_taken":0,"max_hp_gain":0,"max_hp_loss":0,"event_name":"Liars Game","floor":5,"gold_loss":0},{"damage_healed":0,"gold_gain":0,"player_choice":"Upgraded","damage_taken":0,"max_hp_gain":0,"max_hp_loss":0,"event_name":"Upgrade Shrine","floor":13,"gold_loss":0,"cards_upgraded":["Clothesline"]}],"is_beta":false,"boss_relics":[{"not_picked":["Mark of Pain","Cursed Key","Velvet Choker"]}],"items_purged_floors":[8,14,20],"is_endless":false,"potions_floor_spawned":[1,2,6,19],"killed_by":"Shelled Parasite and Fungi","ascension_level":0}