{"gold_per_floor":[119,134,146,221,234,264,283,283,283,309,327,341,359,110,110,211,211,221,241,254,269,269,296,296,325,325,356,356,391,391,89,89,188,188,206,206,221,241,251,286,301,251,251,277,292,319,319,0,0,0],"floor_reached":51,"playtime":3795,"items_purged":["Thunderclap","Thunderclap"],"score":1185,"play_id":"129e546f-7079-4f40-aeaa-593265f89751","local_time":"20180717174524","daily_mods":["Draft","Heirloom","Time Dilation","Elite Swarm","Vintage"],"is_ascension_mode":true,"campfire_choices":[{"data":"Rampage","floor":8,"key":"SMITH"},{"data":"Pommel Strike","floor":15,"key":"SMITH"},{"data":"Sword Boomerang","floor":24,"key":"PURGE"},{"data":"Metallicize","floor":28,"key":"PURGE"},{"data":"Iron Wave","floor":30,"key":"PURGE"},{"data":"Offering","floor":32,"key":"SMITH"},{"data":"Rampage+1","floor":47,"key":"PURGE"},{"data":"Offering+1","floor":49,"key":"PURGE"}],"neow_cost":"","seed_source_timestamp":243818615699826,"circlet_count":0,"master_deck":["Dropkick+1","Shrug It Off","Dropkick+1","Burning Pact+1","Cleave","Spot Weakness","Heavy Blade+1","Bloodletting+1","Pommel Strike+1","Bludgeon+1","Offering+1","Double Tap+1","Deep Breath+1"],"relics":["Burning Blood","Torii","Matryoshka","Happy Flower","Meat on the Bone","Mummified Hand","Molten Egg 2","Anchor","Bag of Marbles","Toxic Egg 2","Champion Belt","Smiling Mask","Self Forming Clay","Juzu Bracelet","Kunai","Gambling Chip","Coffee Dripper","Vajra","War Paint","Gremlin Horn","Pantograph","Peace Pipe","Unceasing Top","Bronze Scales","Whetstone","Boot","Turnip","Bag of Preparation","Art of War","Busted Crown","Oddly Smooth Stone","Dodecahedron","Bottled Flame","Shuriken","Prayer Wheel","Red Skull","Ice Cream","Strawberry","Ancient Tea Set","Omamori","Red Mask"],"potions_floor_usage":[45],"damage_taken":[{"damage":3,"enemies":"Cultist","floor":1,"turns":3},{"damage":1,"enemies":"Small Slimes","floor":2,"turns":2},{"damage":3,"enemies":"2 Louse","floor":3,"turns":2},{"damage":0,"enemies":"Lots of Slimes","floor":5,"turns":2},{"damage":18,"enemies":"Lagavulin","floor":6,"turns":5},{"damage":9,"enemies":"2 Fungi Beasts","floor":7,"turns":2},{"damage":4,"enemies":"3 Sentries","floor":10,"turns":2},{"damage":0,"enemies":"Blue Slaver","floor":11,"turns":1},{"damage":0,"enemies":"3 Louse","floor":12,"turns":1},{"damage":4,"enemies":"Large Slime","floor":13,"turns":1},{"damage":12,"enemies":"Hexaghost","floor":16,"turns":4},{"damage":0,"enemies":"2 Thieves","floor":18,"turns":2},{"damage":7,"enemies":"3 Byrds","floor":19,"turns":1},{"damage":3,"enemies":"Snecko","floor":20,"turns":1},{"damage":7,"enemies":"Snake Plant","floor":21,"turns":1},{"damage":3,"enemies":"Book of Stabbing","floor":23,"turns":2},{"damage":11,"enemies":"Gremlin Leader","floor":25,"turns":1},{"damage":7,"enemies":"Book of Stabbing","floor":27,"turns":1},{"damage":4,"enemies":"Gremlin Leader","floor":29,"turns":1},{"damage":14,"enemies":"Collector","floor":33,"turns":1},{"damage":7,"enemies":"Orb Walker","floor":35,"turns":1},{"damage":3,"enemies":"Flame Bruiser 1 Orb","floor":37,"turns":1},{"damage":0,"enemies":"4 Shapes","floor":38,"turns":1},{"damage":4,"enemies":"Spire Growth","floor":39,"turns":1},{"damage":11,"enemies":"Giant Head","floor":40,"turns":1},{"damage":0,"enemies":"3 Darklings","floor":41,"turns":1},{"damage":3,"enemies":"Nemesis","floor":44,"turns":1},{"damage":0,"enemies":"4 Shapes","floor":45,"turns":1},{"damage":0,"enemies":"2 Orb Walkers","floor":46,"turns":1},{"damage":28,"enemies":"Awakened One","floor":50,"turns":3}],"seed_played":"843405669427671706","potions_obtained":[{"floor":1,"key":"Strength Potion"},{"floor":5,"key":"Explosive Potion"},{"floor":6,"key":"Ancient Potion"},{"floor":11,"key":"PowerPotion"},{"floor":19,"key":"Block Potion"},{"floor":40,"key":"SteroidPotion"},{"floor":41,"key":"Fruit Juice"},{"floor":46,"key":"Fire Potion"}],"is_trial":true,"path_per_floor":["M","M","M","?","M","E","M","R","T","E","M","M","M","$","R","B",null,"M","M","M","M","?","E","R","E","T","E","R","E","R","$","R","B",null,"M","?","M","M","M","E","M","$","T","E","M","E","R","?","R","B"],"character_chosen":"IRONCLAD","items_purchased":["Kunai","Bag of Preparation","Deep Breath+1"],"campfire_rested":0,"item_purchase_floors":[14,31,31],"current_hp_per_floor":[80,80,80,69,75,63,60,60,60,62,68,74,76,76,76,70,80,80,79,80,79,79,80,80,75,75,74,74,76,76,76,76,72,80,79,79,80,80,80,75,80,80,80,87,92,92,92,92,92,70],"gold":0,"neow_bonus":"","is_prod":false,"is_daily":false,"chose_seed":false,"campfire_upgraded":3,"win_rate":0,"timestamp":1531863924,"path_taken":["M","M","M","?","M","E","M","R","T","E","M","M","M","$","R","BOSS","M","M","M","M","?","E","R","E","T","E","R","E","R","$","R","BOSS","M","?","M","M","M","E","M","$","T","E","M","E","R","?","R","BOSS"],"build_version":"2018-07-12","purchased_purges":2,"victory":true,"max_hp_per_floor":[80,80,80,80,80,80,80,80,80,80,80,80,80,80,80,80,80,80,80,80,80,80,80,80,80,80,80,80,80,80,80,80,80,80,80,80,80,80,80,80,80,80,80,87,92,92,92,92,92,92],"card_choices":[{"not_picked":["Shockwave","Rage"],"picked":"Dropkick","floor":0},{"not_picked":["Dropkick","Heavy Blade"],"picked":"Thunderclap","floor":0},{"not_picked":["Combust","Burning Pact"],"picked":"Shrug It Off","floor":0},{"not_picked":["True Grit","Thunderclap"],"picked":"Dropkick","floor":0},{"not_picked":["Rupture","Twin Strike"],"picked":"Iron Wave","floor":0},{"not_picked":["Wild Strike","Sword Boomerang"],"picked":"Burning Pact","floor":0},{"not_picked":["Warcry","Thunderclap"],"picked":"Cleave","floor":0},{"not_picked":["Cleave","Feel No Pain"],"picked":"Spot Weakness","floor":0},{"not_picked":["Seeing Red","Havoc"],"picked":"Heavy Blade","floor":0},{"not_picked":["Cleave","Evolve"],"picked":"Thunderclap","floor":0},{"not_picked":["Blood for Blood","Combust"],"picked":"Bloodletting","floor":0},{"not_picked":["Feel No Pain","Perfected Strike"],"picked":"Sword Boomerang","floor":0},{"not_picked":["Heavy Blade","Second Wind"],"picked":"Rampage","floor":0},{"not_picked":["Clothesline","Burning Pact"],"picked":"Metallicize","floor":0},{"not_picked":["Body Slam","Iron Wave"],"picked":"Pommel Strike","floor":0},{"not_picked":["Barricade","Immolate"],"picked":"Offering","floor":6},{"not_picked":["Fiend Fire+1","Dark Embrace"],"picked":"Bludgeon+1","floor":10},{"not_picked":["Barricade","Exhume+1"],"picked":"Offering+1","floor":23},{"not_picked":["Fiend Fire+1","Brutality","Impervious+1"],"picked":"SKIP","floor":25},{"not_picked":["Reaper+1","Demon Form"],"picked":"Double Tap+1","floor":27},{"not_picked":["Dark Embrace","Berserk","Juggernaut"],"picked":"SKIP","floor":29},{"not_picked":["Impervious+1"],"picked":"SKIP","floor":40},{"not_picked":["Impervious+1"],"picked":"SKIP","floor":40},{"not_picked":["Reaper+1"],"picked":"SKIP","floor":44},{"not_picked":["Impervious+1"],"picked":"SKIP","floor":46}],"player_experience":86073,"relics_obtained":[{"floor":1,"key":"Matryoshka"},{"floor":2,"key":"Happy Flower"},{"floor":3,"key":"Meat on the Bone"},{"floor":5,"key":"Mummified Hand"},{"floor":6,"key":"Molten Egg 2"},{"floor":7,"key":"Anchor"},{"floor":9,"key":"Bag of Marbles"},{"floor":9,"key":"Toxic Egg 2"},{"floor":10,"key":"Champion Belt"},{"floor":11,"key":"Smiling Mask"},{"floor":12,"key":"Self Forming Clay"},{"floor":13,"key":"Juzu Bracelet"},{"floor":16,"key":"Gambling Chip"},{"floor":18,"key":"Vajra"},{"floor":19,"key":"War Paint"},{"floor":20,"key":"Gremlin Horn"},{"floor":21,"key":"Pantograph"},{"floor":23,"key":"Peace Pipe"},{"floor":25,"key":"Unceasing Top"},{"floor":26,"key":"Bronze Scales"},{"floor":26,"key":"Whetstone"},{"floor":27,"key":"Boot"},{"floor":29,"key":"Turnip"},{"floor":33,"key":"Art of War"},{"floor":35,"key":"Oddly Smooth Stone"},{"floor":37,"key":"Dodecahedron"},{"floor":38,"key":"Bottled Flame"},{"floor":39,"key":"Shuriken"},{"floor":40,"key":"Prayer Wheel"},{"floor":41,"key":"Red Skull"},{"floor":43,"key":"Ice Cream"},{"floor":44,"key":"Strawberry"},{"floor":45,"key":"Ancient Tea Set"},{"floor":46,"key":"Omamori"}],"event_choices":[{"event_name":"World of Goop","player_choice":"Gather Gold","floor":4,"damage_taken":0},{"event_name":"Ghosts","player_choice":"Ignored","floor":22,"damage_taken":0},{"event_name":"Upgrade Shrine","player_choice":"Upgraded","floor":36,"damage_taken":0},{"event_name":"Tomb of Lord Red Mask","player_choice":"Paid","floor":48,"damage_taken":0}],"boss_relics":[{"not_picked":["Sozu","Eternal Feather"],"picked":"Coffee Dripper"},{"not_picked":["Calling Bell","Runic Pyramid"],"picked":"Busted Crown"}],"items_purged_floors":[31,42],"is_endless":false,"potions_floor_spawned":[1,5,6,11,16,19,21,25,33,39,40,41,44,46],"ascension_level":1}