{"gold_per_floor":[116,131,205,223,243,243,277,277,357,385,71,71,71,88,88,162,162,180,194,194,208,308,308,43,43,73,73,48,73,88,88,88,88],"floor_reached":33,"playtime":1187,"items_purged":["Strike_G"],"score":546,"play_id":"c195f7c8-44ef-4961-9a6f-13859785c834","local_time":"20190308000015","is_ascension_mode":true,"campfire_choices":[{"data":"Cloak And Dagger","floor":6.0,"key":"SMITH"},{"data":"Noxious Fumes","floor":8.0,"key":"SMITH"},{"data":"Choke","floor":13.0,"key":"SMITH"},{"data":"Survivor","floor":15.0,"key":"SMITH"},{"data":"Cloak And Dagger","floor":23.0,"key":"SMITH"},{"floor":25.0,"key":"REST"},{"data":"Burst","floor":27.0,"key":"SMITH"},{"data":"Blade Dance","floor":32.0,"key":"SMITH"}],"neow_cost":"NONE","seed_source_timestamp":809133405419975,"circlet_count":0,"master_deck":["AscendersBane","Defend_G+1","Defend_G","Defend_G","Defend_G","Defend_G","Strike_G","Strike_G","Strike_G","Strike_G","Survivor+1","Neutralize+1","Cloak And Dagger+1","Noxious Fumes+1","Endless Agony","Choke+1","Footwork+1","Endless Agony","Burst+1","Slice","Cloak And Dagger+1","Infinite Blades+1","Cloak And Dagger","Blade Dance+1","Escape Plan+1"],"special_seed":0,"relics":["WristBlade","Ornamental Fan","Frozen Egg 2","Pear","Bottled Flame","Ancient Tea Set","Sozu","MutagenicStrength","Pocketwatch","Shuriken","Lantern","Tiny Chest","Strawberry","Question Card"],"potions_floor_usage":[],"damage_taken":[{"damage":4.0,"enemies":"Cultist","floor":1.0,"turns":4.0},{"damage":1.0,"enemies":"Jaw Worm","floor":2.0,"turns":6.0},{"damage":0.0,"enemies":"2 Louse","floor":4.0,"turns":5.0},{"damage":3.0,"enemies":"Blue Slaver","floor":5.0,"turns":6.0},{"damage":11.0,"enemies":"3 Sentries","floor":7.0,"turns":8.0},{"damage":8.0,"enemies":"Lagavulin","floor":10.0,"turns":6.0},{"damage":0.0,"enemies":"Exordium Wildlife","floor":14.0,"turns":3.0},{"damage":3.0,"enemies":"Slime Boss","floor":16.0,"turns":9.0},{"damage":2.0,"enemies":"3 Byrds","floor":18.0,"turns":5.0},{"damage":3.0,"enemies":"Shell Parasite","floor":19.0,"turns":4.0},{"damage":34.0,"enemies":"Snecko","floor":21.0,"turns":8.0},{"damage":4.0,"enemies":"Colosseum Slavers","floor":22.0,"turns":3.0},{"damage":2.0,"enemies":"Colosseum Nobs","floor":22.0,"turns":5.0},{"damage":23.0,"enemies":"Slavers","floor":29.0,"turns":4.0},{"damage":0.0,"enemies":"Centurion and Healer","floor":30.0,"turns":4.0},{"damage":27,"enemies":"Collector","floor":33,"turns":5}],"seed_played":"-8352417175825219796","potions_obtained":[{"floor":5.0,"key":"SkillPotion"},{"floor":10.0,"key":"EssenceOfSteel"}],"is_trial":false,"path_per_floor":["M","M","T","M","M","R","E","R","T","E","$","?","R","M","R","B",null,"M","M","?","M","?","R","$","R","T","R","$","E","M","T","R","B"],"character_chosen":"THE_SILENT","items_purchased":["Ancient Tea Set","Footwork+1","Lantern","Infinite Blades+1","Cloak And Dagger","Blade Dance"],"campfire_rested":1,"item_purchase_floors":[11,11,24,24,24,28],"current_hp_per_floor":[55,54,54,54,51,51,40,40,50,42,42,19,19,19,19,16,61,59,56,56,22,16,16,16,38,38,38,38,22,22,22,22,0],"gold":88,"neow_bonus":"BOSS_RELIC","is_prod":false,"is_daily":false,"chose_seed":false,"campfire_upgraded":7,"win_rate":0,"timestamp":1551999615,"path_taken":["M","?","?","M","?","R","E","R","T","E","?","?","R","M","R","BOSS","M","M","?","M","?","R","$","R","T","R","$","E","?","?","R","BOSS"],"build_version":"2019-01-23","purchased_purges":1,"victory":false,"max_hp_per_floor":[66,66,66,66,66,66,66,66,76,76,76,76,76,76,76,76,76,76,76,76,76,76,76,76,76,76,76,76,83,83,83,83,83],"card_choices":[{"not_picked":["Prepared","Setup"],"picked":"Cloak And Dagger","floor":1.0},{"not_picked":["Poisoned Stab","Bane"],"picked":"Noxious Fumes","floor":2.0},{"not_picked":["Dodge and Roll","Poisoned Stab","Outmaneuver"],"picked":"SKIP","floor":4.0},{"not_picked":["PiercingWail","Underhanded Strike"],"picked":"Endless Agony","floor":5.0},{"not_picked":["Catalyst","Expertise"],"picked":"Choke","floor":7.0},{"not_picked":["Concentrate","PiercingWail","Dodge and Roll"],"picked":"SKIP","floor":10.0},{"not_picked":["Prepared","Choke"],"picked":"Endless Agony","floor":14.0},{"not_picked":["Night Terror","Tools of the Trade+1"],"picked":"Burst","floor":16.0},{"not_picked":["Riddle With Holes","Flying Knee"],"picked":"Slice","floor":18.0},{"not_picked":["Bane","PiercingWail","Die Die Die"],"picked":"SKIP","floor":19.0},{"not_picked":["Dagger Throw","Dagger Spray","Acrobatics"],"picked":"SKIP","floor":21.0},{"not_picked":["Predator","Bane+1"],"picked":"Cloak And Dagger","floor":22.0},{"not_picked":["Bouncing Flask","Underhanded Strike","Footwork+1"],"picked":"SKIP","floor":29.0},{"not_picked":["Prepared","Heel Hook"],"picked":"Escape Plan+1","floor":30.0}],"player_experience":1171941,"relics_obtained":[{"floor":3.0,"key":"Ornamental Fan"},{"floor":7.0,"key":"Frozen Egg 2"},{"floor":9.0,"key":"Pear"},{"floor":10.0,"key":"Bottled Flame"},{"floor":22.0,"key":"Pocketwatch"},{"floor":22.0,"key":"Shuriken"},{"floor":26.0,"key":"Tiny Chest"},{"floor":29.0,"key":"Strawberry"},{"floor":31.0,"key":"Question Card"}],"event_choices":[{"damage_healed":0.0,"max_hp_gain":0.0,"max_hp_loss":0.0,"gold_gain":0.0,"event_name":"Shining Light","player_choice":"Entered Light","floor":12.0,"gold_loss":0.0,"damage_taken":23.0,"cards_upgraded":["Defend_G","Neutralize"]},{"damage_healed":0.0,"max_hp_gain":0.0,"max_hp_loss":0.0,"gold_gain":0.0,"event_name":"Drug Dealer","player_choice":"Inject Mutagens","floor":20.0,"gold_loss":0.0,"damage_taken":0.0,"relics_obtained":["MutagenicStrength"]},{"damage_healed":0.0,"max_hp_gain":0.0,"max_hp_loss":0.0,"gold_gain":0.0,"event_name":"Colosseum","player_choice":"Fight","floor":22.0,"gold_loss":0.0,"damage_taken":0.0},{"damage_healed":0.0,"max_hp_gain":0.0,"max_hp_loss":0.0,"gold_gain":0.0,"event_name":"Colosseum","player_choice":"Fought Nobs","floor":22.0,"gold_loss":0.0,"damage_taken":0.0}],"is_beta":false,"boss_relics":[{"not_picked":["Black Star","Eternal Feather"],"picked":"Sozu"}],"items_purged_floors":[11],"is_endless":false,"potions_floor_spawned":[5,10,18],"killed_by":"Collector","ascension_level":20}