{"gold_per_floor":[118,137,155,155,57,91,111,142,166,166,178,211,286,299,299,403,403,416,416,27,51,61,61,87,87,159,184,284,34,47,59,59,156,156,173,183,58,75,75,75,109,109,109,138,148,178,193,221,221,221],"floor_reached":51,"playtime":5225,"items_purged":["Strike_G","Strike_G","Strike_G"],"score":1181,"play_id":"0706ac2e-8de8-4a88-b9b3-d8cc92f44481","local_time":"20190124002042","is_ascension_mode":true,"campfire_choices":[{"floor":10.0,"key":"REST"},{"floor":15.0,"key":"REST"},{"data":"Flying Knee","floor":23.0,"key":"SMITH"},{"data":"Blade Dance","floor":25.0,"key":"SMITH"},{"floor":32.0,"key":"REST"},{"floor":40,"key":"REST"},{"floor":42,"key":"REST"},{"floor":49,"key":"REST"}],"neow_cost":"NONE","seed_source_timestamp":114430792225986,"circlet_count":0,"master_deck":["Defend_G","Defend_G","Defend_G","Defend_G","Strike_G","Strike_G","Survivor","Neutralize+1","Bane","Dagger Spray+1","Sucker Punch+1","Flying Knee+1","Backflip","Die Die Die","Blade Dance+1","Corpse Explosion+1","Blade Dance+1","Accuracy","Cloak And Dagger+1","Riddle With Holes","Phantasmal Killer+1","Accuracy+1","Accuracy","Blade Dance+1"],"special_seed":0,"relics":["Ring of the Snake","Ninja Scroll","Bronze Scales","Bag of Preparation","Ancient Tea Set","Philosopher\u0027s Stone","Shuriken","Dream Catcher","Strawberry","Toxic Egg 2","Pen Nib","Paper Crane","Pocketwatch","Bag of Marbles","Fusion Hammer","Mummified Hand","Gambling Chip","Turnip","Dodecahedron","Omamori"],"potions_floor_usage":[50,50],"damage_taken":[{"damage":0.0,"enemies":"Cultist","floor":1.0,"turns":4.0},{"damage":1.0,"enemies":"Jaw Worm","floor":2.0,"turns":3.0},{"damage":1.0,"enemies":"Small Slimes","floor":3.0,"turns":2.0},{"damage":27.0,"enemies":"Lagavulin","floor":6.0,"turns":5.0},{"damage":0.0,"enemies":"3 Louse","floor":7.0,"turns":1.0},{"damage":12.0,"enemies":"3 Sentries","floor":8.0,"turns":6.0},{"damage":3.0,"enemies":"Exordium Thugs","floor":11.0,"turns":3.0},{"damage":12.0,"enemies":"Gremlin Nob","floor":12.0,"turns":4.0},{"damage":0.0,"enemies":"Blue Slaver","floor":14.0,"turns":2.0},{"damage":34.0,"enemies":"Hexaghost","floor":16.0,"turns":9.0},{"damage":2.0,"enemies":"Chosen","floor":18.0,"turns":4.0},{"damage":0.0,"enemies":"3 Byrds","floor":22.0,"turns":3.0},{"damage":6.0,"enemies":"Slavers","floor":24.0,"turns":2.0},{"damage":20.0,"enemies":"Gremlin Leader","floor":27.0,"turns":4.0},{"damage":1.0,"enemies":"Colosseum Slavers","floor":28.0,"turns":2.0},{"damage":8.0,"enemies":"Colosseum Nobs","floor":28.0,"turns":2.0},{"damage":2.0,"enemies":"Sentry and Sphere","floor":30.0,"turns":3.0},{"damage":0.0,"enemies":"Snecko","floor":31.0,"turns":2.0},{"damage":28,"enemies":"Champ","floor":33,"turns":5},{"damage":0,"enemies":"Orb Walker","floor":35,"turns":1},{"damage":0,"enemies":"3 Shapes","floor":36,"turns":2},{"damage":0,"enemies":"Sphere and 2 Shapes","floor":38,"turns":2},{"damage":0,"enemies":"Reptomancer","floor":41,"turns":2},{"damage":0,"enemies":"Giant Head","floor":44,"turns":2},{"damage":3,"enemies":"Spire Growth","floor":45,"turns":2},{"damage":0,"enemies":"Reptomancer","floor":46,"turns":2},{"damage":0,"enemies":"Jaw Worm Horde","floor":47,"turns":1},{"damage":0,"enemies":"Nemesis","floor":48,"turns":1},{"damage":8,"enemies":"Donu and Deca","floor":50,"turns":2}],"seed_played":"29685915580833250","potions_obtained":[{"floor":1.0,"key":"SteroidPotion"},{"floor":7.0,"key":"Explosive Potion"},{"floor":8.0,"key":"Dexterity Potion"},{"floor":12.0,"key":"SteroidPotion"},{"floor":18.0,"key":"SkillPotion"},{"floor":24.0,"key":"LiquidBronze"},{"floor":36,"key":"Dexterity Potion"},{"floor":38,"key":"Ancient Potion"},{"floor":41,"key":"Block Potion"},{"floor":44,"key":"Swift Potion"},{"floor":48,"key":"SkillPotion"}],"is_trial":false,"path_per_floor":["M","M","M","?","$","E","M","E","T","R","M","E","?","M","R","B",null,"M","?","$","T","M","R","E","R","T","E","?","$","M","M","R","B",null,"M","M","$","M","?","R","E","R","T","E","M","E","M","E","R","B",null],"character_chosen":"THE_SILENT","items_purchased":["Flying Knee","Shuriken","FearPotion","Bag of Marbles","Accuracy","Cloak And Dagger+1"],"campfire_rested":6,"item_purchase_floors":[5,20,20,29,29,29],"current_hp_per_floor":[70,69,68,68,68,41,41,29,29,50,47,35,28,28,49,15,56,54,54,54,54,54,54,55,55,55,35,26,26,24,24,47,19,63,63,63,63,63,63,77,77,77,77,77,74,74,74,74,77,69],"gold":221,"neow_bonus":"UPGRADE_CARD","is_prod":false,"is_daily":false,"chose_seed":false,"campfire_upgraded":2,"win_rate":0,"timestamp":1548307242,"path_taken":["M","M","M","?","$","E","M","E","T","R","M","E","?","?","R","BOSS","M","?","$","?","M","R","E","R","T","E","?","$","M","M","R","BOSS","M","M","$","M","?","R","E","R","T","E","M","E","?","E","R","BOSS"],"build_version":"2019-01-23","purchased_purges":3,"victory":true,"max_hp_per_floor":[70,70,70,70,70,70,70,70,70,70,70,70,70,70,70,70,70,70,70,70,70,70,70,77,77,77,77,77,77,77,77,77,77,77,77,77,77,77,77,77,77,77,77,77,77,77,77,77,77,77],"card_choices":[{"not_picked":["Endless Agony","Quick Slash"],"picked":"Bane","floor":1.0},{"not_picked":["Setup","Riddle With Holes"],"picked":"Dagger Spray","floor":2.0},{"not_picked":["Blade Dance","Catalyst"],"picked":"Sucker Punch","floor":3.0},{"not_picked":["Outmaneuver","Calculated Gamble","Bane"],"picked":"SKIP","floor":6.0},{"not_picked":["Phantasmal Killer","Bane","Flechettes"],"picked":"SKIP","floor":7.0},{"not_picked":["Catalyst","Calculated Gamble"],"picked":"Backflip","floor":8.0},{"not_picked":["Flechettes","Sucker Punch","Blade Dance"],"picked":"SKIP","floor":11.0},{"not_picked":["Calculated Gamble","PiercingWail","Catalyst"],"picked":"SKIP","floor":12.0},{"not_picked":["Riddle With Holes","Deflect","All Out Attack"],"picked":"SKIP","floor":14.0},{"not_picked":["Doppelganger","Burst"],"picked":"Die Die Die","floor":16.0},{"not_picked":["Backflip","Riddle With Holes","Concentrate"],"picked":"SKIP","floor":18.0},{"not_picked":["Underhanded Strike","Flying Knee+1","Eviscerate"],"picked":"SKIP","floor":22.0},{"not_picked":["Cloak And Dagger","Finisher+1"],"picked":"Blade Dance","floor":24.0},{"not_picked":["Dodge and Roll+1","Reflex+1"],"picked":"Corpse Explosion+1","floor":27.0},{"not_picked":["Outmaneuver+1","Concentrate+1"],"picked":"Blade Dance+1","floor":28.0},{"not_picked":["Blur+1","Dagger Throw+1"],"picked":"Riddle With Holes","floor":30.0},{"not_picked":["Skewer","Escape Plan+1","Bane"],"picked":"SKIP","floor":31.0},{"not_picked":["A Thousand Cuts","Bullet Time+1"],"picked":"Phantasmal Killer+1","floor":33},{"not_picked":["Dagger Throw+1","Skewer+1","Eviscerate"],"picked":"SKIP","floor":35},{"not_picked":["Prepared+1","Skewer"],"picked":"Accuracy+1","floor":36},{"not_picked":["Cloak And Dagger+1","Flying Knee"],"picked":"Accuracy","floor":38},{"not_picked":["Malaise+1","Predator","Corpse Explosion+1"],"picked":"SKIP","floor":41},{"not_picked":["Reflex+1","PiercingWail+1","Sucker Punch+1"],"picked":"SKIP","floor":44},{"not_picked":["Acrobatics+1","Backflip+1","Dodge and Roll+1"],"picked":"SKIP","floor":45},{"not_picked":["Prepared+1","Masterful Stab","PiercingWail+1"],"picked":"SKIP","floor":46},{"not_picked":["Prepared+1","Poisoned Stab","All Out Attack"],"picked":"SKIP","floor":47},{"not_picked":["Choke","Blur+1","Leg Sweep+1"],"picked":"SKIP","floor":48},{"not_picked":["Terror+1","Dagger Throw+1"],"picked":"Blade Dance+1","floor":49}],"player_experience":281852,"relics_obtained":[{"floor":6.0,"key":"Ninja Scroll"},{"floor":8.0,"key":"Bronze Scales"},{"floor":9.0,"key":"Bag of Preparation"},{"floor":12.0,"key":"Ancient Tea Set"},{"floor":21.0,"key":"Dream Catcher"},{"floor":24.0,"key":"Strawberry"},{"floor":26.0,"key":"Toxic Egg 2"},{"floor":27.0,"key":"Pen Nib"},{"floor":28.0,"key":"Paper Crane"},{"floor":28.0,"key":"Pocketwatch"},{"floor":41,"key":"Mummified Hand"},{"floor":43,"key":"Gambling Chip"},{"floor":44,"key":"Turnip"},{"floor":46,"key":"Dodecahedron"},{"floor":48,"key":"Omamori"}],"event_choices":[{"damage_healed":0.0,"max_hp_gain":0.0,"max_hp_loss":0.0,"gold_gain":0.0,"event_name":"Living Wall","player_choice":"Grow","floor":4.0,"gold_loss":0.0,"damage_taken":0.0,"cards_upgraded":["Dagger Spray"]},{"damage_healed":0.0,"max_hp_gain":0.0,"max_hp_loss":0.0,"gold_gain":75.0,"event_name":"FaceTrader","player_choice":"Touch","floor":13.0,"gold_loss":0.0,"damage_taken":7.0},{"damage_healed":0.0,"max_hp_gain":0.0,"max_hp_loss":0.0,"gold_gain":0.0,"event_name":"Accursed Blacksmith","player_choice":"Forge","floor":19.0,"gold_loss":0.0,"damage_taken":0.0,"cards_upgraded":["Sucker Punch"]},{"damage_healed":0.0,"max_hp_gain":0.0,"max_hp_loss":0.0,"gold_gain":0.0,"event_name":"Colosseum","player_choice":"Fight","floor":28.0,"gold_loss":0.0,"damage_taken":0.0},{"damage_healed":0.0,"max_hp_gain":0.0,"max_hp_loss":0.0,"gold_gain":0.0,"event_name":"Colosseum","player_choice":"Fought Nobs","floor":28.0,"gold_loss":0.0,"damage_taken":0.0},{"cards_removed":["Defend_G"],"damage_healed":0,"gold_gain":0,"player_choice":"Card Removal","damage_taken":0,"max_hp_gain":0,"max_hp_loss":0,"event_name":"Wheel of Change","floor":39,"gold_loss":0}],"is_beta":false,"boss_relics":[{"not_picked":["Cursed Key","Tiny House"],"picked":"Philosopher\u0027s Stone"},{"not_picked":["HoveringKite","Calling Bell"],"picked":"Fusion Hammer"}],"items_purged_floors":[5,20,37],"is_endless":false,"potions_floor_spawned":[1,7,8,12,18,24,28,36,38,41,44,47,48],"ascension_level":5}