{"gold_per_floor":[109,120,120,120,131,131,147,147,147,162,194,194,213,246,246,246],"floor_reached":16,"playtime":723,"items_purged":[],"score":207,"play_id":"1f76b2a4-d28f-46fe-b658-0ff2543a6d59","local_time":"20180917114251","is_ascension_mode":true,"campfire_choices":[{"data":"Multi-Cast","floor":6,"key":"SMITH"},{"data":"Chill","floor":8,"key":"SMITH"},{"floor":12,"key":"REST"},{"data":"Scrape","floor":15,"key":"SMITH"}],"neow_cost":"PERCENT_DAMAGE","seed_source_timestamp":8297876535587,"circlet_count":0,"master_deck":["Strike_B","Strike_B","Strike_B","Defend_B","Defend_B","Defend_B","Defend_B","Zap+1","Dualcast","AscendersBane","Core Surge","Chill+1","Multi-Cast+1","Coolheaded","Scrape+1","Ball Lightning"],"relics":["Cracked Core","Singing Bowl","Gremlin Horn","Boot"],"potions_floor_usage":[11,11,16],"damage_taken":[{"damage":0,"enemies":"Cultist","floor":1,"turns":2},{"damage":10,"enemies":"Jaw Worm","floor":2,"turns":2},{"damage":2,"enemies":"Small Slimes","floor":5,"turns":4},{"damage":11,"enemies":"Exordium Wildlife","floor":7,"turns":5},{"damage":0,"enemies":"Lots of Slimes","floor":10,"turns":6},{"damage":20,"enemies":"Gremlin Nob","floor":11,"turns":4},{"damage":4,"enemies":"Looter","floor":13,"turns":3},{"damage":9,"enemies":"3 Sentries","floor":14,"turns":7},{"damage":16,"enemies":"The Guardian","floor":16,"turns":8}],"seed_played":"5705272706720506621","potions_obtained":[{"floor":1,"key":"FocusPotion"},{"floor":10,"key":"Poison Potion"},{"floor":14,"key":"Strength Potion"}],"is_trial":false,"path_per_floor":["M","M","?","?","M","R","M","R","T","M","E","R","M","E","R"],"character_chosen":"DEFECT","items_purchased":[],"campfire_rested":1,"item_purchase_floors":[],"current_hp_per_floor":[46,36,36,36,34,34,23,23,23,25,5,26,22,15,15,0],"gold":246,"neow_bonus":"THREE_RARE_CARDS","is_prod":false,"is_daily":false,"chose_seed":false,"campfire_upgraded":3,"win_rate":0,"timestamp":1537177371,"path_taken":["M","M","?","?","?","R","?","R","T","M","E","R","M","E","R","BOSS"],"build_version":"2018-09-06","purchased_purges":0,"victory":false,"max_hp_per_floor":[71,71,71,71,71,71,71,71,71,73,73,73,73,75,75,75],"card_choices":[{"not_picked":["Amplify","Biased Cognition"],"picked":"Core Surge","floor":0},{"not_picked":["Darkness","Coolheaded"],"picked":"Chill","floor":1},{"not_picked":["Hologram","Coolheaded"],"picked":"Multi-Cast","floor":2},{"not_picked":["Go for the Eyes","Static Discharge"],"picked":"Coolheaded","floor":5},{"not_picked":["Coolheaded","Redo","Double Energy"],"picked":"SKIP","floor":7},{"not_picked":["Rebound","Darkness","Coolheaded"],"picked":"Singing Bowl","floor":10},{"not_picked":["Gash","Barrage"],"picked":"Scrape","floor":11},{"not_picked":["Scrape","Sweeping Beam"],"picked":"Ball Lightning","floor":13},{"not_picked":["Capacitor","Double Energy","Static Discharge"],"picked":"Singing Bowl","floor":14}],"player_experience":743409,"relics_obtained":[{"floor":9,"key":"Singing Bowl"},{"floor":11,"key":"Gremlin Horn"},{"floor":14,"key":"Boot"}],"event_choices":[{"event_name":"Living Wall","player_choice":"Grow","floor":3,"damage_taken":0},{"event_name":"Purifier","player_choice":"One Purge","floor":4,"damage_taken":0}],"is_beta":false,"boss_relics":[],"items_purged_floors":[],"is_endless":false,"potions_floor_spawned":[1,10,14],"killed_by":"The Guardian","ascension_level":17}