{"gold_per_floor":[111,123,123,123,136,162,162,189,189,47,116,116,40,50,50,149,149,164,164,174,192,39,39,39,69,69,98,110,122,144,156,168,284,296,318,330,359,371,47,73,73,99,99,109,121,121,121,139,139,139],"floor_reached":51,"playtime":5802,"items_purged":[],"score":901,"play_id":"b2cea601-f9e6-4604-a369-d10780ad8450","local_time":"20190117195453","is_ascension_mode":true,"campfire_choices":[{"floor":7.0,"key":"REST"},{"floor":12.0,"key":"REST"},{"floor":15.0,"key":"REST"},{"floor":23.0,"key":"REST"},{"floor":29.0,"key":"REST"},{"floor":32.0,"key":"REST"},{"floor":41.0,"key":"REST"},{"floor":49.0,"key":"REST"}],"neow_cost":"NONE","seed_source_timestamp":72487054950919,"circlet_count":0,"master_deck":["Defend_G","Defend_G","Defend_G","Defend_G","Defend_G","Strike_G","Strike_G","Strike_G","Strike_G","Survivor","Neutralize","Catalyst+1","Prepared","Bane","Bane","Prepared","Glass Knife+1","All Out Attack+1","Noxious Fumes","Well Laid Plans","Dash+1","Envenom","Sucker Punch+1","Dagger Spray+1","Underhanded Strike+1","Backflip","Dagger Spray+1","Underhanded Strike+1","Noxious Fumes","Bouncing Flask","Bane+1","Necronomicurse","Eviscerate+1","Corpse Explosion","Bane+1","Riddle With Holes+1","Dash+1","Underhanded Strike+1","Catalyst+1","Noxious Fumes+1","Parasite","Noxious Fumes+1"],"special_seed":0,"relics":["Fusion Hammer","Dream Catcher","WingedGreaves","Dodecahedron","Molten Egg 2","Orrery","The Courier","Red Mask","MawBank","Necronomicon","Velvet Choker","Potion Belt","FossilizedHelix","Singing Bowl","Letter Opener"],"potions_floor_usage":[50,50],"damage_taken":[{"damage":1.0,"enemies":"Cultist","floor":1.0,"turns":5.0},{"damage":0.0,"enemies":"Small Slimes","floor":2.0,"turns":5.0},{"damage":6.0,"enemies":"Jaw Worm","floor":5.0,"turns":4.0},{"damage":17.0,"enemies":"Gremlin Nob","floor":6.0,"turns":4.0},{"damage":49.0,"enemies":"Lagavulin","floor":8.0,"turns":10.0},{"damage":0.0,"enemies":"3 Louse","floor":14.0,"turns":2.0},{"damage":21.0,"enemies":"Slime Boss","floor":16.0,"turns":10.0},{"damage":22.0,"enemies":"2 Thieves","floor":18.0,"turns":4.0},{"damage":22.0,"enemies":"Spheric Guardian","floor":20.0,"turns":4.0},{"damage":2.0,"enemies":"Centurion and Healer","floor":21.0,"turns":5.0},{"damage":12.0,"enemies":"Masked Bandits","floor":25.0,"turns":2.0},{"damage":22.0,"enemies":"Cultist and Chosen","floor":27.0,"turns":5.0},{"damage":13.0,"enemies":"Chosen and Byrds","floor":30.0,"turns":5.0},{"damage":28.0,"enemies":"Champ","floor":33.0,"turns":9.0},{"damage":21.0,"enemies":"3 Darklings","floor":35.0,"turns":4.0},{"damage":9.0,"enemies":"Orb Walker","floor":37.0,"turns":3.0},{"damage":24.0,"enemies":"Reptomancer","floor":40.0,"turns":3.0},{"damage":34.0,"enemies":"Giant Head","floor":42.0,"turns":6.0},{"damage":0.0,"enemies":"4 Shapes","floor":44.0,"turns":2.0},{"damage":0.0,"enemies":"Writhing Mass","floor":45.0,"turns":4.0},{"damage":0.0,"enemies":"Sphere and 2 Shapes","floor":48.0,"turns":3.0},{"damage":61,"enemies":"Time Eater","floor":50,"turns":5}],"seed_played":"5052869592570148679","potions_obtained":[{"floor":1.0,"key":"SkillPotion"},{"floor":5.0,"key":"Swift Potion"},{"floor":14.0,"key":"SkillPotion"},{"floor":20.0,"key":"Swift Potion"},{"floor":33.0,"key":"Weak Potion"},{"floor":44.0,"key":"AttackPotion"},{"floor":45.0,"key":"Swift Potion"},{"floor":48.0,"key":"Swift Potion"}],"is_trial":false,"path_per_floor":["M","M","?","?","M","E","R","E","T","$","?","R","$","M","R","B",null,"M","?","M","M","$","R","T","?","T","M","$","R","M","?","R","B",null,"M","$","M","?","$","E","R","E","T","M","M","?","?","M","R","B",null],"character_chosen":"THE_SILENT","items_purchased":["Glass Knife+1","Noxious Fumes","Bouncing Flask","GhostInAJar","Dash+1","Underhanded Strike+1","Potion Belt","FearPotion","AttackPotion","Poison Potion","Weak Potion"],"campfire_rested":8,"item_purchase_floors":[10,13,22,22,39,39,39,39,39,39,39],"current_hp_per_floor":[69,69,74,67,61,44,66,17,17,17,17,39,39,39,61,40,75,53,53,31,29,29,51,51,39,39,17,17,39,26,10,32,4,75,54,54,45,45,45,21,43,9,9,11,13,69,69,69,71,10],"gold":139,"neow_bonus":"BOSS_RELIC","is_prod":false,"is_daily":false,"chose_seed":false,"campfire_upgraded":0,"win_rate":0,"timestamp":1547772893,"path_taken":["M","M","?","?","M","E","R","E","T","$","?","R","$","M","R","BOSS","M","?","M","?","?","R","?","?","T","M","$","R","M","?","R","BOSS","M","$","M","?","$","E","R","E","T","M","?","?","?","M","R","BOSS"],"build_version":"2019-01-10","purchased_purges":0,"victory":true,"max_hp_per_floor":[70,70,75,75,75,75,75,75,75,75,75,75,75,75,75,75,75,75,75,75,75,75,75,75,75,75,75,75,75,75,75,75,75,75,75,75,75,75,75,75,75,75,75,77,79,69,69,69,71,71],"card_choices":[{"not_picked":["Calculated Gamble","Caltrops"],"picked":"Catalyst","floor":1.0},{"not_picked":["Dagger Spray","Distraction"],"picked":"Prepared","floor":2.0},{"not_picked":["Calculated Gamble","Dash"],"picked":"Bane","floor":5.0},{"not_picked":["Concentrate","Blur"],"picked":"Bane","floor":6.0},{"not_picked":["Cloak And Dagger","Blade Dance"],"picked":"Prepared","floor":7.0},{"not_picked":["Finisher","Backflip","Prepared"],"picked":"SKIP","floor":8.0},{"not_picked":["Backstab+1","Quick Slash+1"],"picked":"All Out Attack+1","floor":12.0},{"not_picked":["Reflex","Noxious Fumes"],"picked":"Well Laid Plans","floor":14.0},{"not_picked":["Doppelganger","Flechettes+1"],"picked":"Dash+1","floor":15.0},{"not_picked":["Venomology","Bullet Time"],"picked":"Envenom","floor":16.0},{"not_picked":["Leg Sweep","PiercingWail"],"picked":"Sucker Punch+1","floor":17.0},{"not_picked":["Outmaneuver","Riddle With Holes+1"],"picked":"Dagger Spray+1","floor":17.0},{"not_picked":["Cloak And Dagger","PiercingWail"],"picked":"Prepared","floor":17.0},{"not_picked":["Acrobatics","Deflect"],"picked":"Underhanded Strike+1","floor":17.0},{"not_picked":["PiercingWail","Sucker Punch+1"],"picked":"Backflip","floor":17.0},{"not_picked":["Flechettes+1","Dodge and Roll"],"picked":"Dagger Spray+1","floor":18.0},{"not_picked":["Quick Slash+1","Dodge and Roll+1"],"picked":"Underhanded Strike+1","floor":20.0},{"not_picked":["Unload+1","Accuracy"],"picked":"Noxious Fumes","floor":21.0},{"not_picked":["Dodge and Roll","Underhanded Strike+1"],"picked":"Bane+1","floor":27.0},{"not_picked":["Dodge and Roll","Backflip","Sucker Punch+1"],"picked":"SKIP","floor":30.0},{"not_picked":["Backstab+1","Dodge and Roll+1"],"picked":"Eviscerate+1","floor":32.0},{"not_picked":["Unload+1","Malaise"],"picked":"Corpse Explosion","floor":33.0},{"not_picked":["Blade Dance","Prepared"],"picked":"Bane+1","floor":35.0},{"not_picked":["Bane+1","Backflip+1"],"picked":"Riddle With Holes+1","floor":37.0},{"not_picked":["Slice+1","Acrobatics+1","Reflex"],"picked":"SKIP","floor":40.0},{"not_picked":["Cloak And Dagger+1","Flying Knee+1"],"picked":"Catalyst+1","floor":41.0},{"not_picked":["Malaise","Dagger Throw+1"],"picked":"Noxious Fumes+1","floor":42.0},{"not_picked":["Bane+1","All Out Attack+1","Prepared"],"picked":"Singing Bowl","floor":44.0},{"not_picked":["Expertise+1","Blur+1","Poisoned Stab+1"],"picked":"Singing Bowl","floor":45.0},{"not_picked":["Flechettes+1","Sucker Punch+1"],"picked":"Noxious Fumes+1","floor":48.0},{"not_picked":["Calculated Gamble+1","Tactician+1","Masterful Stab+1"],"picked":"Singing Bowl","floor":49.0}],"player_experience":228691,"relics_obtained":[{"floor":6.0,"key":"WingedGreaves"},{"floor":8.0,"key":"Dodecahedron"},{"floor":9.0,"key":"Molten Egg 2"},{"floor":24.0,"key":"The Courier"},{"floor":25.0,"key":"Red Mask"},{"floor":26.0,"key":"MawBank"},{"floor":31.0,"key":"Necronomicon"},{"floor":40.0,"key":"FossilizedHelix"},{"floor":42.0,"key":"Singing Bowl"},{"floor":43.0,"key":"Letter Opener"}],"event_choices":[{"damage_healed":0.0,"max_hp_gain":5.0,"max_hp_loss":0.0,"gold_gain":0.0,"event_name":"Big Fish","player_choice":"Donut","floor":3.0,"gold_loss":0.0,"damage_taken":0.0},{"damage_healed":0.0,"max_hp_gain":0.0,"max_hp_loss":0.0,"gold_gain":0.0,"event_name":"Scrap Ooze","player_choice":"Success","floor":4.0,"gold_loss":0.0,"damage_taken":7.0,"relics_obtained":["Dream Catcher"]},{"damage_healed":0.0,"max_hp_gain":0.0,"max_hp_loss":0.0,"gold_gain":69.0,"event_name":"Golden Wing","player_choice":"Gained Gold","floor":11.0,"gold_loss":0.0,"damage_taken":0.0},{"cards_removed":["Strike_G"],"damage_healed":0.0,"max_hp_gain":0.0,"max_hp_loss":0.0,"gold_gain":0.0,"event_name":"Bonfire Elementals","player_choice":"Offered Basic","floor":19.0,"gold_loss":0.0,"damage_taken":0.0},{"damage_healed":0.0,"max_hp_gain":0.0,"max_hp_loss":0.0,"gold_gain":0.0,"event_name":"Masked Bandits","player_choice":"Fought Bandits","floor":25.0,"gold_loss":0.0,"damage_taken":0.0},{"damage_healed":0.0,"max_hp_gain":0.0,"max_hp_loss":0.0,"gold_gain":0.0,"event_name":"Cursed Tome","player_choice":"Obtained Book","floor":31.0,"gold_loss":0.0,"damage_taken":16.0},{"damage_healed":0.0,"max_hp_gain":0.0,"max_hp_loss":0.0,"gold_gain":0.0,"event_name":"Accursed Blacksmith","player_choice":"Forge","floor":38.0,"gold_loss":0.0,"damage_taken":0.0,"cards_upgraded":["Catalyst"]},{"damage_healed":69.0,"max_hp_gain":0.0,"max_hp_loss":10.0,"gold_gain":0.0,"event_name":"The Moai Head","player_choice":"Heal","floor":46.0,"gold_loss":0.0,"damage_taken":0.0},{"cards_removed":["Prepared"],"damage_healed":0.0,"max_hp_gain":0.0,"max_hp_loss":0.0,"gold_gain":0.0,"event_name":"Falling","player_choice":"Removed Skill","floor":47.0,"gold_loss":0.0,"damage_taken":0.0}],"is_beta":false,"boss_relics":[{"not_picked":["Eternal Feather","WristBlade"],"picked":"Orrery"},{"not_picked":["White Beast Statue","Runic Pyramid"],"picked":"Velvet Choker"}],"items_purged_floors":[],"is_endless":false,"potions_floor_spawned":[1,5,14,20,30,33,44,45,48],"ascension_level":4}