{"gold_per_floor":[109,122,138,138,138,148,148,163,163,177,192,192,206,234,234,339,339,357,457,382,832,832,865,865,875,943,962,962],"floor_reached":28,"playtime":3061,"items_purged":[],"score":267,"play_id":"207c7c28-b00b-4cf5-befe-b55b52bf715f","local_time":"20180630001335","is_ascension_mode":false,"campfire_choices":[{"data":"Neutralize","floor":7,"key":"SMITH"},{"data":"Flying Knee","floor":12,"key":"SMITH"},{"data":"Blade Dance","floor":15,"key":"SMITH"},{"floor":24,"key":"REST"}],"neow_cost":"NONE","seed_source_timestamp":1458587640011511,"circlet_count":0,"master_deck":["Defend_G+1","Defend_G+1","Strike_G","Strike_G","Strike_G","Survivor","Neutralize+1","Slice","Deflect","Endless Agony","Slice","Flying Knee+1","Flying Knee","Quick Slash","Blade Dance+1","A Thousand Cuts"],"relics":["Ring of the Snake","Oddly Smooth Stone","War Paint","Black Star","Kunai","Pear","Tough Bandages"],"potions_floor_usage":[14,14,23,23,23],"damage_taken":[{"damage":0,"enemies":"Small Slimes","floor":1,"turns":4},{"damage":0,"enemies":"Jaw Worm","floor":2,"turns":5},{"damage":0,"enemies":"2 Louse","floor":3,"turns":2},{"damage":1,"enemies":"Blue Slaver","floor":6,"turns":3},{"damage":0,"enemies":"Exordium Thugs","floor":8,"turns":6},{"damage":0,"enemies":"Lots of Slimes","floor":10,"turns":4},{"damage":0,"enemies":"Exordium Wildlife","floor":11,"turns":3},{"damage":0,"enemies":"Gremlin Gang","floor":13,"turns":4},{"damage":2,"enemies":"Lagavulin","floor":14,"turns":5},{"damage":43,"enemies":"The Guardian","floor":16,"turns":14},{"damage":13,"enemies":"2 Thieves","floor":18,"turns":5},{"damage":17,"enemies":"Book of Stabbing","floor":23,"turns":6},{"damage":2,"enemies":"3 Byrds","floor":25,"turns":4},{"damage":13,"enemies":"Sentry and Sphere","floor":27,"turns":7},{"damage":25,"enemies":"Slavers","floor":28,"turns":3}],"seed_played":"-1180606033861547119","potions_obtained":[{"floor":2,"key":"Weak Potion"},{"floor":3,"key":"Strength Potion"},{"floor":8,"key":"Explosive Potion"},{"floor":11,"key":"Fruit Juice"},{"floor":16,"key":"Swift Potion"},{"floor":18,"key":"Ancient Potion"}],"is_trial":false,"path_per_floor":["M","M","M","?","?","M","R","M","T","M","M","R","M","E","R","B",null,"M","?","?","?","?","E","R","M","T","M"],"character_chosen":"THE_SILENT","items_purchased":[],"campfire_rested":1,"item_purchase_floors":[],"current_hp_per_floor":[70,70,70,63,63,62,62,62,62,62,62,62,62,65,65,22,75,62,62,62,20,20,13,38,36,36,23,0],"gold":962,"neow_bonus":"REMOVE_CARD","is_prod":false,"is_daily":false,"chose_seed":false,"campfire_upgraded":3,"win_rate":0.0,"timestamp":1530332015,"path_taken":["M","M","M","?","?","M","R","M","T","M","?","R","?","E","R","BOSS","M","?","?","?","?","E","R","M","T","M","E"],"build_version":"2018-06-28","purchased_purges":0,"victory":false,"max_hp_per_floor":[70,70,70,70,70,70,70,70,70,70,70,70,70,75,75,75,75,75,75,75,75,75,85,85,85,85,85,85],"card_choices":[{"not_picked":["Reflex","Deflect"],"picked":"Slice","floor":1},{"not_picked":["Skewer","Dash"],"picked":"Deflect","floor":2},{"not_picked":["Deflect","Flying Knee"],"picked":"Endless Agony","floor":3},{"not_picked":["Outmaneuver","Sucker Punch"],"picked":"Slice","floor":6},{"not_picked":["Deflect","PiercingWail","Dagger Spray"],"picked":"SKIP","floor":8},{"not_picked":["Well Laid Plans","Tactician"],"picked":"Flying Knee","floor":10},{"not_picked":["Bouncing Flask","Endless Agony"],"picked":"Flying Knee","floor":11},{"not_picked":["Bane","Blade Dance"],"picked":"Quick Slash","floor":13},{"not_picked":["Flying Knee","Distraction"],"picked":"Blade Dance","floor":14},{"not_picked":["Prepared+1","Bane","Deadly Poison"],"picked":"SKIP","floor":18},{"not_picked":["Sucker Punch","Underhanded Strike","Endless Agony"],"picked":"SKIP","floor":23},{"not_picked":["Eviscerate","Deflect","Bane"],"picked":"SKIP","floor":25},{"not_picked":["Deflect+1","Acrobatics"],"picked":"A Thousand Cuts","floor":27}],"player_experience":65342,"relics_obtained":[{"floor":9,"key":"Oddly Smooth Stone"},{"floor":14,"key":"War Paint"},{"floor":23,"key":"Kunai"},{"floor":23,"key":"Pear"},{"floor":26,"key":"Tough Bandages"}],"event_choices":[{"event_name":"Golden Wing","player_choice":"Card Removal","floor":4,"damage_taken":0},{"event_name":"Wheel of Change","player_choice":"Card Removal","floor":5,"damage_taken":0},{"event_name":"Golden Shrine","player_choice":"Pray","floor":19,"damage_taken":0},{"event_name":"Beggar","player_choice":"Gave Gold","floor":20,"damage_taken":0},{"event_name":"Knowing Skull","player_choice":"GOLD GOLD GOLD GOLD GOLD ","floor":21,"damage_taken":0},{"event_name":"Purifier","player_choice":"One Purge","floor":22,"damage_taken":0}],"boss_relics":[{"not_picked":["Calling Bell","Cursed Key"],"picked":"Black Star"}],"items_purged_floors":[],"is_endless":false,"potions_floor_spawned":[2,3,8,11,13,16,18],"killed_by":"Slavers","ascension_level":0}