{"gold_per_floor":[110,121,71,71,246,260,84,101,158,158,182,212,212,247,247,352,352,370,370,370,270,270,270,280,297,297,18,18],"floor_reached":28,"playtime":976,"items_purged":["Doubt","Strike_R","Strike_R"],"score":235,"play_id":"f9c6b5e3-59c2-409b-82c4-d56fe2e4e468","local_time":"20180718154241","is_ascension_mode":true,"campfire_choices":[{"data":"Flash of Steel","floor":10,"key":"SMITH"},{"floor":13,"key":"REST"},{"data":"Bash","floor":15,"key":"SMITH"},{"data":"Defend_R","floor":23,"key":"SMITH"}],"neow_cost":"NONE","seed_source_timestamp":8898660950188,"circlet_count":0,"master_deck":["Strike_R","Strike_R","Defend_R","Defend_R","Defend_R","Defend_R+1","Bash+1","Flash of Steel+1","Offering"],"relics":["Runic Dome","Tiny Chest","Happy Flower","Bag of Marbles","Gremlin Horn","Coffee Dripper","Dodecahedron"],"potions_floor_usage":[12,16,16],"damage_taken":[{"damage":0,"enemies":"2 Louse","floor":1,"turns":2},{"damage":2,"enemies":"Small Slimes","floor":2,"turns":3},{"damage":10,"enemies":"Cultist","floor":6,"turns":4},{"damage":11,"enemies":"Large Slime","floor":8,"turns":5},{"damage":8,"enemies":"Lagavulin","floor":12,"turns":6},{"damage":12,"enemies":"3 Sentries","floor":14,"turns":8},{"damage":50,"enemies":"Hexaghost","floor":16,"turns":11},{"damage":12,"enemies":"Shell Parasite","floor":18,"turns":3},{"damage":7,"enemies":"2 Thieves","floor":24,"turns":4},{"damage":24,"enemies":"Snake Plant","floor":25,"turns":5},{"damage":21,"enemies":"Sentry and Sphere","floor":28,"turns":5}],"seed_played":"6846500578825445015","potions_obtained":[{"floor":1,"key":"SkillPotion"},{"floor":2,"key":"Dexterity Potion"},{"floor":4,"key":"Block Potion"},{"floor":12,"key":"Dexterity Potion"},{"floor":18,"key":"Swift Potion"},{"floor":25,"key":"SmokeBomb"}],"is_trial":false,"path_per_floor":["M","M","?","?","?","M","$","M","T","R","T","E","R","E","R","B",null,"M","?","?","$","?","R","M","M","T","$"],"character_chosen":"IRONCLAD","items_purchased":["Flash of Steel","Offering"],"campfire_rested":1,"item_purchase_floors":[7,27],"current_hp_per_floor":[80,78,78,78,78,68,68,57,57,57,57,49,73,61,61,11,80,68,68,68,68,52,52,45,21,21,21,0],"gold":18,"neow_bonus":"BOSS_RELIC","is_prod":false,"is_daily":false,"chose_seed":false,"campfire_upgraded":3,"win_rate":0,"timestamp":1531942961,"path_taken":["M","M","?","?","?","M","$","?","T","R","?","E","R","E","R","BOSS","M","?","?","?","?","R","M","M","T","$","M"],"build_version":"2018-07-12","purchased_purges":3,"victory":false,"max_hp_per_floor":[80,80,80,80,80,80,80,80,80,80,80,80,80,80,80,80,80,80,80,80,80,80,80,80,80,80,80,80],"card_choices":[{"not_picked":["Seeing Red","Sword Boomerang","Entrench"],"picked":"SKIP","floor":1},{"not_picked":["Disarm","Rage","Headbutt"],"picked":"SKIP","floor":2},{"not_picked":["True Grit","Shrug It Off","Fire Breathing"],"picked":"SKIP","floor":6},{"not_picked":["Evolve","Twin Strike","Infernal Blade"],"picked":"SKIP","floor":8},{"not_picked":["True Grit","Shrug It Off","Anger"],"picked":"SKIP","floor":12},{"not_picked":["Corruption","Evolve","Warcry"],"picked":"SKIP","floor":14},{"not_picked":["Heavy Blade+1","Cleave","Corruption"],"picked":"SKIP","floor":18},{"not_picked":["Pommel Strike+1","Shrug It Off","Heavy Blade"],"picked":"SKIP","floor":24},{"not_picked":["Anger","Perfected Strike","Shrug It Off"],"picked":"SKIP","floor":25}],"player_experience":115566,"relics_obtained":[{"floor":9,"key":"Tiny Chest"},{"floor":11,"key":"Happy Flower"},{"floor":12,"key":"Bag of Marbles"},{"floor":14,"key":"Gremlin Horn"},{"floor":26,"key":"Dodecahedron"}],"event_choices":[{"event_name":"The Cleric","player_choice":"Card Removal","floor":3,"damage_taken":0},{"event_name":"The Lab","player_choice":"Got Potions","floor":4,"damage_taken":0},{"event_name":"Liars Game","player_choice":"agreed","floor":5,"damage_taken":0},{"event_name":"Ghosts","player_choice":"Ignored","floor":19,"damage_taken":0},{"event_name":"The Woman in Blue","player_choice":"Bought 0 Potions","floor":20,"damage_taken":0},{"event_name":"Cursed Tome","player_choice":"Obtained Book","floor":22,"damage_taken":0}],"boss_relics":[{"not_picked":["Cursed Key","Calling Bell"],"picked":"Coffee Dripper"}],"items_purged_floors":[7,21,27],"is_endless":false,"potions_floor_spawned":[1,2,12,14,18,25],"killed_by":"Sentry and Sphere","ascension_level":1}