{"gold_per_floor":[117,117,137,156,156,156,189,27,27,67,67],"floor_reached":11,"playtime":345,"items_purged":["Strike_B"],"score":162,"play_id":"65495f6c-0c5b-4fe0-88e1-26d4a176ba66","local_time":"20181021205146","is_ascension_mode":true,"campfire_choices":[{"data":"Beam Cell","floor":6.0,"key":"SMITH"}],"neow_cost":"NONE","seed_source_timestamp":878214110823703,"circlet_count":0,"master_deck":["Strike_B","Strike_B","Strike_B","Defend_B","Defend_B","Defend_B","Defend_B+1","Zap+1","Dualcast+1","AscendersBane","Leap","Beam Cell+1","Doom and Gloom","Hologram","Loop","Go for the Eyes"],"special_seed":0,"relics":["Cracked Core","Golden Idol","Shuriken","War Paint","Kunai"],"potions_floor_usage":[],"damage_taken":[{"damage":9.0,"enemies":"2 Louse","floor":1.0,"turns":3.0},{"damage":1.0,"enemies":"Small Slimes","floor":3.0,"turns":4.0},{"damage":2.0,"enemies":"Jaw Worm","floor":4.0,"turns":3.0},{"damage":37.0,"enemies":"Lagavulin","floor":7.0,"turns":7.0},{"damage":12.0,"enemies":"3 Sentries","floor":10.0,"turns":8.0},{"damage":15,"enemies":"3 Louse","floor":11,"turns":1}],"seed_played":"-4743669564678767179","potions_obtained":[{"floor":3.0,"key":"Dexterity Potion"},{"floor":10.0,"key":"Poison Potion"}],"is_trial":false,"path_per_floor":["M","?","M","M","?","R","E","$","T","E"],"character_chosen":"DEFECT","items_purchased":["Loop"],"campfire_rested":0,"item_purchase_floors":[8],"current_hp_per_floor":[62,62,61,59,59,59,22,22,22,10,0],"gold":67,"neow_bonus":"TEN_PERCENT_HP_BONUS","is_prod":false,"is_daily":false,"chose_seed":false,"campfire_upgraded":1,"win_rate":0,"timestamp":1540147906,"path_taken":["M","?","M","M","?","R","E","$","T","E","M"],"build_version":"2018-10-18","purchased_purges":1,"victory":false,"max_hp_per_floor":[78,71,71,71,71,71,71,71,71,71,71],"card_choices":[{"not_picked":["Coolheaded","Turbo"],"picked":"Leap","floor":1.0},{"not_picked":["Steam","Conserve Battery"],"picked":"Beam Cell","floor":3.0},{"not_picked":["Steam","Self Repair"],"picked":"Doom and Gloom","floor":4.0},{"not_picked":["Rebound","Redo"],"picked":"Hologram","floor":7.0},{"not_picked":["Conserve Battery","Gash"],"picked":"Go for the Eyes","floor":10.0}],"player_experience":849372,"relics_obtained":[{"floor":7.0,"key":"Shuriken"},{"floor":9.0,"key":"War Paint"},{"floor":10.0,"key":"Kunai"}],"event_choices":[{"damage_healed":0.0,"max_hp_gain":0.0,"max_hp_loss":7.0,"gold_gain":0.0,"event_name":"Golden Idol","player_choice":"Lose Max HP","floor":2.0,"gold_loss":0.0,"damage_taken":0.0,"relics_obtained":["Golden Idol"]},{"damage_healed":0.0,"max_hp_gain":0.0,"max_hp_loss":0.0,"gold_gain":0.0,"event_name":"Living Wall","player_choice":"Grow","floor":5.0,"gold_loss":0.0,"damage_taken":0.0,"cards_upgraded":["Zap"]}],"is_beta":false,"boss_relics":[],"items_purged_floors":[8],"is_endless":false,"potions_floor_spawned":[3,10],"killed_by":"3 Louse","ascension_level":20}