{"gold_per_floor":[110,121,121,134,151,151,184,184,184,359,359,41,56,90,90,90],"floor_reached":16,"playtime":392,"items_purged":["Doubt"],"score":110,"play_id":"09b41b46-eeb2-4953-957f-fa44bc29ea65","local_time":"20180930005239","is_ascension_mode":false,"campfire_choices":[{"data":"A Thousand Cuts","floor":6,"key":"SMITH"},{"data":"Dagger Spray","floor":8,"key":"SMITH"},{"data":"Backstab","floor":11,"key":"SMITH"},{"data":"Underhanded Strike","floor":15,"key":"SMITH"}],"neow_cost":"","seed_source_timestamp":94085941063891,"circlet_count":0,"master_deck":["Defend_G","Defend_G","Defend_G","Defend_G","Defend_G","Strike_G","Strike_G","Strike_G+1","Strike_G","Strike_G","Survivor","Neutralize","Backstab+1","Prepared+1","A Thousand Cuts+1","Dagger Spray+1","Underhanded Strike+1","Backstab","Tactician"],"relics":["Ring of the Snake","Matryoshka","Vajra","Mercury Hourglass","HandDrill","Bottled Lightning"],"potions_floor_usage":[14,16],"damage_taken":[{"damage":0,"enemies":"2 Louse","floor":1,"turns":4},{"damage":0,"enemies":"Small Slimes","floor":2,"turns":3},{"damage":0,"enemies":"Cultist","floor":4,"turns":3},{"damage":4,"enemies":"Looter","floor":5,"turns":4},{"damage":27,"enemies":"Gremlin Nob","floor":7,"turns":5},{"damage":4,"enemies":"Blue Slaver","floor":13,"turns":2},{"damage":13,"enemies":"Lagavulin","floor":14,"turns":3},{"damage":12,"enemies":"The Guardian","floor":16,"turns":4}],"seed_played":"-555063959790903336","potions_obtained":[{"floor":1,"key":"Ancient Potion"},{"floor":2,"key":"LiquidBronze"},{"floor":7,"key":"FearPotion"},{"floor":13,"key":"PowerPotion"}],"is_trial":false,"path_per_floor":["M","M","?","M","M","R","E","R","T","?","R","$","M","E","R"],"character_chosen":"THE_SILENT","items_purchased":["HandDrill","Backstab"],"campfire_rested":0,"item_purchase_floors":[12,12],"current_hp_per_floor":[70,70,56,56,52,52,25,25,25,25,25,25,21,8,8,0],"gold":90,"neow_bonus":"","is_prod":false,"is_daily":false,"chose_seed":false,"campfire_upgraded":4,"win_rate":0,"timestamp":1538261559,"path_taken":["M","M","?","M","M","R","E","R","T","?","R","$","M","E","R","BOSS"],"build_version":"2018-09-27","purchased_purges":1,"victory":false,"max_hp_per_floor":[70,70,70,70,70,70,70,70,70,70,70,70,70,70,70,70],"card_choices":[{"not_picked":["Flying Knee","PiercingWail"],"picked":"Backstab","floor":1},{"not_picked":["Slice","Tactician"],"picked":"Prepared","floor":2},{"not_picked":["Outmaneuver","Dagger Throw"],"picked":"A Thousand Cuts","floor":4},{"not_picked":["Concentrate","Backflip"],"picked":"Dagger Spray","floor":5},{"not_picked":["All Out Attack","PiercingWail"],"picked":"Underhanded Strike","floor":7},{"not_picked":["Blur","Deadly Poison"],"picked":"Tactician","floor":13},{"not_picked":["Underhanded Strike","Concentrate","Quick Slash"],"picked":"SKIP","floor":14}],"player_experience":785709,"relics_obtained":[{"floor":7,"key":"Matryoshka"},{"floor":9,"key":"Vajra"},{"floor":9,"key":"Mercury Hourglass"},{"floor":14,"key":"Bottled Lightning"}],"event_choices":[{"event_name":"Shining Light","player_choice":"Entered Light","floor":3,"damage_taken":0},{"event_name":"Liars Game","player_choice":"agreed","floor":10,"damage_taken":0}],"is_beta":false,"boss_relics":[],"items_purged_floors":[12],"is_endless":false,"potions_floor_spawned":[1,2,7,13],"killed_by":"The Guardian","ascension_level":0}