{"gold_per_floor":[17,30,44,54,65,65,124,124,147,167,178,178,232,232,232,232],"floor_reached":16,"playtime":399,"items_purged":[],"score":203,"play_id":"f02167ae-2682-4a7c-b3fa-35feda5c7d06","local_time":"20190127195922","is_ascension_mode":true,"campfire_choices":[{"data":"Whirlwind","floor":6.0,"key":"SMITH"},{"data":"Bludgeon","floor":12.0,"key":"SMITH"},{"data":"Flex","floor":15.0,"key":"SMITH"}],"neow_cost":"NO_GOLD","seed_source_timestamp":1558212002715483,"circlet_count":0,"master_deck":["AscendersBane","Strike_R+1","Strike_R+1","Strike_R","Defend_R","Defend_R","Defend_R","Bash","Whirlwind+1","Battle Trance","Flex+1","Thunderclap","Bludgeon+1","Pummel"],"special_seed":0,"relics":["Burning Blood","Tiny Chest","Ancient Tea Set","Whetstone","Blood Vial"],"potions_floor_usage":[16],"damage_taken":[{"damage":8.0,"enemies":"Small Slimes","floor":1.0,"turns":4.0},{"damage":1.0,"enemies":"Cultist","floor":2.0,"turns":3.0},{"damage":2.0,"enemies":"Jaw Worm","floor":3.0,"turns":3.0},{"damage":9.0,"enemies":"3 Louse","floor":4.0,"turns":3.0},{"damage":16.0,"enemies":"Exordium Wildlife","floor":5.0,"turns":4.0},{"damage":8.0,"enemies":"Gremlin Nob","floor":7.0,"turns":3.0},{"damage":30.0,"enemies":"Exordium Thugs","floor":10.0,"turns":3.0},{"damage":0.0,"enemies":"3 Louse","floor":11.0,"turns":1.0},{"damage":40,"enemies":"The Guardian","floor":16,"turns":6}],"seed_played":"6680144039753355627","potions_obtained":[{"floor":1.0,"key":"Ancient Potion"},{"floor":3.0,"key":"EntropicBrew"},{"floor":10.0,"key":"Ancient Potion"},{"floor":11.0,"key":"Energy Potion"}],"is_trial":false,"path_per_floor":["M","M","M","M","M","R","E","?","T","M","M","R","T","?","R","B"],"character_chosen":"IRONCLAD","items_purchased":[],"campfire_rested":0,"item_purchase_floors":[],"current_hp_per_floor":[66,71,75,72,62,62,60,60,60,36,42,42,42,35,35,0],"gold":232,"neow_bonus":"TRANSFORM_TWO_CARDS","is_prod":false,"is_daily":false,"chose_seed":false,"campfire_upgraded":3,"win_rate":0,"timestamp":1548615562,"path_taken":["M","M","M","M","M","R","E","?","T","M","?","R","?","?","R","BOSS"],"build_version":"2019-01-23","purchased_purges":0,"victory":false,"max_hp_per_floor":[75,75,75,75,75,75,75,75,75,75,75,75,75,75,75,75],"card_choices":[{"not_picked":["Burning Pact","Clothesline","Headbutt"],"picked":"SKIP","floor":1.0},{"not_picked":["Heavy Blade","Twin Strike"],"picked":"Flex","floor":2.0},{"not_picked":["Sever Soul","True Grit","Pommel Strike"],"picked":"SKIP","floor":3.0},{"not_picked":["Dropkick","Corruption","Body Slam"],"picked":"SKIP","floor":4.0},{"not_picked":["Reaper","Searing Blow"],"picked":"Thunderclap","floor":5.0},{"not_picked":["Bloodletting","Iron Wave"],"picked":"Bludgeon","floor":7.0},{"not_picked":["Body Slam","Cleave","Thunderclap"],"picked":"SKIP","floor":10.0},{"not_picked":["Shrug It Off","Sever Soul"],"picked":"Pummel","floor":11.0}],"player_experience":950641,"relics_obtained":[{"floor":7.0,"key":"Tiny Chest"},{"floor":8.0,"key":"Ancient Tea Set"},{"floor":9.0,"key":"Whetstone"},{"floor":13.0,"key":"Blood Vial"}],"event_choices":[{"damage_healed":0.0,"max_hp_gain":0.0,"max_hp_loss":0.0,"gold_gain":0.0,"event_name":"Wheel of Change","player_choice":"Relic","floor":8.0,"gold_loss":0.0,"damage_taken":0.0},{"cards_removed":["Strike_R"],"damage_healed":0.0,"max_hp_gain":0.0,"max_hp_loss":0.0,"gold_gain":0.0,"event_name":"Golden Wing","player_choice":"Card Removal","floor":14.0,"gold_loss":0.0,"damage_taken":7.0}],"is_beta":false,"boss_relics":[],"items_purged_floors":[],"is_endless":false,"potions_floor_spawned":[1,3,5,10,11],"killed_by":"The Guardian","ascension_level":19}