{"gold_per_floor":[117,117,117,134,134,134,150,150,150,176,186,218,232,232,232,330,330,341,361,376,376,376],"floor_reached":22,"playtime":2365,"items_purged":[],"score":196,"play_id":"25df02df-d7c3-4529-91bb-b2a620c0a865","local_time":"20190110211847","is_ascension_mode":false,"campfire_choices":[{"data":"Neutralize","floor":6,"key":"SMITH"},{"data":"Outmaneuver","floor":8,"key":"SMITH"},{"floor":15,"key":"REST"}],"neow_cost":"NONE","seed_source_timestamp":5443328921660,"circlet_count":0,"master_deck":["Defend_G","Defend_G","Defend_G","Defend_G","Defend_G","Strike_G","Strike_G","Strike_G","Strike_G","Survivor","Neutralize+1","Dagger Spray+1","Outmaneuver+1","Iron Wave","Predator","Infinite Blades","Backstab","Distraction+1","Deflect+1","Burst+1","Backflip+1","Slice","Deadly Poison+1"],"relics":["Ring of the Snake","Toxic Egg 2","Ice Cream","Eternal Feather","Nloth\u0027s Gift"],"potions_floor_usage":[],"damage_taken":[{"damage":10,"enemies":"2 Louse","floor":1,"turns":4},{"damage":5,"enemies":"Small Slimes","floor":4,"turns":4},{"damage":0,"enemies":"Cultist","floor":7,"turns":3},{"damage":24,"enemies":"Lagavulin","floor":10,"turns":7},{"damage":0,"enemies":"2 Fungi Beasts","floor":11,"turns":3},{"damage":8,"enemies":"Gremlin Nob","floor":12,"turns":5},{"damage":8,"enemies":"Lots of Slimes","floor":13,"turns":3},{"damage":15,"enemies":"Hexaghost","floor":16,"turns":9},{"damage":6,"enemies":"3 Byrds","floor":18,"turns":5},{"damage":16,"enemies":"2 Thieves","floor":19,"turns":4},{"damage":16,"enemies":"Chosen and Byrds","floor":20,"turns":8},{"damage":52,"enemies":"Cultist and Chosen","floor":22,"turns":9}],"seed_played":"-3449513019856022506","potions_obtained":[{"floor":1,"key":"FearPotion"},{"floor":4,"key":"SneckoOil"},{"floor":11,"key":"LiquidBronze"},{"floor":13,"key":"SmokeBomb"},{"floor":16,"key":"SkillPotion"}],"is_trial":false,"path_per_floor":["M","?","?","M","?","R","M","R","T","E","M","E","M","?","R","B",null,"M","M","M","?","M"],"character_chosen":"THE_SILENT","items_purchased":[],"campfire_rested":1,"item_purchase_floors":[],"current_hp_per_floor":[67,67,67,62,62,62,62,62,62,38,38,30,22,47,70,55,77,71,55,39,39,0],"gold":376,"neow_bonus":"TEN_PERCENT_HP_BONUS","is_prod":false,"is_daily":false,"chose_seed":false,"campfire_upgraded":2,"win_rate":0.0,"timestamp":1547115527,"path_taken":["M","?","?","?","?","R","M","R","T","E","M","E","?","?","R","BOSS","M","M","M","?","M"],"build_version":"2019-01-03v4","purchased_purges":0,"victory":false,"max_hp_per_floor":[77,77,77,77,77,77,77,77,77,77,77,77,77,77,77,77,77,77,77,77,77,77],"card_choices":[{"not_picked":["Flechettes","Quick Slash"],"picked":"Dagger Spray","floor":1},{"not_picked":["Finisher","Poisoned Stab"],"picked":"Outmaneuver","floor":4},{"not_picked":["Backstab","Dagger Spray"],"picked":"Predator","floor":7},{"not_picked":["Slice","Venomology+1"],"picked":"Infinite Blades","floor":10},{"not_picked":["Prepared+1","Flying Knee"],"picked":"Backstab","floor":11},{"not_picked":["Underhanded Strike","Poisoned Stab"],"picked":"Distraction+1","floor":12},{"not_picked":["Blade Dance+1","Bouncing Flask+1"],"picked":"Deflect+1","floor":13},{"not_picked":["Bullet Time+1","Doppelganger+1"],"picked":"Burst+1","floor":16},{"not_picked":["Underhanded Strike","Outmaneuver+1"],"picked":"Backflip+1","floor":18},{"not_picked":["Acrobatics+1","Dagger Spray"],"picked":"Slice","floor":19},{"not_picked":["Underhanded Strike","Dagger Throw"],"picked":"Deadly Poison+1","floor":20}],"player_experience":2494,"relics_obtained":[{"floor":9,"key":"Toxic Egg 2"},{"floor":10,"key":"Ice Cream"},{"floor":12,"key":"Bronze Scales"}],"event_choices":[{"damage_healed":0,"gold_gain":0,"player_choice":"Leave","damage_taken":0,"max_hp_gain":0,"max_hp_loss":0,"event_name":"The Cleric","floor":2,"gold_loss":0},{"damage_healed":0,"gold_gain":0,"player_choice":"Forge","damage_taken":0,"max_hp_gain":0,"max_hp_loss":0,"event_name":"Accursed Blacksmith","floor":3,"gold_loss":0,"cards_upgraded":["Dagger Spray"]},{"cards_removed":["Strike_G"],"damage_healed":0,"gold_gain":0,"player_choice":"Took Card","damage_taken":0,"max_hp_gain":0,"max_hp_loss":0,"event_name":"NoteForYourself","floor":5,"gold_loss":0,"cards_obtained":["Iron Wave"]},{"damage_healed":25,"gold_gain":0,"player_choice":"Banana","damage_taken":0,"max_hp_gain":0,"max_hp_loss":0,"event_name":"Big Fish","floor":14,"gold_loss":0},{"damage_healed":0,"gold_gain":0,"player_choice":"Traded Relic","damage_taken":0,"relics_obtained":["Nloth\u0027s Gift"],"max_hp_gain":0,"max_hp_loss":0,"event_name":"N\u0027loth","floor":21,"relics_lost":["Bronze Scales"],"gold_loss":0}],"is_beta":false,"boss_relics":[{"not_picked":["Velvet Choker","Busted Crown"],"picked":"Eternal Feather"}],"items_purged_floors":[],"is_endless":false,"potions_floor_spawned":[1,4,11,13,16,18,19],"killed_by":"Cultist and Chosen","ascension_level":0}