{"gold_per_floor":[115,115,115,115,135,135,162,162,162,162,181,211,7,20,20,20],"floor_reached":16,"playtime":823,"items_purged":[],"score":172,"play_id":"d5c66186-d741-4b44-8bce-cb2224c45073","local_time":"20190313162244","is_ascension_mode":true,"campfire_choices":[{"data":"Shockwave","floor":6,"key":"SMITH"},{"data":"Feed","floor":8,"key":"SMITH"},{"data":"Defend_R","floor":10,"key":"SMITH"},{"data":"Body Slam","floor":15,"key":"SMITH"}],"neow_cost":"NONE","seed_source_timestamp":141863348365884,"circlet_count":0,"master_deck":["AscendersBane","Strike_R+1","Strike_R","Strike_R","Strike_R","Strike_R","Defend_R+1","Defend_R","Defend_R","Defend_R+1","Bash+1","Ghostly Armor+1","Shockwave+1","Feed+1","Body Slam+1","Headbutt"],"relics":["Burning Blood","Charon\u0027s Ashes","Darkstone Periapt","Odd Mushroom","Membership Card"],"potions_floor_usage":[7],"damage_taken":[{"damage":6,"enemies":"Cultist","floor":1,"turns":4},{"damage":0,"enemies":"2 Louse","floor":5,"turns":3},{"damage":4,"enemies":"Lagavulin","floor":7,"turns":6},{"damage":9,"enemies":"Jaw Worm","floor":11,"turns":3},{"damage":12,"enemies":"The Mushroom Lair","floor":12,"turns":5},{"damage":7,"enemies":"Exordium Thugs","floor":14,"turns":6},{"damage":57,"enemies":"The Guardian","floor":16,"turns":11}],"seed_played":"5056299114068768602","potions_obtained":[{"floor":1,"key":"SkillPotion"},{"floor":12,"key":"Ancient Potion"},{"floor":14,"key":"Ancient Potion"}],"is_trial":false,"path_per_floor":["M","?","?","?","M","R","E","R","T","R","M","?","$","M","R","B"],"character_chosen":"IRONCLAD","items_purchased":["Membership Card"],"campfire_rested":0,"item_purchase_floors":[13],"current_hp_per_floor":[68,68,45,45,51,51,53,53,53,53,54,52,52,55,55,0],"gold":20,"neow_bonus":"UPGRADE_CARD","is_prod":false,"is_daily":false,"chose_seed":false,"campfire_upgraded":4,"win_rate":0,"timestamp":1552508564,"path_taken":["M","?","?","?","M","R","E","R","T","R","?","?","$","M","R","BOSS"],"build_version":"2019-01-23","purchased_purges":0,"victory":false,"max_hp_per_floor":[75,75,75,75,75,75,75,75,75,75,79,83,83,87,87,87],"card_choices":[{"not_picked":["Evolve","Twin Strike"],"picked":"Ghostly Armor","floor":1},{"not_picked":["Sword Boomerang","Headbutt"],"picked":"Shockwave","floor":5},{"not_picked":["Warcry","True Grit"],"picked":"Feed","floor":7},{"not_picked":["Perfected Strike","Sword Boomerang"],"picked":"Body Slam","floor":11},{"not_picked":["Armaments","Rage"],"picked":"Headbutt","floor":12},{"not_picked":["Sword Boomerang","Havoc","Wild Strike"],"picked":"SKIP","floor":14}],"player_experience":364766,"relics_obtained":[{"floor":7,"key":"Charon\u0027s Ashes"},{"floor":9,"key":"Darkstone Periapt"},{"floor":12,"key":"Odd Mushroom"}],"event_choices":[{"damage_healed":0,"gold_gain":0,"player_choice":"Grow","damage_taken":0,"max_hp_gain":0,"max_hp_loss":0,"event_name":"Living Wall","floor":2,"gold_loss":0,"cards_upgraded":["Ghostly Armor"]},{"damage_healed":0,"gold_gain":0,"player_choice":"Entered Light","damage_taken":23,"max_hp_gain":0,"max_hp_loss":0,"event_name":"Shining Light","floor":3,"gold_loss":0,"cards_upgraded":["Defend_R","Strike_R"]},{"damage_healed":0,"gold_gain":0,"player_choice":"0 cards matched","damage_taken":0,"max_hp_gain":0,"max_hp_loss":0,"event_name":"Match and Keep!","floor":4,"gold_loss":0,"cards_obtained":[]},{"damage_healed":0,"gold_gain":0,"player_choice":"Fought Mushrooms","damage_taken":0,"max_hp_gain":0,"max_hp_loss":0,"event_name":"Mushrooms","floor":12,"gold_loss":0}],"is_beta":false,"boss_relics":[],"items_purged_floors":[],"is_endless":false,"potions_floor_spawned":[1,12,14],"killed_by":"The Guardian","ascension_level":15}