{"gold_per_floor":[109,109,121,46,64,64,98,126,162,200,231,308,320,347,359,371],"floor_reached":16,"playtime":495,"items_purged":["Decay"],"score":196,"play_id":"248795a8-7cf4-440d-a082-434285257014","local_time":"20181018191520","is_ascension_mode":true,"campfire_choices":[{"data":"Feed","floor":6,"key":"SMITH"},{"data":"Body Slam","floor":13,"key":"SMITH"},{"data":"Flame Barrier","floor":15,"key":"SMITH"}],"neow_cost":"CURSE","seed_source_timestamp":613113864727085,"circlet_count":0,"master_deck":["Strike_R","Strike_R","Strike_R","Strike_R","Strike_R","Defend_R","Defend_R","Defend_R","Defend_R","Bash","AscendersBane","Feed+1","Body Slam+1","Carnage","Flex","Anger","True Grit","Ghostly Armor","Power Through","Flame Barrier+1"],"relics":["Burning Blood","Bronze Scales","MawBank","Bag of Preparation","Bottled Flame"],"potions_floor_usage":[10,16],"damage_taken":[{"damage":8,"enemies":"Small Slimes","floor":1,"turns":4},{"damage":7,"enemies":"Jaw Worm","floor":3,"turns":3},{"damage":11,"enemies":"Cultist","floor":5,"turns":3},{"damage":31,"enemies":"Gremlin Nob","floor":7,"turns":4},{"damage":0,"enemies":"Large Slime","floor":8,"turns":3},{"damage":15,"enemies":"3 Sentries","floor":10,"turns":8},{"damage":6,"enemies":"3 Louse","floor":11,"turns":3},{"damage":5,"enemies":"Looter","floor":14,"turns":3},{"damage":45,"enemies":"Hexaghost","floor":16,"turns":11}],"seed_played":"8367284850234456115","potions_obtained":[{"floor":3,"key":"LiquidBronze"},{"floor":7,"key":"SneckoOil"},{"floor":10,"key":"Ancient Potion"},{"floor":11,"key":"EssenceOfSteel"}],"is_trial":false,"path_per_floor":["M","?","M","$","M","R","E","M","T","E","M","?","R","M","R"],"character_chosen":"IRONCLAD","items_purchased":[],"campfire_rested":0,"item_purchase_floors":[],"current_hp_per_floor":[69,58,57,57,52,52,31,41,41,36,40,40,40,41,41,0],"gold":371,"neow_bonus":"THREE_RARE_CARDS","is_prod":false,"is_daily":false,"chose_seed":false,"campfire_upgraded":3,"win_rate":0,"timestamp":1539882920,"path_taken":["M","?","M","$","M","R","E","M","T","E","?","?","R","M","R","BOSS"],"build_version":"2018-10-11","purchased_purges":1,"victory":false,"max_hp_per_floor":[78,78,78,78,78,78,82,86,86,90,94,94,94,94,94,94],"card_choices":[{"not_picked":["Fiend Fire","Limit Break"],"picked":"Feed","floor":0},{"not_picked":["Twin Strike","Feel No Pain"],"picked":"Body Slam","floor":1},{"not_picked":["Thunderclap","Anger"],"picked":"Carnage","floor":3},{"not_picked":["Blood for Blood","Iron Wave"],"picked":"Flex","floor":5},{"not_picked":["Uppercut","Body Slam"],"picked":"Anger","floor":7},{"not_picked":["Heavy Blade","Anger"],"picked":"True Grit","floor":8},{"not_picked":["Sever Soul","Warcry"],"picked":"Ghostly Armor","floor":10},{"not_picked":["Intimidate","Spot Weakness"],"picked":"Power Through","floor":11},{"not_picked":["Flex","Reaper"],"picked":"Flame Barrier","floor":14}],"player_experience":846095,"relics_obtained":[{"floor":7,"key":"MawBank"},{"floor":9,"key":"Bag of Preparation"},{"floor":10,"key":"Bottled Flame"}],"event_choices":[{"event_name":"Scrap Ooze","player_choice":"success","floor":2,"damage_taken":11},{"event_name":"Golden Wing","player_choice":"Gained Gold","floor":12,"damage_taken":0}],"is_beta":false,"boss_relics":[],"items_purged_floors":[4],"is_endless":false,"potions_floor_spawned":[3,7,10,11],"killed_by":"Hexaghost","ascension_level":15}