{"gold_per_floor":[116,116,116,116,72,101,114,114,114,114,149,179,191,233,245,257],"floor_reached":16,"playtime":504,"items_purged":[],"score":282,"play_id":"625153d1-f93d-4ed8-80be-a0264bc262c3","local_time":"20190317100915","is_ascension_mode":true,"campfire_choices":[{"data":"Demon Form","floor":8,"key":"SMITH"},{"floor":15,"key":"REST"}],"neow_cost":"NONE","seed_source_timestamp":350700654137922,"circlet_count":0,"master_deck":["AscendersBane","Strike_R","Strike_R+1","Strike_R","Strike_R","Strike_R+1","Defend_R","Defend_R","Defend_R","Defend_R","Bash","Flex","Burning Pact","Carnage+1","Demon Form+1","Dual Wield+1","Rage+1","Impervious+1"],"relics":["Burning Blood","NeowsBlessing","Strawberry","Happy Flower","Toxic Egg 2","MawBank","Mercury Hourglass"],"potions_floor_usage":[16],"damage_taken":[{"damage":0,"enemies":"2 Louse","floor":1,"turns":2},{"damage":0,"enemies":"Gremlin Nob","floor":6,"turns":1},{"damage":0,"enemies":"Jaw Worm","floor":7,"turns":1},{"damage":20,"enemies":"Lagavulin","floor":11,"turns":5},{"damage":8,"enemies":"Small Slimes","floor":12,"turns":3},{"damage":45,"enemies":"3 Sentries","floor":14,"turns":8},{"damage":40,"enemies":"Hexaghost","floor":16,"turns":7}],"seed_played":"-5516801647861342178","potions_obtained":[{"floor":11,"key":"SteroidPotion"},{"floor":12,"key":"SneckoOil"}],"is_trial":false,"path_per_floor":["M","?","?","?","$","E","M","R","T","?","E","M","$","E","R","B"],"character_chosen":"IRONCLAD","items_purchased":["Burning Pact"],"campfire_rested":1,"item_purchase_floors":[5],"current_hp_per_floor":[74,51,58,58,58,64,70,70,70,70,56,54,54,15,39,0],"gold":257,"neow_bonus":"THREE_ENEMY_KILL","is_prod":false,"is_daily":false,"chose_seed":false,"campfire_upgraded":1,"win_rate":0,"timestamp":1552842555,"path_taken":["M","?","?","?","$","E","M","R","T","?","E","?","?","E","R","BOSS"],"build_version":"2019-01-23","purchased_purges":0,"victory":false,"max_hp_per_floor":[75,75,82,82,82,82,82,82,82,82,82,82,82,82,82,82],"card_choices":[{"not_picked":["Clothesline","Iron Wave"],"picked":"Flex","floor":1},{"not_picked":["Dropkick","Rampage"],"picked":"Carnage","floor":6},{"not_picked":["Heavy Blade","Twin Strike"],"picked":"Demon Form","floor":7},{"not_picked":["Shrug It Off+1","Bloodletting+1"],"picked":"Dual Wield+1","floor":11},{"not_picked":["Ghostly Armor+1","Wild Strike"],"picked":"Rage+1","floor":12},{"not_picked":["Pommel Strike","Warcry+1"],"picked":"Impervious+1","floor":14}],"player_experience":251581,"relics_obtained":[{"floor":6,"key":"Happy Flower"},{"floor":9,"key":"Toxic Egg 2"},{"floor":11,"key":"MawBank"},{"floor":14,"key":"Mercury Hourglass"}],"event_choices":[{"damage_healed":0,"gold_gain":0,"player_choice":"Entered Light","damage_taken":23,"max_hp_gain":0,"max_hp_loss":0,"event_name":"Shining Light","floor":2,"gold_loss":0,"cards_upgraded":["Strike_R","Strike_R"]},{"damage_healed":0,"gold_gain":0,"player_choice":"Box","damage_taken":0,"relics_obtained":["Strawberry"],"max_hp_gain":0,"max_hp_loss":0,"event_name":"Big Fish","floor":3,"gold_loss":0,"cards_obtained":["Regret"]},{"cards_removed":["Regret"],"damage_healed":0,"gold_gain":0,"player_choice":"Forget","damage_taken":0,"max_hp_gain":0,"max_hp_loss":0,"event_name":"Living Wall","floor":4,"gold_loss":0},{"damage_healed":0,"gold_gain":0,"player_choice":"Upgraded","damage_taken":0,"max_hp_gain":0,"max_hp_loss":0,"event_name":"Upgrade Shrine","floor":10,"gold_loss":0,"cards_upgraded":["Carnage"]}],"is_beta":false,"boss_relics":[],"items_purged_floors":[],"is_endless":false,"potions_floor_spawned":[11,12],"killed_by":"Hexaghost","ascension_level":20}