{"gold_per_floor":[118,118,118,134,134,160,160,186,186,197,212,222,222,232,232,305,305,318,336,2,52,62,62],"floor_reached":23,"playtime":1027,"items_purged":["Strike_B"],"score":376,"play_id":"5a5bb53e-7835-453d-8088-147081324b34","local_time":"20180918113335","is_ascension_mode":true,"campfire_choices":[{"data":"Zap","floor":7,"key":"SMITH"},{"data":"Defragment","floor":13,"key":"SMITH"},{"data":"Melter","floor":15,"key":"SMITH"}],"neow_cost":"PERCENT_DAMAGE","seed_source_timestamp":56322265687083,"circlet_count":0,"master_deck":["Strike_B","Strike_B","Defend_B","Defend_B","Defend_B","Defend_B","Zap+1","Dualcast","AscendersBane","BootSequence","Chill+1","Melter+1","Rainbow","Defragment+1","Conserve Battery","Meteor Strike","FTL","Cold Snap+1","Double Energy","Buffer"],"relics":["Cracked Core","Dead Branch","Kunai","Pen Nib","Potion Belt","Inserter"],"potions_floor_usage":[6,16,16,19,22,22],"damage_taken":[{"damage":2,"enemies":"Jaw Worm","floor":1,"turns":3},{"damage":1,"enemies":"Cultist","floor":4,"turns":3},{"damage":9,"enemies":"Gremlin Nob","floor":6,"turns":5},{"damage":6,"enemies":"Lagavulin","floor":8,"turns":6},{"damage":0,"enemies":"2 Louse","floor":10,"turns":2},{"damage":0,"enemies":"Blue Slaver","floor":11,"turns":3},{"damage":0,"enemies":"Looter","floor":12,"turns":3},{"damage":1,"enemies":"2 Fungi Beasts","floor":14,"turns":3},{"damage":18,"enemies":"Slime Boss","floor":16,"turns":8},{"damage":13,"enemies":"Shell Parasite","floor":18,"turns":5},{"damage":3,"enemies":"3 Byrds","floor":19,"turns":6},{"damage":11,"enemies":"Cultist and Chosen","floor":22,"turns":8},{"damage":37,"enemies":"Gremlin Leader","floor":23,"turns":6}],"seed_played":"5002623771924849921","potions_obtained":[{"floor":1,"key":"PowerPotion"},{"floor":6,"key":"Fire Potion"},{"floor":11,"key":"Dexterity Potion"},{"floor":12,"key":"FocusPotion"},{"floor":16,"key":"GamblersBrew"},{"floor":18,"key":"Weak Potion"}],"is_trial":false,"path_per_floor":["M","?","?","M","?","E","R","E","T","M","M","M","R","M","R","B",null,"M","M","$","?","M"],"character_chosen":"DEFECT","items_purchased":["Double Energy","Buffer"],"campfire_rested":0,"item_purchase_floors":[20,20],"current_hp_per_floor":[44,44,67,66,66,57,57,51,51,51,51,51,51,50,50,32,61,48,45,45,45,34,0],"gold":62,"neow_bonus":"ONE_RARE_RELIC","is_prod":false,"is_daily":false,"chose_seed":false,"campfire_upgraded":3,"win_rate":0,"timestamp":1537263215,"path_taken":["M","?","?","M","?","E","R","E","T","M","?","M","R","M","R","BOSS","M","M","?","?","M","E"],"build_version":"2018-09-06","purchased_purges":1,"victory":false,"max_hp_per_floor":[71,71,71,71,71,71,71,71,71,71,71,71,71,71,71,71,71,71,71,71,71,71,71],"card_choices":[{"not_picked":["Hologram","Blizzard"],"picked":"BootSequence","floor":1},{"not_picked":["Turbo","Double Energy"],"picked":"Chill","floor":4},{"not_picked":["Self Repair","Genetic Algorithm"],"picked":"Melter","floor":6},{"not_picked":["Undo","Steam"],"picked":"Rainbow","floor":8},{"not_picked":["Ball Lightning","Compile Driver"],"picked":"Defragment","floor":10},{"not_picked":["Leap","Compile Driver"],"picked":"Conserve Battery","floor":11},{"not_picked":["Sweeping Beam","Stack","Leap"],"picked":"SKIP","floor":12},{"not_picked":["Doom and Gloom","Leap","Aggregate"],"picked":"SKIP","floor":14},{"not_picked":["Amplify","Thunder Strike"],"picked":"Meteor Strike","floor":16},{"not_picked":["Auto Shields","Beam Cell+1"],"picked":"FTL","floor":18},{"not_picked":["Barrage","Skim"],"picked":"Cold Snap+1","floor":19},{"not_picked":["Leap","Aggregate","Hello World"],"picked":"SKIP","floor":22}],"player_experience":746438,"relics_obtained":[{"floor":6,"key":"Kunai"},{"floor":8,"key":"Pen Nib"},{"floor":9,"key":"Potion Belt"}],"event_choices":[{"event_name":"Bonfire Elementals","player_choice":"BASIC","floor":2,"damage_taken":0},{"event_name":"Big Fish","player_choice":"Banana","floor":3,"damage_taken":0},{"event_name":"Living Wall","player_choice":"Grow","floor":5,"damage_taken":0},{"event_name":"Golden Shrine","player_choice":"Pray","floor":21,"damage_taken":0}],"is_beta":false,"boss_relics":[{"not_picked":["Busted Crown","Orrery"],"picked":"Inserter"}],"items_purged_floors":[20],"is_endless":false,"potions_floor_spawned":[1,6,11,12,16,18],"killed_by":"Gremlin Leader","ascension_level":17}