{"gold_per_floor":[119,136,152,152,172,172,185,14,39,76,113,125,172,203,215,304,316,344,368,380,392,404,416,460,472,531,572,595,607,14,24,24,95,95,114,114,114,0,0,13,13,43,92,121,121,153,163,177,177,177],"floor_reached":51,"playtime":1784,"items_purged":["Parasite"],"score":1538,"play_id":"12419d5f-325e-453b-84f9-1c55dfa91325","local_time":"20181014191705","is_ascension_mode":true,"campfire_choices":[{"data":"Buffer","floor":6.0,"key":"SMITH"},{"data":"Zap","floor":12.0,"key":"SMITH"},{"data":"Dualcast","floor":15.0,"key":"SMITH"},{"floor":23.0,"key":"REST"},{"floor":25.0,"key":"REST"},{"data":"Buffer","floor":29.0,"key":"SMITH"},{"data":"Metamorphosis","floor":32,"key":"SMITH"},{"data":"Mind Blast","floor":41,"key":"SMITH"},{"floor":45,"key":"REST"},{"floor":49,"key":"REST"}],"neow_cost":"TEN_PERCENT_HP_LOSS","seed_source_timestamp":266267390394346,"circlet_count":0,"master_deck":["Strike_B+1","Strike_B+1","Strike_B+1","Strike_B+1","Defend_B+1","Defend_B+1","Defend_B+1","Zap+1","Dualcast+1","AscendersBane","Buffer+1","Ball Lightning","Lockon+1","Sunder","Glacier","White Noise","All For One","Buffer+1","Beam Cell+1","FTL","Metamorphosis+1","Coolheaded+1","Electrodynamics","Defragment","Mind Blast+1","Writhe","Steam","Injury","Compile Driver+1"],"special_seed":0,"relics":["Cracked Core","Ancient Tea Set","MawBank","Bronze Scales","Whetstone","Centennial Puzzle","Cursed Key","Strawberry","Orichalcum","Bag of Preparation","Lee\u0027s Waffle","Eternal Feather","Red Mask","Smiling Mask","Juzu Bracelet","PreservedInsect","Oddly Smooth Stone"],"potions_floor_usage":[33,33,42,50],"damage_taken":[{"damage":5.0,"enemies":"2 Louse","floor":1.0,"turns":2.0},{"damage":6.0,"enemies":"Cultist","floor":2.0,"turns":3.0},{"damage":7.0,"enemies":"Jaw Worm","floor":3.0,"turns":2.0},{"damage":9.0,"enemies":"Red Slaver","floor":5.0,"turns":3.0},{"damage":0.0,"enemies":"Large Slime","floor":7.0,"turns":4.0},{"damage":0.0,"enemies":"Lagavulin","floor":11.0,"turns":5.0},{"damage":5.0,"enemies":"3 Sentries","floor":13.0,"turns":5.0},{"damage":0.0,"enemies":"Blue Slaver","floor":14.0,"turns":2.0},{"damage":19.0,"enemies":"The Guardian","floor":16.0,"turns":8.0},{"damage":2.0,"enemies":"Chosen","floor":18.0,"turns":4.0},{"damage":2.0,"enemies":"3 Byrds","floor":19.0,"turns":2.0},{"damage":31.0,"enemies":"Book of Stabbing","floor":24.0,"turns":4.0},{"damage":17.0,"enemies":"Slavers","floor":27.0,"turns":4.0},{"damage":5.0,"enemies":"Snake Plant","floor":28.0,"turns":3.0},{"damage":0,"enemies":"Snecko","floor":31,"turns":3},{"damage":48,"enemies":"Automaton","floor":33,"turns":9},{"damage":11,"enemies":"3 Darklings","floor":35,"turns":3},{"damage":0,"enemies":"Orb Walker","floor":40,"turns":3},{"damage":7,"enemies":"Nemesis","floor":42,"turns":5},{"damage":57,"enemies":"2 Orb Walkers","floor":44,"turns":5},{"damage":0,"enemies":"Giant Head","floor":46,"turns":7},{"damage":0,"enemies":"Spire Growth","floor":47,"turns":2},{"damage":12,"enemies":"3 Darklings","floor":48,"turns":4},{"damage":45,"enemies":"Awakened One","floor":50,"turns":12}],"seed_played":"8033563591079398750","potions_obtained":[{"floor":5.0,"key":"FearPotion"},{"floor":7.0,"key":"Poison Potion"},{"floor":16.0,"key":"Ancient Potion"},{"floor":19.0,"key":"AttackPotion"},{"floor":24.0,"key":"Ancient Potion"},{"floor":31,"key":"Explosive Potion"},{"floor":40,"key":"SkillPotion"},{"floor":46,"key":"GamblersBrew"},{"floor":47,"key":"EssenceOfSteel"}],"is_trial":false,"path_per_floor":["M","M","M","?","M","R","M","$","T","T","E","R","E","M","R","B",null,"M","M","?","?","?","R","E","R","T","E","M","R","$","M","R","B",null,"M","?","?","?","?","M","R","E","T","E","R","E","M","M","R","B"],"character_chosen":"DEFECT","items_purchased":["Ancient Tea Set","Metamorphosis","Lee\u0027s Waffle","FocusPotion"],"campfire_rested":4,"item_purchase_floors":[8,30,30,30],"current_hp_per_floor":[59,53,46,46,37,37,37,37,37,37,37,37,32,32,32,13,51,49,47,30,30,30,50,26,48,48,31,26,26,80,80,80,32,68,57,57,73,73,73,73,80,73,73,16,55,55,55,43,80,35],"gold":177,"neow_bonus":"THREE_RARE_CARDS","is_prod":false,"is_daily":false,"chose_seed":false,"campfire_upgraded":6,"win_rate":0,"timestamp":1539537425,"path_taken":["M","M","M","?","M","R","M","$","T","?","E","R","E","M","R","BOSS","M","M","?","?","?","R","E","R","T","E","?","R","$","M","R","BOSS","M","?","?","?","?","M","R","E","T","E","R","E","M","M","R","BOSS"],"build_version":"2018-10-11","purchased_purges":1,"victory":true,"max_hp_per_floor":[64,64,64,64,64,64,64,64,64,64,64,64,64,64,64,64,64,64,64,69,69,69,69,76,76,76,76,76,76,80,80,80,80,80,80,80,80,80,80,80,80,80,80,80,80,80,80,80,80,80],"card_choices":[{"not_picked":["Amplify","Meteor Strike"],"picked":"Buffer","floor":0.0},{"not_picked":["Stack","Steam Power"],"picked":"Ball Lightning","floor":1.0},{"not_picked":["Consume","Heatsinks"],"picked":"Lockon","floor":2.0},{"not_picked":["Scrape","Cold Snap"],"picked":"Sunder","floor":3.0},{"not_picked":["Darkness","Compile Driver"],"picked":"White Noise","floor":5.0},{"not_picked":["Sweeping Beam","Hologram","Cold Snap"],"picked":"SKIP","floor":7.0},{"not_picked":["Gash","Self Repair","Consume"],"picked":"SKIP","floor":11.0},{"not_picked":["Go for the Eyes","Coolheaded"],"picked":"All For One","floor":13.0},{"not_picked":["Compile Driver","Blizzard","Hologram"],"picked":"SKIP","floor":14.0},{"not_picked":["Thunder Strike","Fission"],"picked":"Buffer","floor":16.0},{"not_picked":["Darkness","Tempest"],"picked":"Beam Cell+1","floor":18.0},{"not_picked":["Leap","Redo","Ball Lightning"],"picked":"SKIP","floor":19.0},{"not_picked":["Leap","Capacitor","Barrage"],"picked":"SKIP","floor":24.0},{"not_picked":["Gash","Undo","Consume"],"picked":"SKIP","floor":27.0},{"not_picked":["Lockon+1","Gash"],"picked":"FTL","floor":28.0},{"not_picked":["Creative AI","Sweeping Beam"],"picked":"Coolheaded+1","floor":31},{"not_picked":["Rainbow","Machine Learning"],"picked":"Electrodynamics","floor":33},{"not_picked":["Gash","Sunder"],"picked":"Defragment","floor":35},{"not_picked":["Good Instincts","Transmutation"],"picked":"Mind Blast","floor":36},{"not_picked":["Loop","Force Field+1","Barrage+1"],"picked":"SKIP","floor":40},{"not_picked":["Hologram","Streamline"],"picked":"Steam","floor":42},{"not_picked":["Leap+1","Darkness"],"picked":"Compile Driver+1","floor":44},{"not_picked":["Coolheaded","Compile Driver","Fusion"],"picked":"SKIP","floor":46},{"not_picked":["Gash","Redo","Leap+1"],"picked":"SKIP","floor":47},{"not_picked":["Cold Snap","Heatsinks","Consume"],"picked":"SKIP","floor":48}],"player_experience":829293,"relics_obtained":[{"floor":9.0,"key":"MawBank"},{"floor":10.0,"key":"Bronze Scales"},{"floor":11.0,"key":"Whetstone"},{"floor":13.0,"key":"Centennial Puzzle"},{"floor":24.0,"key":"Strawberry"},{"floor":26.0,"key":"Orichalcum"},{"floor":27.0,"key":"Bag of Preparation"},{"floor":42,"key":"Smiling Mask"},{"floor":43,"key":"Juzu Bracelet"},{"floor":44,"key":"PreservedInsect"},{"floor":46,"key":"Oddly Smooth Stone"}],"event_choices":[{"event_name":"Match and Keep!","player_choice":"1 cards matched","floor":4.0,"damage_taken":0.0},{"event_name":"Forgotten Altar","player_choice":"Shed Blood","floor":20.0,"damage_taken":0.0},{"event_name":"Back to Basics","player_choice":"Simplicity","floor":21.0,"damage_taken":0.0},{"event_name":"Vampires","player_choice":"Ignored","floor":22.0,"damage_taken":0.0},{"event_name":"SensoryStone","player_choice":"Memory 1","floor":36,"damage_taken":0},{"event_name":"Winding Halls","player_choice":"Writhe","floor":37,"damage_taken":0},{"event_name":"Tomb of Lord Red Mask","player_choice":"Paid","floor":38,"damage_taken":0},{"event_name":"Falling","player_choice":"Removed Skill","floor":39,"damage_taken":0}],"is_beta":false,"boss_relics":[{"not_picked":["FrozenCore","Runic Dome"],"picked":"Cursed Key"},{"not_picked":["Velvet Choker","Busted Crown"],"picked":"Eternal Feather"}],"items_purged_floors":[30],"is_endless":false,"potions_floor_spawned":[5,7,16,19,24,31,40,46,47],"ascension_level":18}