{"gold_per_floor":[112,37,87,105,119,119,138,164,164,164,164,174,188,216,216,293,343,361,80,91,91,91,91,91],"floor_reached":24,"playtime":857,"items_purged":["Regret","Injury"],"score":416,"play_id":"31f91152-9d2f-427a-a46a-cbc3cb78e372","local_time":"20180928055933","is_ascension_mode":true,"campfire_choices":[{"data":"Prepared","floor":6,"key":"SMITH"},{"floor":10,"key":"REST"},{"data":"Bouncing Flask","floor":15,"key":"SMITH"},{"floor":23,"key":"REST"}],"neow_cost":"NONE","seed_source_timestamp":551429725152040,"circlet_count":0,"master_deck":["Defend_G","Defend_G","Defend_G","Defend_G","Defend_G+1","Strike_G+1","Strike_G","Strike_G","Strike_G","Strike_G","Survivor","Neutralize+1","AscendersBane","Prepared+1","Leg Sweep","Deadly Poison","Bouncing Flask+1","Catalyst","Heel Hook","Glass Knife","Well Laid Plans","Catalyst"],"relics":["Calling Bell","Orichalcum","Mercury Hourglass","Mango","Potion Belt","Whetstone","Paper Crane","Tiny House","Oddly Smooth Stone","Enchiridion"],"potions_floor_usage":[8,16,18,24,24],"damage_taken":[{"damage":3,"enemies":"Jaw Worm","floor":1,"turns":4},{"damage":7,"enemies":"Cultist","floor":4,"turns":5},{"damage":0,"enemies":"2 Louse","floor":5,"turns":3},{"damage":9,"enemies":"Blue Slaver","floor":7,"turns":5},{"damage":15,"enemies":"3 Sentries","floor":8,"turns":6},{"damage":1,"enemies":"2 Fungi Beasts","floor":12,"turns":3},{"damage":5,"enemies":"Looter","floor":13,"turns":3},{"damage":10,"enemies":"Lagavulin","floor":14,"turns":4},{"damage":27,"enemies":"The Guardian","floor":16,"turns":9},{"damage":14,"enemies":"3 Byrds","floor":18,"turns":7},{"damage":0,"enemies":"Chosen","floor":20,"turns":3},{"damage":62,"enemies":"Gremlin Leader","floor":24,"turns":4}],"seed_played":"3089444746606289978","potions_obtained":[{"floor":4,"key":"LiquidBronze"},{"floor":5,"key":"FearPotion"},{"floor":7,"key":"AttackPotion"},{"floor":14,"key":"LiquidBronze"},{"floor":16,"key":"FearPotion"},{"floor":17,"key":"Weak Potion"},{"floor":18,"key":"SteroidPotion"}],"is_trial":false,"path_per_floor":["M","$","?","M","M","R","M","E","T","R","?","M","M","E","R","B",null,"M","$","M","?","?","R"],"character_chosen":"THE_SILENT","items_purchased":["Oddly Smooth Stone"],"campfire_rested":2,"item_purchase_floors":[19],"current_hp_per_floor":[70,70,70,63,63,63,54,39,39,63,63,62,57,47,47,20,70,56,56,56,35,35,60,0],"gold":91,"neow_bonus":"BOSS_RELIC","is_prod":false,"is_daily":false,"chose_seed":false,"campfire_upgraded":2,"win_rate":0,"timestamp":1538107173,"path_taken":["M","$","?","?","M","R","M","E","T","R","?","M","M","E","R","BOSS","M","$","M","?","?","R","E"],"build_version":"2018-09-27","purchased_purges":2,"victory":false,"max_hp_per_floor":[80,80,80,80,80,80,80,80,80,80,80,80,80,80,80,80,85,85,85,85,85,85,85,85],"card_choices":[{"not_picked":["Quick Slash","Doppelganger"],"picked":"Prepared","floor":1},{"not_picked":["Flying Knee","Calculated Gamble"],"picked":"Leg Sweep","floor":4},{"not_picked":["Blade Dance","Eviscerate"],"picked":"Deadly Poison","floor":5},{"not_picked":["Slice","Calculated Gamble"],"picked":"Bouncing Flask","floor":7},{"not_picked":["A Thousand Cuts","Prepared"],"picked":"Catalyst","floor":8},{"not_picked":["Terror","Poisoned Stab"],"picked":"Heel Hook","floor":12},{"not_picked":["Dodge and Roll","Predator","Underhanded Strike"],"picked":"SKIP","floor":13},{"not_picked":["Deflect","Poisoned Stab","Prepared"],"picked":"SKIP","floor":14},{"not_picked":["Wraith Form v2","Tools of the Trade"],"picked":"Glass Knife","floor":16},{"not_picked":["Prepared","Poisoned Stab"],"picked":"Well Laid Plans","floor":17},{"not_picked":["Tactician","Quick Slash"],"picked":"Catalyst","floor":18},{"not_picked":["Heel Hook","Bane","Flechettes"],"picked":"SKIP","floor":20}],"player_experience":775237,"relics_obtained":[{"floor":0,"key":"Orichalcum"},{"floor":0,"key":"Mercury Hourglass"},{"floor":0,"key":"Mango"},{"floor":8,"key":"Potion Belt"},{"floor":9,"key":"Whetstone"},{"floor":14,"key":"Paper Crane"},{"floor":21,"key":"Enchiridion"}],"event_choices":[{"event_name":"Golden Shrine","player_choice":"Pray","floor":3,"damage_taken":0},{"event_name":"Purifier","player_choice":"One Purge","floor":11,"damage_taken":0},{"event_name":"Cursed Tome","player_choice":"Obtained Book","floor":21,"damage_taken":0},{"event_name":"Ghosts","player_choice":"Ignored","floor":22,"damage_taken":0}],"is_beta":false,"boss_relics":[{"not_picked":["Philosopher\u0027s Stone","Lizard Tail"],"picked":"Tiny House"}],"items_purged_floors":[2,19],"is_endless":false,"potions_floor_spawned":[4,5,7,14,16,18],"killed_by":"Gremlin Leader","ascension_level":18}