{"gold_per_floor":[109,121,139,154,2,2,16,16,66,148,178,192,223,234,234,333,333,347,19,37,37,57,82,82,42,42,42,73,92,104,116,116,217,217,232,246,246,146,158,184,184,42,67,81,107,122,122,137,137,137],"floor_reached":51,"playtime":4684,"items_purged":["Strike_B","Doubt","Aggregate+1"],"score":834,"play_id":"24186abe-9a1c-4355-9fdd-9880eba4df3b","local_time":"20190122171323","is_ascension_mode":true,"campfire_choices":[{"data":"Genetic Algorithm","floor":6.0,"key":"SMITH"},{"data":"Dualcast","floor":8.0,"key":"SMITH"},{"floor":15.0,"key":"REST"},{"floor":24.0,"key":"REST"},{"data":"Loop","floor":27.0,"key":"SMITH"},{"floor":32.0,"key":"REST"},{"floor":41,"key":"REST"},{"floor":49,"key":"REST"}],"neow_cost":"NONE","seed_source_timestamp":3109393682479,"circlet_count":0,"master_deck":["Strike_B","Defend_B","Defend_B","Defend_B+1","Defend_B","Zap","Dualcast+1","Genetic Algorithm+1","Sunder+1","Loop+1","Core Surge","Conserve Battery","Steam+1","Seek","Darkness","Genetic Algorithm+1"],"special_seed":0,"relics":["Cracked Core","Strawberry","Bronze Scales","Boot","Symbiotic Virus","Darkstone Periapt","Art of War","Velvet Choker","Singing Bowl","Mercury Hourglass","Du-Vu Doll","Calipers","Pen Nib","Astrolabe","The Courier","Bag of Preparation","Pear"],"potions_floor_usage":[40,40,45],"damage_taken":[{"damage":0.0,"enemies":"Cultist","floor":1.0,"turns":3.0},{"damage":7.0,"enemies":"Jaw Worm","floor":2.0,"turns":4.0},{"damage":0.0,"enemies":"2 Louse","floor":3.0,"turns":1.0},{"damage":5.0,"enemies":"Gremlin Gang","floor":4.0,"turns":4.0},{"damage":0.0,"enemies":"Looter","floor":7.0,"turns":3.0},{"damage":13.0,"enemies":"3 Sentries","floor":11.0,"turns":5.0},{"damage":0.0,"enemies":"3 Louse","floor":12.0,"turns":2.0},{"damage":10.0,"enemies":"Lagavulin","floor":13.0,"turns":5.0},{"damage":0.0,"enemies":"2 Fungi Beasts","floor":14.0,"turns":2.0},{"damage":32.0,"enemies":"Slime Boss","floor":16.0,"turns":7.0},{"damage":30.0,"enemies":"2 Thieves","floor":18.0,"turns":4.0},{"damage":2.0,"enemies":"Shell Parasite","floor":20.0,"turns":3.0},{"damage":9.0,"enemies":"Centurion and Healer","floor":22.0,"turns":6.0},{"damage":21.0,"enemies":"Slavers","floor":23.0,"turns":4.0},{"damage":15.0,"enemies":"Book of Stabbing","floor":28.0,"turns":4.0},{"damage":13.0,"enemies":"Snake Plant","floor":29.0,"turns":4.0},{"damage":0.0,"enemies":"Sentry and Sphere","floor":30.0,"turns":4.0},{"damage":9.0,"enemies":"Centurion and Healer","floor":31.0,"turns":4.0},{"damage":66.0,"enemies":"Automaton","floor":33.0,"turns":7.0},{"damage":0.0,"enemies":"Orb Walker","floor":35.0,"turns":3.0},{"damage":11.0,"enemies":"3 Shapes","floor":36.0,"turns":3.0},{"damage":6.0,"enemies":"Maw","floor":39.0,"turns":7.0},{"damage":50,"enemies":"Reptomancer","floor":40,"turns":8},{"damage":25,"enemies":"Transient","floor":44,"turns":5},{"damage":8,"enemies":"Nemesis","floor":45,"turns":5},{"damage":0,"enemies":"4 Shapes","floor":46,"turns":5},{"damage":3,"enemies":"Spire Growth","floor":48,"turns":4},{"damage":27,"enemies":"Time Eater","floor":50,"turns":9}],"seed_played":"-7253207030736449370","potions_obtained":[{"floor":2.0,"key":"FocusPotion"},{"floor":4.0,"key":"Ancient Potion"},{"floor":7.0,"key":"EssenceOfSteel"},{"floor":13.0,"key":"Regen Potion"},{"floor":20.0,"key":"GamblersBrew"},{"floor":23.0,"key":"Poison Potion"},{"floor":30.0,"key":"EntropicBrew"},{"floor":35.0,"key":"Explosive Potion"},{"floor":36.0,"key":"GamblersBrew"},{"floor":40,"key":"GamblersBrew"}],"is_trial":false,"path_per_floor":["M","M","M","M","$","R","M","R","T","T","E","M","E","M","R","B",null,"M","$","M","?","M","E","R","?","T","R","E","M","M","M","R","B",null,"M","M","?","$","M","E","R","$","T","M","E","M","?","M","R","B",null],"character_chosen":"DEFECT","items_purchased":["Bronze Scales","Singing Bowl","Swift Potion"],"campfire_rested":5,"item_purchase_floors":[5,19,42],"current_hp_per_floor":[82,75,75,70,70,70,70,70,70,70,57,57,47,47,71,39,82,52,52,52,58,51,44,72,72,72,72,59,46,48,41,71,7,108,110,101,101,101,97,47,81,81,81,56,60,62,62,61,100,73],"gold":137,"neow_bonus":"RANDOM_COMMON_RELIC","is_prod":false,"is_daily":false,"chose_seed":false,"campfire_upgraded":3,"win_rate":0,"timestamp":1548195203,"path_taken":["M","M","M","M","$","R","M","R","T","?","E","M","E","M","R","BOSS","M","$","M","?","M","E","R","?","T","R","E","M","?","M","R","BOSS","M","M","?","$","M","E","R","$","T","M","E","M","?","?","R","BOSS"],"build_version":"2019-01-17v2","purchased_purges":3,"victory":true,"max_hp_per_floor":[82,82,82,82,82,82,82,82,82,82,82,82,82,82,82,82,82,82,82,84,90,92,94,94,94,94,94,96,96,98,100,100,102,108,110,112,112,112,114,114,114,114,114,114,126,128,128,130,130,130],"card_choices":[{"not_picked":["Streamline","Coolheaded"],"picked":"Genetic Algorithm","floor":1.0},{"not_picked":["Streamline","Rebound"],"picked":"Sunder","floor":2.0},{"not_picked":["Core Surge","Stack","Compile Driver"],"picked":"SKIP","floor":3.0},{"not_picked":["Storm","Barrage","Tempest"],"picked":"SKIP","floor":4.0},{"not_picked":["Turbo","Barrage","Compile Driver"],"picked":"SKIP","floor":7.0},{"not_picked":["Leap","Go for the Eyes"],"picked":"Loop","floor":11.0},{"not_picked":["Self Repair","Redo","Fusion"],"picked":"SKIP","floor":12.0},{"not_picked":["Machine Learning","Streamline","Force Field"],"picked":"SKIP","floor":13.0},{"not_picked":["Sweeping Beam","Recycle","Hello World"],"picked":"SKIP","floor":14.0},{"not_picked":["Reboot","Amplify"],"picked":"Core Surge","floor":16.0},{"not_picked":["Melter+1","Compile Driver"],"picked":"Conserve Battery","floor":18.0},{"not_picked":["Leap","Chaos","Beam Cell"],"picked":"Singing Bowl","floor":20.0},{"not_picked":["FTL","Turbo+1","Reprogram+1"],"picked":"Singing Bowl","floor":22.0},{"not_picked":["Streamline","Sweeping Beam","Stack"],"picked":"Singing Bowl","floor":23.0},{"not_picked":["Barrage","Force Field+1","Rebound+1"],"picked":"Singing Bowl","floor":28.0},{"not_picked":["Glacier","Coolheaded+1"],"picked":"Gash","floor":29.0},{"not_picked":["Turbo","Rainbow","Defragment"],"picked":"Singing Bowl","floor":30.0},{"not_picked":["Redo","Leap","Scrape"],"picked":"Singing Bowl","floor":31.0},{"not_picked":["Meteor Strike","Core Surge","Amplify"],"picked":"Singing Bowl","floor":33.0},{"not_picked":["Skim","Recycle","Conserve Battery"],"picked":"Singing Bowl","floor":35.0},{"not_picked":["Sweeping Beam","Storm+1","Beam Cell+1"],"picked":"Singing Bowl","floor":36.0},{"not_picked":["Consume+1","Steam+1","Cold Snap"],"picked":"Singing Bowl","floor":39.0},{"not_picked":["Lockon","Defragment+1"],"picked":"Seek","floor":40},{"not_picked":["Streamline","Hologram"],"picked":"Darkness","floor":44},{"not_picked":["Compile Driver+1","Steam","Force Field"],"picked":"Singing Bowl","floor":45},{"not_picked":["Consume","Barrage+1","Redo+1"],"picked":"Singing Bowl","floor":46},{"not_picked":["Auto Shields+1","FTL","Go for the Eyes"],"picked":"Singing Bowl","floor":48}],"player_experience":257679,"relics_obtained":[{"floor":9.0,"key":"Boot"},{"floor":10.0,"key":"Symbiotic Virus"},{"floor":11.0,"key":"Darkstone Periapt"},{"floor":13.0,"key":"Art of War"},{"floor":23.0,"key":"Du-Vu Doll"},{"floor":26.0,"key":"Calipers"},{"floor":28.0,"key":"Pen Nib"},{"floor":40,"key":"The Courier"},{"floor":43,"key":"Bag of Preparation"},{"floor":45,"key":"Pear"}],"event_choices":[{"damage_healed":0.0,"max_hp_gain":0.0,"max_hp_loss":0.0,"gold_gain":0.0,"event_name":"The Mausoleum","player_choice":"Opened","floor":21.0,"gold_loss":0.0,"damage_taken":0.0,"relics_obtained":["Mercury Hourglass"],"cards_obtained":["Writhe"]},{"damage_healed":0.0,"max_hp_gain":0.0,"max_hp_loss":0.0,"gold_gain":0.0,"event_name":"Designer","player_choice":"Upgraded Two","floor":25.0,"gold_loss":40.0,"damage_taken":0.0,"cards_upgraded":["Sunder","Defend_B"]},{"cards_removed":["Strike_B"],"damage_healed":0.0,"max_hp_gain":0.0,"max_hp_loss":0.0,"gold_gain":0.0,"event_name":"Falling","player_choice":"Removed Attack","floor":37.0,"gold_loss":0.0,"damage_taken":0.0},{"damage_healed":0,"gold_gain":0,"player_choice":"Copied","damage_taken":0,"max_hp_gain":0,"max_hp_loss":0,"event_name":"Duplicator","floor":47,"gold_loss":0,"cards_obtained":["Genetic Algorithm"]}],"is_beta":false,"boss_relics":[{"not_picked":["Inserter","Philosopher\u0027s Stone"],"picked":"Velvet Choker"},{"not_picked":["Orrery","Pandora\u0027s Box"],"picked":"Astrolabe"}],"items_purged_floors":[19,38,42],"is_endless":false,"potions_floor_spawned":[2,4,7,12,13,14,20,23,30,31,35,36,40,44],"ascension_level":2}