{"gold_per_floor":[111,128,147,46,46,46,46,57,57,74,74,94,94,105,105,201,201,212,92,117,137,150,150,150],"floor_reached":24,"playtime":2315,"items_purged":["Strike_R"],"score":209,"play_id":"e3a0807b-2701-492e-a2cf-78565cbc7718","local_time":"20190316235742","is_ascension_mode":true,"campfire_choices":[{"data":"Inflame","floor":6,"key":"SMITH"},{"data":"True Grit","floor":13,"key":"SMITH"},{"data":"Disarm","floor":15,"key":"SMITH"},{"floor":23,"key":"REST"}],"neow_cost":"NONE","seed_source_timestamp":324329723246559,"circlet_count":0,"master_deck":["Strike_R","Strike_R","Defend_R","Defend_R","Defend_R","Defend_R","Bash","Armaments+1","Flex","Inflame+1","Body Slam","Disarm+1","True Grit+1","Body Slam","Demon Form","Metallicize","Shrug It Off","Heavy Blade"],"relics":["Burning Blood","Pantograph","Empty Cage","Red Mask"],"potions_floor_usage":[20,20,22,24,24],"damage_taken":[{"damage":7,"enemies":"Small Slimes","floor":1,"turns":4},{"damage":6,"enemies":"Cultist","floor":2,"turns":3},{"damage":14,"enemies":"2 Louse","floor":3,"turns":4},{"damage":8,"enemies":"Exordium Thugs","floor":8,"turns":5},{"damage":18,"enemies":"Lots of Slimes","floor":10,"turns":5},{"damage":1,"enemies":"2 Fungi Beasts","floor":12,"turns":5},{"damage":10,"enemies":"3 Louse","floor":14,"turns":5},{"damage":45,"enemies":"Hexaghost","floor":16,"turns":11},{"damage":23,"enemies":"Chosen","floor":18,"turns":8},{"damage":76,"enemies":"Masked Bandits","floor":20,"turns":9},{"damage":0,"enemies":"Shell Parasite","floor":21,"turns":13},{"damage":7,"enemies":"Snecko","floor":22,"turns":7},{"damage":47,"enemies":"Gremlin Leader","floor":24,"turns":9}],"seed_played":"6477801188621299258","potions_obtained":[{"floor":1,"key":"Regen Potion"},{"floor":8,"key":"Fire Potion"},{"floor":14,"key":"Swift Potion"},{"floor":21,"key":"Fire Potion"},{"floor":22,"key":"Dexterity Potion"}],"is_trial":false,"path_per_floor":["M","M","M","$","?","R","$","M","T","M","$","M","R","M","R","B",null,"M","$","?","M","M","R","E"],"character_chosen":"IRONCLAD","items_purchased":["Body Slam","Metallicize","Shrug It Off"],"campfire_rested":1,"item_purchase_floors":[4,19,19],"current_hp_per_floor":[87,87,79,79,79,79,79,77,77,65,65,70,70,66,66,49,88,71,71,16,22,21,47,0],"gold":150,"neow_bonus":"TEN_PERCENT_HP_BONUS","is_prod":false,"is_daily":false,"chose_seed":false,"campfire_upgraded":3,"win_rate":0,"timestamp":1552795062,"path_taken":["M","M","M","$","?","R","?","M","T","M","$","M","R","M","R","BOSS","M","$","?","M","M","R","E"],"build_version":"2019-01-23","purchased_purges":1,"victory":false,"max_hp_per_floor":[88,88,88,88,88,88,88,88,88,88,88,88,88,88,88,88,88,88,88,88,88,88,88,88],"card_choices":[{"not_picked":["Clothesline","Thunderclap"],"picked":"Armaments","floor":1},{"not_picked":["Havoc","Reckless Charge"],"picked":"Flex","floor":2},{"not_picked":["Clothesline","Perfected Strike"],"picked":"Inflame","floor":3},{"not_picked":["Carnage","Hemokinesis"],"picked":"Disarm","floor":8},{"not_picked":["Headbutt","Rampage","Wild Strike"],"picked":"SKIP","floor":10},{"not_picked":["Immolate","Twin Strike"],"picked":"True Grit","floor":12},{"not_picked":["Pommel Strike","Whirlwind"],"picked":"Body Slam","floor":14},{"not_picked":["Feed","Exhume"],"picked":"Demon Form","floor":16},{"not_picked":["Intimidate+1","Feel No Pain","Hemokinesis"],"picked":"SKIP","floor":18},{"not_picked":["Clothesline","Flex"],"picked":"Heavy Blade","floor":21},{"not_picked":["Bloodletting","Clash","Feel No Pain"],"picked":"SKIP","floor":22}],"player_experience":1251750,"relics_obtained":[{"floor":9,"key":"Pantograph"},{"floor":20,"key":"Red Mask"}],"event_choices":[{"damage_healed":0,"gold_gain":0,"player_choice":"Upgraded","damage_taken":0,"max_hp_gain":0,"max_hp_loss":0,"event_name":"Upgrade Shrine","floor":5,"gold_loss":0,"cards_upgraded":["Armaments"]},{"damage_healed":0,"gold_gain":0,"player_choice":"Fought Bandits","damage_taken":0,"max_hp_gain":0,"max_hp_loss":0,"event_name":"Masked Bandits","floor":20,"gold_loss":0}],"is_beta":false,"boss_relics":[{"not_picked":["Snecko Eye","White Beast Statue"],"picked":"Empty Cage"}],"items_purged_floors":[4],"is_endless":false,"potions_floor_spawned":[1,8,14,21,22],"killed_by":"Gremlin Leader","ascension_level":2}