{"gold_per_floor":[16,26,26,43,57,57,132,132,180,22,36,55,19,97,97,172,172,182,182,196,196,196],"floor_reached":22,"playtime":1520,"items_purged":[],"score":308,"play_id":"a6fa9596-bc8d-4988-b227-5dc0961a3382","local_time":"20190314010938","is_ascension_mode":true,"campfire_choices":[{"floor":6.0,"key":"REST"},{"data":"Night Terror","floor":8.0,"key":"SMITH"},{"floor":15.0,"key":"REST"}],"neow_cost":"NO_GOLD","seed_source_timestamp":11537676931907,"circlet_count":0,"master_deck":["AscendersBane","Defend_G","Defend_G","Defend_G","Defend_G","Defend_G","Strike_G","Strike_G","Strike_G","Strike_G","Strike_G","Survivor","Neutralize","Night Terror+1","Sucker Punch+1","Crippling Poison","Well Laid Plans","Backstab","Grand Finale","Noxious Fumes","Bullet Time"],"special_seed":0,"relics":["Ring of the Snake","Vajra","Black Star"],"potions_floor_usage":[20],"damage_taken":[{"damage":13.0,"enemies":"Small Slimes","floor":1.0,"turns":4.0},{"damage":7.0,"enemies":"2 Louse","floor":2.0,"turns":3.0},{"damage":6.0,"enemies":"Cultist","floor":4.0,"turns":4.0},{"damage":16.0,"enemies":"Exordium Wildlife","floor":5.0,"turns":6.0},{"damage":12.0,"enemies":"Exordium Thugs","floor":11.0,"turns":4.0},{"damage":4.0,"enemies":"2 Fungi Beasts","floor":12.0,"turns":4.0},{"damage":13.0,"enemies":"Slime Boss","floor":16.0,"turns":10.0},{"damage":43,"enemies":"3 Byrds","floor":18,"turns":7},{"damage":2,"enemies":"Chosen","floor":20,"turns":6},{"damage":11,"enemies":"Shelled Parasite and Fungi","floor":22,"turns":3}],"seed_played":"2549748523314859870","potions_obtained":[{"floor":4.0,"key":"Block Potion"},{"floor":5.0,"key":"GamblersBrew"},{"floor":18,"key":"GhostInAJar"}],"is_trial":false,"path_per_floor":["M","M","?","M","M","R","?","R","T","$","M","M","$","?","R","B",null,"M","?","M","?","M"],"character_chosen":"THE_SILENT","items_purchased":["Grand Finale","Noxious Fumes"],"campfire_rested":2,"item_purchase_floors":[10,13],"current_hp_per_floor":[46,39,39,33,17,36,25,25,25,25,13,9,9,9,28,15,53,10,10,8,8,0],"gold":196,"neow_bonus":"THREE_RARE_CARDS","is_prod":false,"is_daily":false,"chose_seed":false,"campfire_upgraded":1,"win_rate":0,"timestamp":1552540178,"path_taken":["M","M","?","M","M","R","?","R","T","$","M","M","$","?","R","BOSS","M","?","M","?","?"],"build_version":"2019-01-23","purchased_purges":0,"victory":false,"max_hp_per_floor":[66,66,66,66,66,66,66,66,66,66,66,66,66,66,66,66,66,66,66,66,66,66],"card_choices":[{"not_picked":["Unload","Tools of the Trade"],"picked":"Night Terror","floor":0.0},{"not_picked":["Underhanded Strike","Prepared"],"picked":"Sucker Punch","floor":1.0},{"not_picked":["Poisoned Stab","Prepared"],"picked":"Crippling Poison","floor":2.0},{"not_picked":["Deadly Poison","Setup"],"picked":"Well Laid Plans","floor":4.0},{"not_picked":["Underhanded Strike","Cloak And Dagger"],"picked":"Backstab","floor":5.0},{"not_picked":["Deflect","Concentrate","Poisoned Stab"],"picked":"SKIP","floor":11.0},{"not_picked":["Escape Plan","Slice","Sucker Punch"],"picked":"SKIP","floor":12.0},{"not_picked":["Glass Knife","Venomology"],"picked":"Bullet Time","floor":16.0},{"not_picked":["Sucker Punch","Skewer","Dodge and Roll"],"picked":"SKIP","floor":18},{"not_picked":["Dodge and Roll+1","Reflex","Sucker Punch"],"picked":"SKIP","floor":20}],"player_experience":712164,"relics_obtained":[{"floor":9.0,"key":"Vajra"}],"event_choices":[{"damage_healed":0.0,"max_hp_gain":0.0,"max_hp_loss":0.0,"gold_gain":0.0,"event_name":"Golden Idol","player_choice":"Ignored","floor":3.0,"gold_loss":0.0,"damage_taken":0.0},{"damage_healed":0.0,"max_hp_gain":0.0,"max_hp_loss":0.0,"gold_gain":75.0,"event_name":"World of Goop","player_choice":"Gather Gold","floor":7.0,"gold_loss":0.0,"damage_taken":11.0},{"damage_healed":0.0,"max_hp_gain":0.0,"max_hp_loss":0.0,"gold_gain":78.0,"event_name":"Golden Wing","player_choice":"Gained Gold","floor":14.0,"gold_loss":0.0,"damage_taken":0.0},{"damage_healed":0,"gold_gain":0,"player_choice":"Ignored","damage_taken":0,"max_hp_gain":0,"max_hp_loss":0,"event_name":"Cursed Tome","floor":19,"gold_loss":0},{"damage_healed":0,"gold_gain":0,"player_choice":"Forge","damage_taken":0,"max_hp_gain":0,"max_hp_loss":0,"event_name":"Accursed Blacksmith","floor":21,"gold_loss":0,"cards_upgraded":["Sucker Punch"]}],"is_beta":false,"boss_relics":[{"not_picked":["Fusion Hammer","Lizard Tail"],"picked":"Black Star"}],"items_purged_floors":[],"is_endless":false,"potions_floor_spawned":[4,5,11,18],"killed_by":"Shelled Parasite and Fungi","ascension_level":15}