{"gold_per_floor":[116,128,128,148,98,98,129,146,146,157,157,169,19,38,38,141,141,154,154,154,170,183,218,218,250,250,250,250,3,3,21,21,116,116,128,140,140,160,171,199,199,231,231,231,285,313,326,344,344,344],"floor_reached":50,"playtime":2484,"items_purged":["Shrug It Off"],"score":949,"play_id":"2a4726cc-306d-4e7c-84b2-75be80703ecd","local_time":"20190206220617","is_ascension_mode":true,"campfire_choices":[{"data":"Searing Blow","floor":6.0,"key":"SMITH"},{"data":"Searing Blow+1","floor":15.0,"key":"SMITH"},{"floor":24.0,"key":"REST"},{"data":"Searing Blow+2","floor":27.0,"key":"SMITH"},{"floor":32.0,"key":"REST"},{"data":"Searing Blow+3","floor":41.0,"key":"SMITH"},{"floor":49.0,"key":"RECALL"}],"neow_cost":"PERCENT_DAMAGE","seed_source_timestamp":325300485917327,"circlet_count":0,"master_deck":["AscendersBane","Strike_R+1","Strike_R+1","Strike_R+1","Defend_R+1","Defend_R+1","Defend_R+1","Defend_R+1","Bash","Thunderclap","Searing Blow+4","Warcry+1","Infernal Blade+1","Bludgeon","Armaments","Disarm","Feed","Warcry+1","Fiend Fire","Warcry+1","Metallicize+1","Double Tap","Seeing Red+1","Havoc+1","Battle Trance","Bloodletting+1","Shame","Havoc+1","Parasite","Armaments+1","Impervious"],"special_seed":0,"relics":["Burning Blood","Prayer Wheel","Ornamental Fan","Pear","Bag of Marbles","Runic Pyramid","Shuriken","Anchor","War Paint","Pantograph","Tiny Chest","Sundial","Cursed Key","Orichalcum","Potion Belt","Bird Faced Urn","Torii"],"potions_floor_usage":[50,50],"damage_taken":[{"damage":1.0,"enemies":"Cultist","floor":1.0,"turns":4.0},{"damage":5.0,"enemies":"Small Slimes","floor":2.0,"turns":3.0},{"damage":8.0,"enemies":"Jaw Worm","floor":4.0,"turns":4.0},{"damage":33.0,"enemies":"Gremlin Nob","floor":7.0,"turns":5.0},{"damage":5.0,"enemies":"Red Slaver","floor":8.0,"turns":4.0},{"damage":12.0,"enemies":"Lots of Slimes","floor":10.0,"turns":4.0},{"damage":8.0,"enemies":"Blue Slaver","floor":12.0,"turns":3.0},{"damage":0.0,"enemies":"2 Fungi Beasts","floor":14.0,"turns":2.0},{"damage":16.0,"enemies":"The Guardian","floor":16.0,"turns":12.0},{"damage":22.0,"enemies":"Spheric Guardian","floor":18.0,"turns":4.0},{"damage":14.0,"enemies":"2 Thieves","floor":21.0,"turns":3.0},{"damage":12.0,"enemies":"Centurion and Healer","floor":22.0,"turns":9.0},{"damage":27.0,"enemies":"Gremlin Leader","floor":23.0,"turns":6.0},{"damage":58.0,"enemies":"Book of Stabbing","floor":25.0,"turns":5.0},{"damage":10.0,"enemies":"Shelled Parasite and Fungi","floor":31.0,"turns":4.0},{"damage":22.0,"enemies":"Champ","floor":33.0,"turns":10.0},{"damage":39.0,"enemies":"3 Darklings","floor":35.0,"turns":11.0},{"damage":2.0,"enemies":"Orb Walker","floor":36.0,"turns":2.0},{"damage":0.0,"enemies":"Jaw Worm Horde","floor":38.0,"turns":3.0},{"damage":0.0,"enemies":"Transient","floor":39.0,"turns":5.0},{"damage":41.0,"enemies":"Giant Head","floor":40.0,"turns":7.0},{"damage":20.0,"enemies":"Nemesis","floor":42.0,"turns":3.0},{"damage":9.0,"enemies":"2 Orb Walkers","floor":45.0,"turns":4.0},{"damage":50.0,"enemies":"Giant Head","floor":46.0,"turns":7.0},{"damage":1.0,"enemies":"Writhing Mass","floor":47.0,"turns":4.0},{"damage":22.0,"enemies":"Jaw Worm Horde","floor":48.0,"turns":4.0},{"damage":120,"enemies":"Donu and Deca","floor":50,"turns":8}],"seed_played":"3729691978286727930","potions_obtained":[{"floor":2.0,"key":"Energy Potion"},{"floor":4.0,"key":"Swift Potion"},{"floor":8.0,"key":"LiquidBronze"},{"floor":14.0,"key":"Block Potion"},{"floor":23.0,"key":"Fire Potion"},{"floor":31.0,"key":"SteroidPotion"},{"floor":37.0,"key":"Strength Potion"},{"floor":37.0,"key":"Fruit Juice"},{"floor":37.0,"key":"SneckoOil"},{"floor":42.0,"key":"EssenceOfSteel"},{"floor":45.0,"key":"FairyPotion"},{"floor":46.0,"key":"SpeedPotion"},{"floor":48.0,"key":"Fire Potion"}],"is_trial":false,"path_per_floor":["M","M","?","M","?","R","E","M","T","M","?","M","$","M","R","B",null,"M","?","?","M","M","E","R","E","T","R","T","$","T","M","R","B",null,"M","M","?","M","M","E","R","E","T","?","?","E","M","M","R","B"],"character_chosen":"IRONCLAD","items_purchased":["Bag of Marbles","Tiny Chest","FearPotion"],"campfire_rested":2,"item_purchase_floors":[13,29,29],"current_hp_per_floor":[56,57,50,48,48,48,21,22,32,26,100,98,98,100,100,90,98,85,85,85,80,78,57,90,38,38,38,38,38,38,34,67,76,102,73,80,85,94,100,69,69,55,55,113,110,68,75,65,65,0],"gold":344,"neow_bonus":"ONE_RARE_RELIC","is_prod":false,"is_daily":false,"chose_seed":false,"campfire_upgraded":4,"win_rate":0,"timestamp":1549487177,"path_taken":["M","M","?","M","?","R","E","M","T","M","?","?","?","M","R","BOSS","M","?","?","?","M","E","R","E","T","R","?","$","?","M","R","BOSS","M","M","?","M","?","E","R","E","T","?","?","E","M","M","R","BOSS"],"build_version":"2019-01-23","purchased_purges":1,"victory":false,"max_hp_per_floor":[80,80,80,80,80,80,80,80,90,90,100,100,100,100,100,100,100,103,103,103,106,110,110,110,110,110,110,110,110,110,110,110,110,110,114,117,122,125,125,129,129,129,129,113,113,113,113,117,117,117],"card_choices":[{"not_picked":["Headbutt","Rupture"],"picked":"Thunderclap","floor":1.0},{"not_picked":["Body Slam","Metallicize"],"picked":"Searing Blow","floor":1.0},{"not_picked":["Pommel Strike","Twin Strike"],"picked":"Warcry","floor":2.0},{"not_picked":["Sword Boomerang","Combust"],"picked":"Infernal Blade","floor":2.0},{"not_picked":["Sever Soul","Headbutt"],"picked":"Bludgeon","floor":4.0},{"not_picked":["Rampage","Sword Boomerang"],"picked":"Shrug It Off","floor":4.0},{"not_picked":["True Grit","Cleave","Infernal Blade"],"picked":"SKIP","floor":7.0},{"not_picked":["Pommel Strike","Perfected Strike","Sword Boomerang"],"picked":"SKIP","floor":8.0},{"not_picked":["True Grit","Warcry","Headbutt"],"picked":"SKIP","floor":8.0},{"not_picked":["Anger","Body Slam"],"picked":"Impervious","floor":10.0},{"not_picked":["Wild Strike","Sword Boomerang","Cleave"],"picked":"SKIP","floor":10.0},{"not_picked":["Inflame","Entrench"],"picked":"Armaments","floor":12.0},{"not_picked":["Flex","Warcry","Thunderclap"],"picked":"SKIP","floor":12.0},{"not_picked":["Havoc","Clash"],"picked":"Disarm","floor":14.0},{"not_picked":["Heavy Blade","Thunderclap","Sever Soul"],"picked":"SKIP","floor":14.0},{"not_picked":["Limit Break","Bludgeon"],"picked":"Feed","floor":16.0},{"not_picked":["Sword Boomerang+1","Anger+1"],"picked":"Warcry+1","floor":18.0},{"not_picked":["Flame Barrier+1","Havoc","Entrench"],"picked":"SKIP","floor":18.0},{"not_picked":["Heavy Blade","Metallicize","Limit Break"],"picked":"SKIP","floor":21.0},{"not_picked":["Flex","Perfected Strike","Clash"],"picked":"SKIP","floor":21.0},{"not_picked":["Clothesline","Cleave+1"],"picked":"Fiend Fire","floor":22.0},{"not_picked":["Perfected Strike","Fire Breathing+1","Flex"],"picked":"SKIP","floor":22.0},{"not_picked":["Iron Wave+1","Clash+1"],"picked":"Warcry+1","floor":23.0},{"not_picked":["Rupture+1","True Grit","Heavy Blade"],"picked":"SKIP","floor":25.0},{"not_picked":["Pommel Strike+1","Pummel"],"picked":"Metallicize+1","floor":31.0},{"not_picked":["Thunderclap","Heavy Blade+1","Havoc"],"picked":"SKIP","floor":31.0},{"not_picked":["Berserk","Limit Break"],"picked":"Double Tap","floor":33.0},{"not_picked":["Heavy Blade+1","Anger"],"picked":"Seeing Red+1","floor":35.0},{"not_picked":["Warcry+1","Hemokinesis","Body Slam"],"picked":"SKIP","floor":35.0},{"not_picked":["Sword Boomerang+1","Clash"],"picked":"Havoc+1","floor":36.0},{"not_picked":["Limit Break","Flex","Headbutt"],"picked":"SKIP","floor":36.0},{"not_picked":["Clash","Rage","Warcry"],"picked":"SKIP","floor":38.0},{"not_picked":["Inflame","Wild Strike","Seeing Red"],"picked":"SKIP","floor":38.0},{"not_picked":["Iron Wave","Pommel Strike"],"picked":"Battle Trance","floor":39.0},{"not_picked":["Berserk","Headbutt+1","Clash+1"],"picked":"SKIP","floor":39.0},{"not_picked":["Limit Break","Sword Boomerang+1","Armaments"],"picked":"SKIP","floor":40.0},{"not_picked":["Anger","Bludgeon"],"picked":"Bloodletting+1","floor":42.0},{"not_picked":["Iron Wave","Heavy Blade+1"],"picked":"Havoc+1","floor":46.0},{"not_picked":["Warcry","Cleave+1"],"picked":"Armaments+1","floor":47.0},{"not_picked":["Pummel","Sword Boomerang+1","Clothesline"],"picked":"SKIP","floor":47.0},{"not_picked":["Twin Strike+1","Armaments+1"],"picked":"Impervious","floor":48.0},{"not_picked":["Rage","Entrench","Shockwave+1"],"picked":"SKIP","floor":48.0}],"player_experience":998271,"relics_obtained":[{"floor":7.0,"key":"Ornamental Fan"},{"floor":9.0,"key":"Pear"},{"floor":23.0,"key":"Shuriken"},{"floor":25.0,"key":"Anchor"},{"floor":26.0,"key":"War Paint"},{"floor":28.0,"key":"Pantograph"},{"floor":30.0,"key":"Sundial"},{"floor":40.0,"key":"Orichalcum"},{"floor":42.0,"key":"Potion Belt"},{"floor":45.0,"key":"Bird Faced Urn"},{"floor":46.0,"key":"Torii"}],"event_choices":[{"cards_removed":["Strike_R"],"damage_healed":0.0,"max_hp_gain":0.0,"max_hp_loss":0.0,"gold_gain":0.0,"event_name":"Golden Wing","player_choice":"Card Removal","floor":3.0,"gold_loss":0.0,"damage_taken":7.0},{"cards_removed":["Strike_R"],"damage_healed":0.0,"max_hp_gain":0.0,"max_hp_loss":0.0,"gold_gain":0.0,"event_name":"The Cleric","player_choice":"Card Removal","floor":5.0,"gold_loss":50.0,"damage_taken":0.0},{"cards_removed":["Impervious"],"damage_healed":64.0,"max_hp_gain":10.0,"max_hp_loss":0.0,"gold_gain":0.0,"event_name":"Bonfire Elementals","player_choice":"Offered Rare","floor":11.0,"gold_loss":0.0,"damage_taken":0.0},{"damage_healed":0.0,"max_hp_gain":0.0,"max_hp_loss":0.0,"gold_gain":0.0,"event_name":"Ghosts","player_choice":"Ignored","floor":19.0,"gold_loss":0.0,"damage_taken":0.0},{"damage_healed":0.0,"max_hp_gain":0.0,"max_hp_loss":0.0,"gold_gain":0.0,"event_name":"Back to Basics","player_choice":"Simplicity","floor":20.0,"gold_loss":0.0,"damage_taken":0.0,"cards_upgraded":["Strike_R","Strike_R","Strike_R","Defend_R","Defend_R","Defend_R","Defend_R"]},{"damage_healed":0.0,"max_hp_gain":0.0,"max_hp_loss":0.0,"gold_gain":0.0,"event_name":"Lab","player_choice":"Got Potions","floor":37.0,"gold_loss":0.0,"damage_taken":0.0},{"damage_healed":113.0,"max_hp_gain":0.0,"max_hp_loss":16.0,"gold_gain":0.0,"event_name":"The Moai Head","player_choice":"Heal","floor":44.0,"gold_loss":0.0,"damage_taken":0.0},{"damage_healed":0.0,"max_hp_gain":0.0,"max_hp_loss":0.0,"gold_gain":0.0,"event_name":"Mysterious Sphere","player_choice":"Fight","floor":45.0,"gold_loss":0.0,"damage_taken":0.0}],"is_beta":false,"boss_relics":[{"not_picked":["Lizard Tail","Orrery"],"picked":"Runic Pyramid"},{"not_picked":["Tiny House","Empty Cage"],"picked":"Cursed Key"}],"items_purged_floors":[29],"is_endless":false,"potions_floor_spawned":[2,4,8,14,23,31,42,45,46,48],"killed_by":"Donu and Deca","ascension_level":10}