{"gold_per_floor":[109,109,109,126,17,17,45,61,61,78,78,28,28,63,63,168,168,180,48,98,148,165,165,191,202,202,202,252,264,264,299,299,402,402,418,537,633,139,155,185,185,199,247,247,54,70,103,153,153,153],"floor_reached":51,"playtime":1758,"items_purged":["Defend_B","Defend_B","Strike_B","Strike_B","Auto Shields+1"],"score":887,"play_id":"e9082ed6-fc5d-4d06-a8b3-f8877c0d4abc","local_time":"20190214175222","is_ascension_mode":true,"campfire_choices":[{"data":"Zap","floor":6.0,"key":"SMITH"},{"floor":11.0,"key":"REST"},{"data":"Dualcast","floor":15.0,"key":"SMITH"},{"data":"Defragment","floor":23.0,"key":"SMITH"},{"floor":27.0,"key":"REST"},{"data":"Tempest","floor":30.0,"key":"SMITH"},{"data":"Auto Shields","floor":32.0,"key":"SMITH"},{"floor":41,"key":"DIG"},{"floor":44,"key":"DIG"},{"floor":49,"key":"REST"}],"neow_cost":"PERCENT_DAMAGE","seed_source_timestamp":25339455587468,"circlet_count":0,"master_deck":["Strike_B","Defend_B","Zap+1","Dualcast+1","Beam Cell","BootSequence","Tempest+1","Cold Snap","Echo Form","Defragment+1","Defragment+1","Defragment+1","Defragment+1","Cold Snap+1","Reboot","Seek","Glacier","Amplify","Coolheaded+1","Defragment+1"],"special_seed":0,"relics":["Cracked Core","Mango","Sundial","Smiling Mask","SsserpentHead","Dream Catcher","Runic Dome","Ginger","Bottled Flame","Pen Nib","Sozu","Shovel","Calipers","Gremlin Horn","Question Card","Pear","Bag of Marbles","Vajra"],"potions_floor_usage":[37],"damage_taken":[{"damage":0.0,"enemies":"Cultist","floor":1.0,"turns":3.0},{"damage":1.0,"enemies":"Jaw Worm","floor":4.0,"turns":3.0},{"damage":52.0,"enemies":"3 Sentries","floor":7.0,"turns":9.0},{"damage":0.0,"enemies":"Small Slimes","floor":8.0,"turns":2.0},{"damage":0.0,"enemies":"3 Louse","floor":10.0,"turns":4.0},{"damage":7.0,"enemies":"Gremlin Nob","floor":14.0,"turns":3.0},{"damage":18.0,"enemies":"The Guardian","floor":16.0,"turns":11.0},{"damage":3.0,"enemies":"Shell Parasite","floor":18.0,"turns":5.0},{"damage":1.0,"enemies":"Chosen","floor":22.0,"turns":4.0},{"damage":31.0,"enemies":"Book of Stabbing","floor":24.0,"turns":5.0},{"damage":27.0,"enemies":"Sentry and Sphere","floor":25.0,"turns":4.0},{"damage":1.0,"enemies":"Cultist and Chosen","floor":29.0,"turns":5.0},{"damage":4.0,"enemies":"Gremlin Leader","floor":31.0,"turns":5.0},{"damage":27.0,"enemies":"Collector","floor":33.0,"turns":8.0},{"damage":0.0,"enemies":"3 Shapes","floor":35.0,"turns":4.0},{"damage":0.0,"enemies":"Orb Walker","floor":36.0,"turns":3.0},{"damage":23,"enemies":"2 Orb Walkers","floor":37,"turns":4},{"damage":0,"enemies":"4 Shapes","floor":39,"turns":6},{"damage":24,"enemies":"Reptomancer","floor":40,"turns":8},{"damage":0,"enemies":"Spire Growth","floor":42,"turns":5},{"damage":0,"enemies":"Transient","floor":46,"turns":5},{"damage":0,"enemies":"Giant Head","floor":47,"turns":6},{"damage":40,"enemies":"Awakened One","floor":50,"turns":11}],"seed_played":"-467318783040608997","potions_obtained":[{"floor":10.0,"key":"GamblersBrew"},{"floor":16.0,"key":"Ancient Potion"},{"floor":22.0,"key":"SneckoOil"},{"floor":25.0,"key":"Regen Potion"},{"floor":29.0,"key":"Dexterity Potion"}],"is_trial":false,"path_per_floor":["M","?","?","M","$","R","E","M","T","M","R","$","?","E","R","B",null,"M","$","?","?","M","R","E","M","T","R","?","M","R","E","R","B",null,"M","M","?","$","M","E","R","M","T","R","$","M","E","?","R","B",null],"character_chosen":"DEFECT","items_purchased":["BootSequence","Defragment","Amplify","Calipers","Bag of Marbles"],"campfire_rested":3,"item_purchase_floors":[5,19,38,38,45],"current_hp_per_floor":[68,61,61,60,60,60,8,8,8,8,34,34,34,27,27,9,89,86,86,86,69,68,68,37,10,10,38,38,51,51,47,47,20,94,94,94,71,71,71,47,47,47,47,57,57,57,57,57,88,48],"gold":153,"neow_bonus":"ONE_RARE_RELIC","is_prod":false,"is_daily":false,"chose_seed":false,"campfire_upgraded":5,"win_rate":0,"timestamp":1550163142,"path_taken":["M","?","?","?","?","R","E","M","T","M","R","$","?","E","R","BOSS","M","$","?","?","M","R","E","M","T","R","?","M","R","E","R","BOSS","M","?","?","$","M","E","R","M","T","R","$","M","E","?","R","BOSS"],"build_version":"2019-01-23","purchased_purges":5,"victory":true,"max_hp_per_floor":[89,89,89,89,89,89,89,89,89,89,89,89,89,89,89,89,89,89,89,89,94,94,94,94,94,94,94,94,94,94,94,94,94,94,94,94,94,94,94,94,94,94,94,104,104,104,104,104,104,104],"card_choices":[{"not_picked":["Gash","Sweeping Beam","Rip and Tear"],"picked":"SKIP","floor":1.0},{"not_picked":["Turbo","Leap"],"picked":"Beam Cell","floor":4.0},{"not_picked":["Streamline","Leap"],"picked":"Tempest","floor":7.0},{"not_picked":["Doom and Gloom","Go for the Eyes"],"picked":"Auto Shields","floor":8.0},{"not_picked":["Redo","Stack"],"picked":"Cold Snap","floor":10.0},{"not_picked":["Machine Learning","Stack","Steam"],"picked":"SKIP","floor":14.0},{"not_picked":["Core Surge","Buffer"],"picked":"Echo Form","floor":16.0},{"not_picked":["Coolheaded","Blizzard"],"picked":"Defragment+1","floor":18.0},{"not_picked":["Leap+1","Stack"],"picked":"Defragment","floor":22.0},{"not_picked":["Steam","Reinforced Body"],"picked":"Defragment+1","floor":24.0},{"not_picked":["Ball Lightning","Hologram"],"picked":"Cold Snap+1","floor":25.0},{"not_picked":["Hello World","Redo+1","Steam"],"picked":"SKIP","floor":29.0},{"not_picked":["Barrage+1","Hello World"],"picked":"Reboot","floor":31.0},{"not_picked":["Reboot","Machine Learning"],"picked":"Seek","floor":33.0},{"not_picked":["Rebound+1","Chaos","Auto Shields"],"picked":"SKIP","floor":35.0},{"not_picked":["Lockon","Auto Shields","Static Discharge"],"picked":"SKIP","floor":36},{"not_picked":["Self Repair+1","White Noise+1"],"picked":"Glacier","floor":37},{"not_picked":["Lockon+1","Hologram+1","Sweeping Beam+1"],"picked":"SKIP","floor":39},{"not_picked":["Hello World+1","Aggregate+1","Beam Cell"],"picked":"SKIP","floor":40},{"not_picked":["Gash","Self Repair+1","Lockon+1"],"picked":"Coolheaded+1","floor":42},{"not_picked":["Redo+1","Gash+1","Go for the Eyes+1","Stack"],"picked":"SKIP","floor":46},{"not_picked":["Aggregate+1","Darkness","Coolheaded","Tempest"],"picked":"SKIP","floor":47}],"player_experience":1074481,"relics_obtained":[{"floor":7.0,"key":"Sundial"},{"floor":9.0,"key":"Smiling Mask"},{"floor":14.0,"key":"Dream Catcher"},{"floor":24.0,"key":"Ginger"},{"floor":26.0,"key":"Bottled Flame"},{"floor":31.0,"key":"Pen Nib"},{"floor":37,"key":"Shovel"},{"floor":40,"key":"Gremlin Horn"},{"floor":41,"key":"Question Card"},{"floor":44,"key":"Pear"},{"floor":47,"key":"Vajra"}],"event_choices":[{"cards_removed":["Strike_B"],"damage_healed":0.0,"max_hp_gain":0.0,"max_hp_loss":0.0,"gold_gain":0.0,"event_name":"Golden Wing","player_choice":"Card Removal","floor":2.0,"gold_loss":0.0,"damage_taken":7.0},{"cards_removed":["Defend_B"],"damage_healed":0.0,"max_hp_gain":0.0,"max_hp_loss":0.0,"gold_gain":0.0,"event_name":"Bonfire Elementals","player_choice":"Offered Basic","floor":3.0,"gold_loss":0.0,"damage_taken":0.0},{"damage_healed":0.0,"max_hp_gain":0.0,"max_hp_loss":0.0,"gold_gain":0.0,"event_name":"FaceTrader","player_choice":"Trade","floor":13.0,"gold_loss":0.0,"damage_taken":0.0,"relics_obtained":["SsserpentHead"]},{"damage_healed":0.0,"max_hp_gain":0.0,"max_hp_loss":0.0,"gold_gain":0.0,"event_name":"Ghosts","player_choice":"Ignored","floor":20.0,"gold_loss":0.0,"damage_taken":0.0},{"damage_healed":0.0,"max_hp_gain":5.0,"max_hp_loss":0.0,"gold_gain":0.0,"event_name":"Forgotten Altar","player_choice":"Shed Blood","floor":21.0,"gold_loss":0.0,"damage_taken":22.0},{"damage_healed":0.0,"max_hp_gain":0.0,"max_hp_loss":0.0,"gold_gain":0.0,"event_name":"Accursed Blacksmith","player_choice":"Forge","floor":28.0,"gold_loss":0.0,"damage_taken":0.0,"cards_upgraded":["Defragment"]},{"damage_healed":0,"gold_gain":0,"player_choice":"Fight","damage_taken":0,"max_hp_gain":0,"max_hp_loss":0,"event_name":"Mysterious Sphere","floor":37,"gold_loss":0},{"damage_healed":0,"gold_gain":0,"player_choice":"Copied","damage_taken":0,"max_hp_gain":0,"max_hp_loss":0,"event_name":"Duplicator","floor":48,"gold_loss":0,"cards_obtained":["Defragment"]}],"is_beta":false,"boss_relics":[{"not_picked":["Fusion Hammer","Empty Cage"],"picked":"Runic Dome"},{"not_picked":["Runic Pyramid","White Beast Statue"],"picked":"Sozu"}],"items_purged_floors":[5,12,19,38,45],"is_endless":false,"potions_floor_spawned":[10,16,22,25,29,35,36,42],"ascension_level":1}