{"gold_per_floor":[114,114,39,63,63,63,101,101,101,101,137,137,150,165,165,264,264,285,300,318,41,60,60,60],"floor_reached":24,"playtime":910,"items_purged":[],"score":402,"play_id":"ea1771a6-9504-4b21-9e8b-b441b5b534b5","local_time":"20181012205118","is_ascension_mode":true,"campfire_choices":[{"data":"Cloak And Dagger","floor":6.0,"key":"SMITH"},{"floor":8.0,"key":"REST"},{"data":"A Thousand Cuts","floor":10.0,"key":"SMITH"},{"data":"Storm of Steel","floor":12.0,"key":"SMITH"},{"data":"Neutralize","floor":15.0,"key":"SMITH"},{"floor":23,"key":"REST"}],"neow_cost":"TEN_PERCENT_HP_LOSS","seed_source_timestamp":99954396845623,"circlet_count":0,"master_deck":["Defend_G","Defend_G","Defend_G","Defend_G","Defend_G","Strike_G","Strike_G","Strike_G","Strike_G","Strike_G","Survivor","Neutralize+1","AscendersBane","Storm of Steel+1","Backflip","Cloak And Dagger+1","A Thousand Cuts+1","Endless Agony","Backflip","Quick Slash","Adrenaline","Cloak And Dagger","Finisher"],"special_seed":0,"relics":["Ring of the Snake","Golden Idol","Ninja Scroll","Centennial Puzzle","Art of War","Darkstone Periapt","Black Star","Shuriken"],"potions_floor_usage":[22,22,24],"damage_taken":[{"damage":2.0,"enemies":"Small Slimes","floor":1.0,"turns":4.0},{"damage":1.0,"enemies":"Cultist","floor":4.0,"turns":3.0},{"damage":47.0,"enemies":"Gremlin Nob","floor":7.0,"turns":5.0},{"damage":4.0,"enemies":"3 Sentries","floor":11.0,"turns":2.0},{"damage":2.0,"enemies":"2 Louse","floor":13.0,"turns":2.0},{"damage":0.0,"enemies":"Exordium Wildlife","floor":14.0,"turns":1.0},{"damage":11.0,"enemies":"Slime Boss","floor":16.0,"turns":7.0},{"damage":8.0,"enemies":"Shell Parasite","floor":18.0,"turns":6.0},{"damage":9.0,"enemies":"2 Thieves","floor":19.0,"turns":4.0},{"damage":29.0,"enemies":"Snecko","floor":20.0,"turns":6.0},{"damage":12,"enemies":"Snake Plant","floor":22,"turns":3},{"damage":24,"enemies":"Book of Stabbing","floor":24,"turns":4}],"seed_played":"1258318644809813290","potions_obtained":[{"floor":7.0,"key":"SneckoOil"},{"floor":11.0,"key":"EssenceOfSteel"},{"floor":14.0,"key":"LiquidBronze"},{"floor":18.0,"key":"EssenceOfSteel"},{"floor":19.0,"key":"Regen Potion"},{"floor":20.0,"key":"FearPotion"},{"floor":22,"key":"EssenceOfSteel"}],"is_trial":false,"path_per_floor":["M","?","?","M","T","R","E","R","T","R","E","R","M","M","R","B",null,"M","M","M","$","M","R"],"character_chosen":"THE_SILENT","items_purchased":["Shuriken"],"campfire_rested":2,"item_purchase_floors":[21],"current_hp_per_floor":[57,57,57,56,56,56,9,27,27,27,23,23,21,21,21,10,48,40,31,17,17,5,23,0],"gold":60,"neow_bonus":"THREE_RARE_CARDS","is_prod":false,"is_daily":false,"chose_seed":false,"campfire_upgraded":4,"win_rate":0,"timestamp":1539370278,"path_taken":["M","?","?","M","?","R","E","R","T","R","E","R","?","M","R","BOSS","M","M","M","$","M","R","E"],"build_version":"2018-10-11","purchased_purges":0,"victory":false,"max_hp_per_floor":[60,60,60,60,60,60,60,60,60,60,60,60,60,60,60,60,60,60,60,60,60,60,60,60],"card_choices":[{"not_picked":["Night Terror","Unload"],"picked":"Storm of Steel","floor":0.0},{"not_picked":["Choke","Blur"],"picked":"Backflip","floor":1.0},{"not_picked":["Deadly Poison","Blade Dance"],"picked":"Cloak And Dagger","floor":4.0},{"not_picked":["Acrobatics","Poisoned Stab"],"picked":"A Thousand Cuts","floor":7.0},{"not_picked":["Deflect","Slice"],"picked":"Endless Agony","floor":11.0},{"not_picked":["Prepared","Deadly Poison"],"picked":"Backflip","floor":13.0},{"not_picked":["Bane","Deflect"],"picked":"Quick Slash","floor":14.0},{"not_picked":["Corpse Explosion","Doppelganger"],"picked":"Adrenaline","floor":16.0},{"not_picked":["Sucker Punch","Heel Hook","Outmaneuver"],"picked":"SKIP","floor":18.0},{"not_picked":["Quick Slash","Catalyst","PiercingWail"],"picked":"SKIP","floor":19.0},{"not_picked":["Deflect","Underhanded Strike"],"picked":"Cloak And Dagger","floor":20.0},{"not_picked":["Dash+1","Heel Hook"],"picked":"Finisher","floor":22}],"player_experience":826006,"relics_obtained":[{"floor":5.0,"key":"Ninja Scroll"},{"floor":7.0,"key":"Centennial Puzzle"},{"floor":9.0,"key":"Art of War"},{"floor":11.0,"key":"Darkstone Periapt"}],"event_choices":[{"event_name":"Golden Idol","player_choice":"Take Wound","floor":2.0,"damage_taken":0.0},{"event_name":"The Cleric","player_choice":"Card Removal","floor":3.0,"damage_taken":0.0}],"is_beta":false,"boss_relics":[{"not_picked":["Velvet Choker","Philosopher\u0027s Stone"],"picked":"Black Star"}],"items_purged_floors":[],"is_endless":false,"potions_floor_spawned":[7,11,14,18,19,20,22],"killed_by":"Book of Stabbing","ascension_level":19}