{"gold_per_floor":[365,1,79,95,8,35,35,49,49,81,81,81,104,129,129,258,258,276,276,296,317,85,121,121,161,161,175,24,24,55,70,70,190,190,209,225,244,22,47,47,81,96,122,145,160,160,160,204,204,204],"floor_reached":51,"playtime":7655,"items_purged":["Strike_R","Injury","Normality"],"score":877,"play_id":"bae0f4fe-f463-4b2f-b834-e50de34f19d3","local_time":"20190120021423","is_ascension_mode":true,"campfire_choices":[{"floor":11.0,"key":"REST"},{"floor":15.0,"key":"REST"},{"floor":24.0,"key":"REST"},{"data":"Pommel Strike","floor":29.0,"key":"SMITH"},{"data":"Pommel Strike","floor":32.0,"key":"SMITH"},{"floor":40.0,"key":"REST"},{"floor":47,"key":"REST"},{"floor":49,"key":"REST"}],"neow_cost":"CURSE","seed_source_timestamp":0,"circlet_count":0,"master_deck":["Strike_R","Strike_R","Strike_R","Strike_R","Defend_R","Defend_R","Defend_R","Defend_R","Bash","Shrug It Off","Feed","Master of Strategy","Battle Trance","Finesse","Pommel Strike+1","Clash","Anger","Flex","Feed","Pommel Strike+1","Anger","Headbutt+1","Shame","Injury","Shrug It Off+1"],"special_seed":0,"relics":["Burning Blood","Shuriken","Self Forming Clay","Darkstone Periapt","Golden Idol","Busted Crown","Vajra","PreservedInsect","Lantern","Singing Bowl","Blood Vial","Calling Bell","Anchor","Sundial","Turnip","Blue Candle","Happy Flower","Pocketwatch"],"potions_floor_usage":[41,41,48],"damage_taken":[{"damage":7.0,"enemies":"2 Louse","floor":1.0,"turns":3.0},{"damage":14.0,"enemies":"Small Slimes","floor":4.0,"turns":4.0},{"damage":50.0,"enemies":"Gremlin Nob","floor":6.0,"turns":6.0},{"damage":0.0,"enemies":"Cultist","floor":8.0,"turns":3.0},{"damage":30.0,"enemies":"Lagavulin","floor":10.0,"turns":7.0},{"damage":13.0,"enemies":"Large Slime","floor":13.0,"turns":7.0},{"damage":6.0,"enemies":"Looter","floor":14.0,"turns":4.0},{"damage":30.0,"enemies":"The Guardian","floor":16.0,"turns":11.0},{"damage":19.0,"enemies":"Shell Parasite","floor":18.0,"turns":5.0},{"damage":10.0,"enemies":"3 Byrds","floor":20.0,"turns":4.0},{"damage":6.0,"enemies":"Cultist and Chosen","floor":21.0,"turns":6.0},{"damage":30.0,"enemies":"Slavers","floor":23.0,"turns":5.0},{"damage":36.0,"enemies":"Book of Stabbing","floor":25.0,"turns":5.0},{"damage":0.0,"enemies":"Snecko","floor":27.0,"turns":2.0},{"damage":2.0,"enemies":"Slavers","floor":30.0,"turns":3.0},{"damage":12.0,"enemies":"Shelled Parasite and Fungi","floor":31.0,"turns":4.0},{"damage":48.0,"enemies":"Collector","floor":33.0,"turns":4.0},{"damage":11.0,"enemies":"Orb Walker","floor":35.0,"turns":3.0},{"damage":43.0,"enemies":"3 Darklings","floor":36.0,"turns":8.0},{"damage":22.0,"enemies":"Jaw Worm Horde","floor":37.0,"turns":4.0},{"damage":44.0,"enemies":"Writhing Mass","floor":39.0,"turns":5.0},{"damage":42,"enemies":"Reptomancer","floor":41,"turns":6},{"damage":24,"enemies":"Sphere and 2 Shapes","floor":42,"turns":4},{"damage":11,"enemies":"4 Shapes","floor":44,"turns":4},{"damage":8,"enemies":"Transient","floor":45,"turns":5},{"damage":29,"enemies":"Nemesis","floor":48,"turns":5},{"damage":170,"enemies":"Time Eater","floor":50,"turns":11}],"seed_played":"221257900424900571","potions_obtained":[{"floor":4.0,"key":"FearPotion"},{"floor":8.0,"key":"EssenceOfSteel"},{"floor":14.0,"key":"Strength Potion"},{"floor":16.0,"key":"Explosive Potion"},{"floor":18.0,"key":"Strength Potion"},{"floor":19.0,"key":"Fire Potion"},{"floor":27.0,"key":"Swift Potion"},{"floor":35.0,"key":"Energy Potion"},{"floor":39.0,"key":"Weak Potion"},{"floor":44,"key":"SkillPotion"}],"is_trial":false,"path_per_floor":["M","$","?","M","$","E","?","M","T","E","R","?","M","M","R","B",null,"M","?","M","M","$","E","R","E","T","M","$","R","E","M","R","B",null,"M","M","M","$","M","R","E","M","T","M","M","?","R","E","R","B",null],"character_chosen":"IRONCLAD","items_purchased":["Feed","Master of Strategy","Battle Trance","Finesse","Vajra","SteroidPotion","Strength Potion","AttackPotion"],"campfire_rested":6,"item_purchase_floors":[2,2,2,5,22,28,38,38],"current_hp_per_floor":[79,79,79,74,74,30,30,39,39,18,43,49,45,48,77,53,98,88,88,90,93,93,69,102,75,75,86,86,86,98,97,97,59,149,149,116,107,107,73,121,89,76,76,81,83,83,133,117,169,7],"gold":204,"neow_bonus":"TWO_FIFTY_GOLD","is_prod":false,"is_daily":false,"chose_seed":false,"campfire_upgraded":2,"win_rate":0,"timestamp":1547968463,"path_taken":["M","$","?","M","$","E","?","?","T","E","R","?","M","M","R","BOSS","M","?","?","M","?","E","R","E","T","M","$","R","E","M","R","BOSS","M","M","M","$","M","R","E","M","T","M","M","?","R","E","R","BOSS"],"build_version":"2019-01-17v2","purchased_purges":3,"victory":true,"max_hp_per_floor":[80,80,80,83,83,83,80,83,83,86,86,92,95,98,98,98,98,101,101,107,110,110,110,110,113,113,118,118,118,126,129,129,131,149,154,156,161,161,163,163,165,168,168,176,178,169,169,174,174,174],"card_choices":[{"not_picked":["Havoc","Evolve"],"picked":"Shrug It Off","floor":1.0},{"not_picked":["True Grit","Fire Breathing","Disarm"],"picked":"SKIP","floor":4.0},{"not_picked":["Combust","Spot Weakness","Warcry"],"picked":"SKIP","floor":6.0},{"not_picked":["Power Through","Combust"],"picked":"Pommel Strike","floor":8.0},{"not_picked":["Wild Strike","Reaper"],"picked":"Clash","floor":10.0},{"not_picked":["Sword Boomerang","Shrug It Off"],"picked":"Anger","floor":13.0},{"not_picked":["Sword Boomerang","Shrug It Off"],"picked":"Flex","floor":14.0},{"not_picked":["Reaper","Bludgeon"],"picked":"Feed","floor":16.0},{"not_picked":[],"picked":"Pommel Strike","floor":18.0},{"not_picked":[],"picked":"Anger","floor":20.0},{"not_picked":["True Grit+1"],"picked":"SKIP","floor":21.0},{"not_picked":["Clothesline"],"picked":"SKIP","floor":23.0},{"not_picked":["Sentinel"],"picked":"SKIP","floor":25.0},{"not_picked":["Pommel Strike"],"picked":"Singing Bowl","floor":27.0},{"not_picked":["Battle Trance"],"picked":"Singing Bowl","floor":30.0},{"not_picked":[],"picked":"Headbutt+1","floor":31.0},{"not_picked":["Juggernaut"],"picked":"Singing Bowl","floor":33.0},{"not_picked":["Clothesline+1"],"picked":"Singing Bowl","floor":35.0},{"not_picked":["Dual Wield"],"picked":"Singing Bowl","floor":36.0},{"not_picked":["Headbutt+1"],"picked":"Singing Bowl","floor":37.0},{"not_picked":["Clash"],"picked":"Singing Bowl","floor":39.0},{"not_picked":["Perfected Strike+1"],"picked":"Singing Bowl","floor":41},{"not_picked":[],"picked":"Shrug It Off+1","floor":42},{"not_picked":["Iron Wave"],"picked":"Singing Bowl","floor":44},{"not_picked":["Shrug It Off"],"picked":"Singing Bowl","floor":45},{"not_picked":["Clash"],"picked":"Singing Bowl","floor":48}],"player_experience":241575,"relics_obtained":[{"floor":6.0,"key":"Shuriken"},{"floor":9.0,"key":"Self Forming Clay"},{"floor":10.0,"key":"Darkstone Periapt"},{"floor":23.0,"key":"PreservedInsect"},{"floor":25.0,"key":"Lantern"},{"floor":26.0,"key":"Singing Bowl"},{"floor":30.0,"key":"Blood Vial"},{"floor":34.0,"key":"Anchor"},{"floor":34.0,"key":"Sundial"},{"floor":34.0,"key":"Turnip"},{"floor":41,"key":"Blue Candle"},{"floor":43,"key":"Happy Flower"},{"floor":48,"key":"Pocketwatch"}],"event_choices":[{"damage_healed":0.0,"max_hp_gain":0.0,"max_hp_loss":0.0,"gold_gain":78.0,"event_name":"Golden Wing","player_choice":"Gained Gold","floor":3.0,"gold_loss":0.0,"damage_taken":0.0},{"cards_removed":["Parasite"],"damage_healed":0.0,"max_hp_gain":0.0,"max_hp_loss":0.0,"gold_gain":0.0,"event_name":"Purifier","player_choice":"Purged","floor":7.0,"gold_loss":0.0,"damage_taken":0.0},{"damage_healed":0.0,"max_hp_gain":0.0,"max_hp_loss":0.0,"gold_gain":0.0,"event_name":"Golden Idol","player_choice":"Take Wound","floor":12.0,"gold_loss":0.0,"damage_taken":0.0,"relics_obtained":["Golden Idol"],"cards_obtained":["Injury"]},{"damage_healed":0.0,"max_hp_gain":0.0,"max_hp_loss":0.0,"gold_gain":0.0,"event_name":"Lab","player_choice":"Got Potions","floor":19.0,"gold_loss":0.0,"damage_taken":0.0},{"damage_healed":0,"gold_gain":0,"player_choice":"Max HP","damage_taken":0,"max_hp_gain":0,"max_hp_loss":9,"event_name":"Winding Halls","floor":46,"gold_loss":0}],"is_beta":false,"boss_relics":[{"not_picked":["Ectoplasm","Runic Cube"],"picked":"Busted Crown"},{"not_picked":["Coffee Dripper","Runic Pyramid"],"picked":"Calling Bell"}],"items_purged_floors":[22,28,38],"is_endless":false,"potions_floor_spawned":[4,8,14,16,18,27,30,31,35,39,44],"ascension_level":2}