{"gold_per_floor":[113,113,125,125,125,125,154,154,154,79,79,97,126,146,146,220,220,237,253,37,48,64,89,89,117,117,128,128,139,164,189,189,189],"floor_reached":33,"playtime":1360,"items_purged":["Defend_R"],"score":567,"play_id":"ac2b0a35-0937-4932-a6ca-6351cff35066","local_time":"20181120182723","is_ascension_mode":true,"campfire_choices":[{"data":"Flex","floor":6,"key":"SMITH"},{"data":"Headbutt","floor":8,"key":"SMITH"},{"data":"Thunderclap","floor":11,"key":"SMITH"},{"data":"Warcry","floor":15,"key":"SMITH"},{"data":"True Grit","floor":24,"key":"SMITH"},{"data":"Shrug It Off","floor":28,"key":"SMITH"},{"data":"Ghostly Armor","floor":32,"key":"SMITH"}],"neow_cost":"TEN_PERCENT_HP_LOSS","seed_source_timestamp":507917615322572,"circlet_count":0,"master_deck":["AscendersBane","Strike_R","Strike_R","Strike_R","Strike_R","Defend_R","Defend_R","Defend_R","Bash","Immolate+1","Thunderclap+1","Flex+1","Headbutt+1","Shrug It Off+1","Ghostly Armor+1","Warcry+1","Impervious","True Grit+1","Dropkick+1"],"relics":["Burning Blood","Dream Catcher","Blood Vial","Sundial","Blue Candle","Coffee Dripper","MealTicket","Lantern","Meat on the Bone","Darkstone Periapt","The Courier","Red Mask"],"potions_floor_usage":[16,21,23,25,30,31],"damage_taken":[{"damage":0,"enemies":"Small Slimes","floor":1,"turns":2},{"damage":0,"enemies":"2 Louse","floor":3,"turns":2},{"damage":8,"enemies":"Gremlin Nob","floor":7,"turns":3},{"damage":0,"enemies":"Cultist","floor":12,"turns":2},{"damage":25,"enemies":"Lagavulin","floor":13,"turns":5},{"damage":10,"enemies":"Large Slime","floor":14,"turns":3},{"damage":31,"enemies":"The Guardian","floor":16,"turns":7},{"damage":3,"enemies":"Spheric Guardian","floor":18,"turns":3},{"damage":0,"enemies":"2 Thieves","floor":19,"turns":1},{"damage":11,"enemies":"Cultist and Chosen","floor":21,"turns":6},{"damage":13,"enemies":"Centurion and Healer","floor":22,"turns":5},{"damage":32,"enemies":"Book of Stabbing","floor":23,"turns":5},{"damage":30,"enemies":"Gremlin Leader","floor":25,"turns":5},{"damage":0,"enemies":"Snake Plant","floor":27,"turns":2},{"damage":0,"enemies":"3 Cultists","floor":29,"turns":3},{"damage":19,"enemies":"Slavers","floor":30,"turns":4},{"damage":0,"enemies":"Masked Bandits","floor":31,"turns":2},{"damage":79,"enemies":"Collector","floor":33,"turns":6}],"seed_played":"7118216670378589485","potions_obtained":[{"floor":12,"key":"BloodPotion"},{"floor":14,"key":"Strength Potion"},{"floor":19,"key":"Weak Potion"},{"floor":21,"key":"Fire Potion"},{"floor":27,"key":"FearPotion"},{"floor":30,"key":"Swift Potion"}],"is_trial":false,"path_per_floor":["M","?","M","?","?","R","E","R","T","$","R","M","E","M","R","B",null,"M","M","$","M","M","E","R","E","T","M","R","M","E","?","R","B"],"character_chosen":"IRONCLAD","items_purchased":["MealTicket"],"campfire_rested":0,"item_purchase_floors":[20],"current_hp_per_floor":[68,57,63,63,56,56,54,54,54,54,54,62,45,43,43,20,56,61,68,68,63,58,40,40,18,18,38,38,46,47,55,55,0],"gold":189,"neow_bonus":"THREE_RARE_CARDS","is_prod":false,"is_daily":false,"chose_seed":false,"campfire_upgraded":7,"win_rate":0,"timestamp":1542734843,"path_taken":["M","?","M","?","?","R","E","R","T","$","R","M","E","M","R","BOSS","M","M","$","M","M","E","R","E","T","M","R","M","E","?","R","BOSS"],"build_version":"2018-11-15","purchased_purges":1,"victory":false,"max_hp_per_floor":[68,68,68,68,68,68,68,68,68,68,68,68,68,68,68,68,68,68,68,68,68,68,68,68,68,68,68,68,68,68,68,68,68],"card_choices":[{"not_picked":["Reaper","Exhume"],"picked":"Immolate","floor":0},{"not_picked":["Body Slam","Perfected Strike"],"picked":"Thunderclap","floor":1},{"not_picked":["Perfected Strike","Burning Pact"],"picked":"Flex","floor":3},{"not_picked":["Infernal Blade","Burning Pact"],"picked":"Headbutt","floor":7},{"not_picked":["Clothesline","Wild Strike"],"picked":"Shrug It Off","floor":12},{"not_picked":["Hemokinesis","Flex"],"picked":"Ghostly Armor","floor":13},{"not_picked":["Twin Strike","Offering"],"picked":"Warcry","floor":14},{"not_picked":["Immolate","Barricade"],"picked":"Impervious","floor":16},{"not_picked":["Shrug It Off","Shockwave","Evolve"],"picked":"SKIP","floor":18},{"not_picked":["Shrug It Off","Cleave","Power Through"],"picked":"SKIP","floor":19},{"not_picked":["Bloodletting","Twin Strike","Perfected Strike"],"picked":"SKIP","floor":21},{"not_picked":["Rampage","Searing Blow"],"picked":"True Grit","floor":22},{"not_picked":["Warcry","Inflame","Blood for Blood"],"picked":"SKIP","floor":23},{"not_picked":["Evolve","Warcry"],"picked":"Dropkick+1","floor":25},{"not_picked":["Perfected Strike","Blood for Blood","Headbutt"],"picked":"SKIP","floor":27},{"not_picked":["Havoc","Body Slam","Dark Embrace"],"picked":"SKIP","floor":29},{"not_picked":["Heavy Blade","Hemokinesis","Iron Wave"],"picked":"SKIP","floor":30}],"player_experience":874122,"relics_obtained":[{"floor":7,"key":"Blood Vial"},{"floor":9,"key":"Sundial"},{"floor":13,"key":"Blue Candle"},{"floor":23,"key":"Lantern"},{"floor":25,"key":"Meat on the Bone"},{"floor":26,"key":"Darkstone Periapt"},{"floor":30,"key":"The Courier"},{"floor":31,"key":"Red Mask"}],"event_choices":[{"damage_healed":0,"gold_gain":0,"player_choice":"Success","damage_taken":11,"relics_obtained":["Dream Catcher"],"max_hp_gain":0,"max_hp_loss":0,"event_name":"Scrap Ooze","floor":2,"gold_loss":0},{"damage_healed":0,"gold_gain":0,"player_choice":"Grow","damage_taken":0,"max_hp_gain":0,"max_hp_loss":0,"event_name":"Living Wall","floor":4,"gold_loss":0,"cards_upgraded":["Immolate"]},{"cards_removed":["Strike_R"],"damage_healed":0,"gold_gain":0,"player_choice":"Card Removal","damage_taken":7,"max_hp_gain":0,"max_hp_loss":0,"event_name":"Golden Wing","floor":5,"gold_loss":0},{"damage_healed":0,"gold_gain":0,"player_choice":"Fought Bandits","damage_taken":0,"max_hp_gain":0,"max_hp_loss":0,"event_name":"Masked Bandits","floor":31,"gold_loss":0}],"is_beta":false,"boss_relics":[{"not_picked":["Fusion Hammer","Runic Dome"],"picked":"Coffee Dripper"}],"items_purged_floors":[10],"is_endless":false,"potions_floor_spawned":[12,14,19,21,27,30],"killed_by":"Collector","ascension_level":16}