{"gold_per_floor":[118,133,308,95,111,143,143,163,163,163,177,177,191,204,204,309,309,325,325,152,172,186,215,215,234,234,234,42,60,60,70,70,70],"floor_reached":33,"playtime":4509,"items_purged":["Doubt"],"score":271,"play_id":"ba6af295-ec3d-4345-8626-ae6655c30d6f","local_time":"20180628002343","is_ascension_mode":false,"campfire_choices":[{"data":"Catalyst","floor":7,"key":"SMITH"},{"floor":15,"key":"REST"},{"floor":24,"key":"REST"},{"data":"Infinite Blades","floor":27,"key":"SMITH"},{"floor":30,"key":"REST"},{"floor":32,"key":"REST"}],"neow_cost":"NONE","seed_source_timestamp":1284920525885380,"circlet_count":0,"master_deck":["Defend_G","Defend_G","Defend_G","Defend_G","Defend_G","Strike_G","Strike_G","Strike_G","Survivor","Neutralize+1","Catalyst+1","Crippling Poison","Poisoned Stab","Heel Hook","Dagger Spray","Bane","Bouncing Flask","Deadly Poison","Bane","Die Die Die","Wraith Form v2","Infinite Blades+1","Dramatic Entrance","Choke","Backflip","Blade Dance","Deflect","Bandage Up","Terror","Blade Dance"],"relics":["Ring of the Snake","Bottled Flame","Shuriken","Paper Crane","Empty Cage","Torii","Pantograph"],"potions_floor_usage":[6,16,23],"damage_taken":[{"damage":0,"enemies":"Small Slimes","floor":1,"turns":4},{"damage":0,"enemies":"Jaw Worm","floor":2,"turns":8},{"damage":0,"enemies":"2 Louse","floor":5,"turns":3},{"damage":13,"enemies":"Lagavulin","floor":6,"turns":6},{"damage":0,"enemies":"Blue Slaver","floor":8,"turns":2},{"damage":0,"enemies":"3 Louse","floor":11,"turns":3},{"damage":0,"enemies":"Large Slime","floor":13,"turns":5},{"damage":0,"enemies":"Gremlin Gang","floor":14,"turns":3},{"damage":2,"enemies":"Slime Boss","floor":16,"turns":6},{"damage":0,"enemies":"Chosen","floor":18,"turns":4},{"damage":8,"enemies":"Shell Parasite","floor":21,"turns":5},{"damage":6,"enemies":"Snake Plant","floor":22,"turns":5},{"damage":27,"enemies":"Slavers","floor":23,"turns":5},{"damage":27,"enemies":"3 Cultists","floor":25,"turns":5},{"damage":10,"enemies":"Sentry and Sphere","floor":29,"turns":6},{"damage":15,"enemies":"Slaver and Parasite","floor":31,"turns":5},{"damage":101,"enemies":"Automaton","floor":33,"turns":6}],"seed_played":"3884351094768794487","potions_obtained":[{"floor":5,"key":"Strength Potion"},{"floor":6,"key":"LiquidBronze"},{"floor":14,"key":"Strength Potion"},{"floor":16,"key":"Weak Potion"},{"floor":18,"key":"FairyPotion"}],"is_trial":false,"path_per_floor":["M","M","?","$","M","E","R","M","T","?","M","?","M","M","R","B",null,"M","?","$","M","M","E","R","M","T","R","$","M","R","M","R"],"character_chosen":"THE_SILENT","items_purchased":["Poisoned Stab","Heel Hook","Poison Potion","Infinite Blades","Dramatic Entrance","Deflect","Bandage Up","Terror"],"campfire_rested":4,"item_purchase_floors":[4,4,4,20,20,28,28,28],"current_hp_per_floor":[70,70,70,70,70,57,57,57,57,39,39,39,39,39,60,58,70,70,70,70,62,56,29,50,23,23,23,23,17,38,27,48,0],"gold":70,"neow_bonus":"UPGRADE_CARD","is_prod":false,"is_daily":false,"chose_seed":false,"campfire_upgraded":2,"win_rate":0.0,"timestamp":1530159823,"path_taken":["M","M","?","$","M","E","R","M","T","?","M","?","M","M","R","BOSS","M","?","$","M","M","E","R","M","T","R","$","M","R","M","R","BOSS"],"build_version":"2018-06-21v2","purchased_purges":1,"victory":false,"max_hp_per_floor":[70,70,70,70,70,70,70,70,70,70,70,70,70,70,70,70,70,70,70,70,70,70,70,70,70,70,70,70,70,70,70,70,70],"card_choices":[{"not_picked":["Sucker Punch","Leg Sweep"],"picked":"Catalyst","floor":1},{"not_picked":["Dagger Spray","Backflip"],"picked":"Crippling Poison","floor":2},{"not_picked":["Outmaneuver","Predator"],"picked":"Dagger Spray","floor":5},{"not_picked":["Distraction","Escape Plan"],"picked":"Bane","floor":6},{"not_picked":["Sucker Punch","PiercingWail"],"picked":"Bouncing Flask","floor":8},{"not_picked":["Finisher","Blur"],"picked":"Deadly Poison","floor":11},{"not_picked":["Dodge and Roll","Backflip"],"picked":"Bane","floor":13},{"not_picked":["Backflip","Outmaneuver"],"picked":"Die Die Die","floor":14},{"not_picked":["Venomology","Tools of the Trade"],"picked":"Wraith Form v2","floor":16},{"not_picked":["Reflex","Footwork+1","Underhanded Strike"],"picked":"SKIP","floor":18},{"not_picked":["Prepared","Calculated Gamble","Dagger Throw"],"picked":"SKIP","floor":21},{"not_picked":["Predator","Calculated Gamble"],"picked":"Choke","floor":22},{"not_picked":["Acrobatics","Escape Plan"],"picked":"Backflip","floor":23},{"not_picked":["Dagger Throw","Flechettes"],"picked":"Blade Dance","floor":25},{"not_picked":["Poisoned Stab","All Out Attack","Outmaneuver"],"picked":"SKIP","floor":29},{"not_picked":["Backflip","Catalyst"],"picked":"Blade Dance","floor":31}],"player_experience":34919,"relics_obtained":[{"floor":6,"key":"Bottled Flame"},{"floor":9,"key":"Shuriken"},{"floor":23,"key":"Torii"},{"floor":26,"key":"Pantograph"}],"event_choices":[{"event_name":"Liars Game","player_choice":"agreed","floor":3,"damage_taken":0},{"event_name":"Scrap Ooze","player_choice":"success","floor":10,"damage_taken":18},{"event_name":"Purifier","player_choice":"Skipped","floor":12,"damage_taken":0},{"event_name":"The Mausoleum","player_choice":"No","floor":19,"damage_taken":0}],"boss_relics":[{"not_picked":["Velvet Choker","Coffee Dripper"],"picked":"Empty Cage"}],"items_purged_floors":[4],"is_endless":false,"potions_floor_spawned":[5,6,14,16,18,21,22],"killed_by":"Automaton","ascension_level":0}