{"gold_per_floor":[114,114,114,128,23,23,49,49,129,144,159,189,189,199,199,278,278,291,341,341,357,357],"floor_reached":22,"playtime":680,"items_purged":[],"score":378,"play_id":"41f0d3a0-3174-4849-a269-2c56b7344644","local_time":"20190125220213","is_ascension_mode":true,"campfire_choices":[{"data":"Whirlwind","floor":6.0,"key":"SMITH"},{"data":"Havoc","floor":8.0,"key":"SMITH"},{"data":"Immolate","floor":13.0,"key":"SMITH"},{"floor":15.0,"key":"REST"}],"neow_cost":"CURSE","seed_source_timestamp":0,"circlet_count":0,"master_deck":["AscendersBane","Strike_R","Strike_R","Strike_R","Strike_R","Defend_R","Defend_R","Defend_R","Bash","Bloodletting","Burning Pact","Havoc+1","Whirlwind+1","Discovery","Shockwave","Immolate+1","Immolate","Feel No Pain"],"special_seed":0,"relics":["Burning Blood","Bottled Lightning","The Courier","Question Card","Runic Cube","Potion Belt"],"potions_floor_usage":[],"damage_taken":[{"damage":15.0,"enemies":"Jaw Worm","floor":1.0,"turns":2.0},{"damage":15.0,"enemies":"Small Slimes","floor":4.0,"turns":5.0},{"damage":18.0,"enemies":"3 Sentries","floor":7.0,"turns":3.0},{"damage":0.0,"enemies":"2 Louse","floor":10.0,"turns":2.0},{"damage":11.0,"enemies":"Looter","floor":11.0,"turns":3.0},{"damage":37.0,"enemies":"Gremlin Nob","floor":12.0,"turns":4.0},{"damage":13.0,"enemies":"Large Slime","floor":14.0,"turns":6.0},{"damage":34.0,"enemies":"Slime Boss","floor":16.0,"turns":6.0},{"damage":41.0,"enemies":"Shell Parasite","floor":18.0,"turns":5.0},{"damage":14.0,"enemies":"Spheric Guardian","floor":21.0,"turns":3.0},{"damage":21,"enemies":"Chosen and Byrds","floor":22,"turns":3}],"seed_played":"-7384324729243284753","potions_obtained":[{"floor":10.0,"key":"Weak Potion"},{"floor":12.0,"key":"FearPotion"},{"floor":18.0,"key":"Ancient Potion"}],"is_trial":false,"path_per_floor":["M","?","?","M","$","R","E","R","T","M","M","E","R","M","R","B",null,"M","?","T","M","M"],"character_chosen":"IRONCLAD","items_purchased":["Discovery"],"campfire_rested":1,"item_purchase_floors":[5],"current_hp_per_floor":[59,52,75,66,66,66,54,54,54,60,55,24,24,17,39,11,59,24,24,24,16,0],"gold":357,"neow_bonus":"TRANSFORM_TWO_CARDS","is_prod":false,"is_daily":false,"chose_seed":false,"campfire_upgraded":3,"win_rate":0,"timestamp":1548450133,"path_taken":["M","?","?","M","$","R","E","R","T","M","M","E","R","M","R","BOSS","M","?","?","M","M"],"build_version":"2019-01-23","purchased_purges":0,"victory":false,"max_hp_per_floor":[75,75,75,75,75,75,75,75,75,75,75,75,75,75,75,75,75,75,75,75,75,75],"card_choices":[{"not_picked":["Clothesline","Anger"],"picked":"Havoc","floor":1.0},{"not_picked":["Twin Strike","Reckless Charge"],"picked":"Whirlwind","floor":4.0},{"not_picked":["Heavy Blade","Iron Wave"],"picked":"Shockwave","floor":7.0},{"not_picked":["True Grit","Second Wind","Armaments"],"picked":"SKIP","floor":10.0},{"not_picked":["Armaments","Pommel Strike"],"picked":"Immolate","floor":11.0},{"not_picked":["Brutality","Heavy Blade","Flex"],"picked":"SKIP","floor":12.0},{"not_picked":["Reckless Charge","Infernal Blade","Sword Boomerang","Anger"],"picked":"SKIP","floor":14.0},{"not_picked":["Berserk","Reaper","Impervious"],"picked":"Immolate","floor":16.0},{"not_picked":["Dropkick","Ghostly Armor+1","Armaments+1"],"picked":"Feel No Pain","floor":18.0},{"not_picked":["Body Slam","Flame Barrier","Flex","Sword Boomerang"],"picked":"SKIP","floor":21.0}],"player_experience":937920,"relics_obtained":[{"floor":7.0,"key":"Bottled Lightning"},{"floor":9.0,"key":"The Courier"},{"floor":12.0,"key":"Question Card"},{"floor":20.0,"key":"Potion Belt"}],"event_choices":[{"cards_removed":["Decay"],"damage_healed":0.0,"max_hp_gain":0.0,"max_hp_loss":0.0,"gold_gain":0.0,"event_name":"Golden Wing","player_choice":"Card Removal","floor":2.0,"gold_loss":0.0,"damage_taken":7.0},{"damage_healed":25.0,"max_hp_gain":0.0,"max_hp_loss":0.0,"gold_gain":0.0,"event_name":"Big Fish","player_choice":"Banana","floor":3.0,"gold_loss":0.0,"damage_taken":0.0},{"damage_healed":0.0,"max_hp_gain":0.0,"max_hp_loss":0.0,"gold_gain":50.0,"event_name":"Nest","player_choice":"Stole From Cult","floor":19.0,"gold_loss":0.0,"damage_taken":0.0}],"is_beta":false,"boss_relics":[{"not_picked":["Pandora\u0027s Box","Calling Bell"],"picked":"Runic Cube"}],"items_purged_floors":[],"is_endless":false,"potions_floor_spawned":[10,12,18],"killed_by":"Chosen and Byrds","ascension_level":19}