{"gold_per_floor":[117,42,53,70,70,99,99,99,122,122,136,166,66,81,81,179,179,197,72,83,7,17,43,43,43],"floor_reached":25,"playtime":1269,"items_purged":["Defend_R","Strike_R","Defend_R"],"score":295,"play_id":"a31d3730-938e-45e1-95fe-ae79b5172bd7","local_time":"20180718152612","is_ascension_mode":true,"campfire_choices":[{"data":"Bash","floor":8,"key":"SMITH"},{"floor":15,"key":"REST"}],"neow_cost":"NONE","seed_source_timestamp":7615177882976,"circlet_count":0,"master_deck":["Strike_R+1","Defend_R","Bash+1","Metallicize+1","Carnage+1","Berserk+1","Offering","Pommel Strike+1","Dual Wield","Dropkick"],"relics":["Astrolabe","Ancient Tea Set","Art of War","Prayer Wheel","Mark of Pain","Charon\u0027s Ashes"],"potions_floor_usage":[6,14,22],"damage_taken":[{"damage":0,"enemies":"Cultist","floor":1,"turns":3},{"damage":6,"enemies":"Small Slimes","floor":3,"turns":3},{"damage":5,"enemies":"2 Louse","floor":4,"turns":2},{"damage":22,"enemies":"Lagavulin","floor":6,"turns":4},{"damage":10,"enemies":"Large Slime","floor":11,"turns":7},{"damage":6,"enemies":"Gremlin Nob","floor":12,"turns":3},{"damage":12,"enemies":"Lots of Slimes","floor":14,"turns":4},{"damage":0,"enemies":"Slime Boss","floor":16,"turns":4},{"damage":13,"enemies":"3 Byrds","floor":18,"turns":4},{"damage":12,"enemies":"Shell Parasite","floor":20,"turns":2},{"damage":10,"enemies":"Centurion and Healer","floor":22,"turns":3},{"damage":26,"enemies":"Slavers","floor":23,"turns":4},{"damage":27,"enemies":"Book of Stabbing","floor":25,"turns":2}],"seed_played":"-4769752586807734038","potions_obtained":[{"floor":1,"key":"Block Potion"},{"floor":3,"key":"LiquidBronze"},{"floor":4,"key":"FearPotion"},{"floor":12,"key":"FearPotion"},{"floor":20,"key":"Explosive Potion"}],"is_trial":false,"path_per_floor":["M","$","M","M","?","E","?","R","T","?","M","E","$","M","R","B",null,"M","$","M","$","M","E","?"],"character_chosen":"IRONCLAD","items_purchased":["Dropkick"],"campfire_rested":1,"item_purchase_floors":[21],"current_hp_per_floor":[80,80,74,69,69,47,73,73,73,66,56,50,50,38,62,62,80,67,67,55,55,45,19,19,0],"gold":43,"neow_bonus":"BOSS_RELIC","is_prod":false,"is_daily":false,"chose_seed":false,"campfire_upgraded":1,"win_rate":0,"timestamp":1531941972,"path_taken":["M","$","?","M","?","E","?","R","T","?","M","E","$","?","R","BOSS","M","$","?","$","M","E","?","E"],"build_version":"2018-07-12","purchased_purges":3,"victory":false,"max_hp_per_floor":[80,80,80,80,80,80,80,80,80,80,80,80,80,80,80,80,80,80,80,80,80,80,80,80,80],"card_choices":[{"not_picked":["Intimidate","Clothesline","Body Slam"],"picked":"SKIP","floor":1},{"not_picked":["Pommel Strike","Entrench","Perfected Strike"],"picked":"SKIP","floor":3},{"not_picked":["Combust","Wild Strike","Anger"],"picked":"SKIP","floor":4},{"not_picked":["Uppercut","Shockwave","Reaper"],"picked":"SKIP","floor":6},{"not_picked":["Metallicize","Flex","True Grit"],"picked":"SKIP","floor":11},{"not_picked":["Inflame","Combust","Pommel Strike"],"picked":"SKIP","floor":12},{"not_picked":["Reaper","Wild Strike","Cleave"],"picked":"SKIP","floor":14},{"not_picked":["Pommel Strike","Anger","Sword Boomerang"],"picked":"SKIP","floor":14},{"not_picked":["Fiend Fire","Brutality"],"picked":"Offering","floor":16},{"not_picked":["Cleave","Rampage"],"picked":"Pommel Strike+1","floor":18},{"not_picked":["Metallicize","Heavy Blade","Armaments"],"picked":"SKIP","floor":18},{"not_picked":["Flex+1","Thunderclap"],"picked":"Dual Wield","floor":20},{"not_picked":["Body Slam","Sever Soul+1","Pummel"],"picked":"SKIP","floor":20},{"not_picked":["Clothesline+1","Warcry","Headbutt"],"picked":"SKIP","floor":22},{"not_picked":["Power Through+1","Armaments","Twin Strike"],"picked":"SKIP","floor":22},{"not_picked":["Juggernaut","Searing Blow","Flame Barrier"],"picked":"SKIP","floor":23}],"player_experience":114297,"relics_obtained":[{"floor":6,"key":"Ancient Tea Set"},{"floor":9,"key":"Art of War"},{"floor":12,"key":"Prayer Wheel"},{"floor":23,"key":"Charon\u0027s Ashes"}],"event_choices":[{"event_name":"Upgrade Shrine","player_choice":"Upgraded","floor":5,"damage_taken":0},{"event_name":"Big Fish","player_choice":"Banana","floor":7,"damage_taken":0},{"event_name":"Golden Wing","player_choice":"Card Removal","floor":10,"damage_taken":0},{"event_name":"Beggar","player_choice":"Ignored","floor":24,"damage_taken":0}],"boss_relics":[{"not_picked":["Calling Bell","Cursed Key"],"picked":"Mark of Pain"}],"items_purged_floors":[2,13,19],"is_endless":false,"potions_floor_spawned":[1,3,4,12,20],"killed_by":"Book of Stabbing","ascension_level":1}