{"gold_per_floor":[117,117,128,128,146,180,180,194,194,207,242,253,218,252,252,349,349,362,377,377],"floor_reached":20,"playtime":2173,"items_purged":[],"score":274,"play_id":"04ef4670-2f42-4822-a5dd-b125f48c7d57","local_time":"20190209233353","is_ascension_mode":true,"campfire_choices":[{"floor":7.0,"key":"REST"},{"floor":15.0,"key":"REST"}],"neow_cost":"NONE","seed_source_timestamp":0,"circlet_count":0,"master_deck":["Defend_G","Defend_G","Defend_G","Defend_G","Defend_G","Strike_G","Strike_G","Strike_G","Survivor","Neutralize+1","Poisoned Stab","Predator","Blade Dance","Dash","Corpse Explosion","Blade Dance","Adrenaline","Malaise+1","Corpse Explosion+1","Cloak And Dagger+1","Outmaneuver","Poisoned Stab+1"],"special_seed":0,"relics":["Ring of the Snake","Kunai","Gremlin Horn","Bottled Tornado","Meat on the Bone","Astrolabe"],"potions_floor_usage":[],"damage_taken":[{"damage":6.0,"enemies":"Small Slimes","floor":1.0,"turns":4.0},{"damage":1.0,"enemies":"2 Louse","floor":3.0,"turns":3.0},{"damage":0.0,"enemies":"Cultist","floor":5.0,"turns":3.0},{"damage":22.0,"enemies":"Lagavulin","floor":6.0,"turns":5.0},{"damage":4.0,"enemies":"2 Fungi Beasts","floor":8.0,"turns":4.0},{"damage":13.0,"enemies":"Blue Slaver","floor":10.0,"turns":3.0},{"damage":8.0,"enemies":"Gremlin Nob","floor":11.0,"turns":4.0},{"damage":0.0,"enemies":"3 Louse","floor":12.0,"turns":3.0},{"damage":11.0,"enemies":"3 Sentries","floor":14.0,"turns":5.0},{"damage":50.0,"enemies":"Slime Boss","floor":16.0,"turns":13.0},{"damage":17.0,"enemies":"Spheric Guardian","floor":18.0,"turns":4.0},{"damage":7.0,"enemies":"Chosen","floor":19.0,"turns":7.0},{"damage":21,"enemies":"Shelled Parasite and Fungi","floor":20,"turns":4}],"seed_played":"-4114893321908486746","potions_obtained":[{"floor":0.0,"key":"EntropicBrew"},{"floor":0.0,"key":"FairyPotion"},{"floor":0.0,"key":"FearPotion"},{"floor":6.0,"key":"Ancient Potion"},{"floor":8.0,"key":"GamblersBrew"},{"floor":10.0,"key":"Energy Potion"},{"floor":18.0,"key":"Poison Potion"}],"is_trial":false,"path_per_floor":["M","?","M","?","M","E","R","M","T","M","E","M","?","E","R","B",null,"M","M","M"],"character_chosen":"THE_SILENT","items_purchased":[],"campfire_rested":2,"item_purchase_floors":[],"current_hp_per_floor":[57,57,56,56,56,34,55,51,51,38,30,30,47,36,57,19,57,40,45,24],"gold":377,"neow_bonus":"THREE_SMALL_POTIONS","is_prod":false,"is_daily":false,"chose_seed":false,"campfire_upgraded":0,"win_rate":0,"timestamp":1549773233,"path_taken":["M","?","M","?","M","E","R","M","T","M","E","?","?","E","R","BOSS","M","M","M"],"build_version":"2019-01-23","purchased_purges":0,"victory":false,"max_hp_per_floor":[70,70,70,70,70,70,70,70,70,70,70,70,70,70,70,70,70,70,70,70],"card_choices":[{"not_picked":["Backflip","Underhanded Strike"],"picked":"Poisoned Stab","floor":1.0},{"not_picked":["Deadly Poison","Dagger Throw"],"picked":"Predator","floor":3.0},{"not_picked":["Bane","Flying Knee","Flechettes"],"picked":"SKIP","floor":5.0},{"not_picked":["Dagger Spray","Blade Dance"],"picked":"Wraith Form v2","floor":6.0},{"not_picked":["Underhanded Strike","Cloak And Dagger"],"picked":"Blade Dance","floor":8.0},{"not_picked":["Acrobatics","Crippling Poison"],"picked":"Dash","floor":10.0},{"not_picked":["Sucker Punch","Predator","Quick Slash"],"picked":"SKIP","floor":11.0},{"not_picked":["Underhanded Strike","Slice"],"picked":"Corpse Explosion","floor":12.0},{"not_picked":["Quick Slash","Outmaneuver"],"picked":"Blade Dance","floor":14.0},{"not_picked":["Storm of Steel","Phantasmal Killer"],"picked":"Adrenaline","floor":16.0},{"not_picked":["Deadly Poison","Calculated Gamble+1"],"picked":"Outmaneuver","floor":18.0},{"not_picked":["Cloak And Dagger","Quick Slash"],"picked":"Poisoned Stab+1","floor":19.0}],"player_experience":397951,"relics_obtained":[{"floor":6.0,"key":"Kunai"},{"floor":9.0,"key":"Gremlin Horn"},{"floor":11.0,"key":"Bottled Tornado"},{"floor":14.0,"key":"Meat on the Bone"}],"event_choices":[{"damage_healed":0.0,"max_hp_gain":0.0,"max_hp_loss":0.0,"gold_gain":0.0,"event_name":"Living Wall","player_choice":"Grow","floor":2.0,"gold_loss":0.0,"damage_taken":0.0,"cards_upgraded":["Neutralize"]},{"damage_healed":0.0,"max_hp_gain":0.0,"max_hp_loss":0.0,"gold_gain":0.0,"event_name":"The Woman in Blue","player_choice":"Bought 0 Potions","floor":4.0,"gold_loss":0.0,"damage_taken":0.0},{"damage_healed":17.0,"max_hp_gain":0.0,"max_hp_loss":0.0,"gold_gain":0.0,"event_name":"The Cleric","player_choice":"Healed","floor":13.0,"gold_loss":35.0,"damage_taken":0.0}],"is_beta":false,"boss_relics":[{"not_picked":["Eternal Feather","Calling Bell"],"picked":"Astrolabe"}],"items_purged_floors":[],"is_endless":false,"potions_floor_spawned":[1,6,8,10,18],"killed_by":"Shelled Parasite and Fungi","ascension_level":8}