{"gold_per_floor":[113,113,73,92,111,111,141,153,153,153,25,36,36,49,49,149,149,167,29,29,29,61,61,77,88,141,153,153,163,176,187,187,288,288,300,522,522,10,10,28,28,46,93,93,105,105,122,133,133,133],"floor_reached":51,"playtime":4929,"items_purged":["Strike_B","Defend_B","Defend_B"],"score":603,"play_id":"69da0fc4-d2cd-4e86-8354-54dccbd12c87","local_time":"20181213121748","is_ascension_mode":false,"campfire_choices":[{"data":"Zap","floor":6.0,"key":"SMITH"},{"data":"Conserve Battery","floor":10.0,"key":"SMITH"},{"data":"Dualcast","floor":13.0,"key":"SMITH"},{"data":"Cold Snap","floor":15.0,"key":"SMITH"},{"data":"Coolheaded","floor":23,"key":"SMITH"},{"data":"Seek","floor":28,"key":"SMITH"},{"floor":32,"key":"REST"},{"data":"Seek","floor":41,"key":"SMITH"},{"floor":46,"key":"REST"},{"floor":49,"key":"REST"}],"neow_cost":"NONE","seed_source_timestamp":0,"circlet_count":0,"master_deck":["Strike_B","Strike_B","Defend_B","Zap+1","Dualcast+1","Genetic Algorithm","Conserve Battery+1","Cold Snap+1","Auto Shields","Seek+1","Coolheaded+1","Capacitor","Glacier","Conserve Battery","BootSequence","Seek+1","Streamline","Capacitor","Madness","Madness","Barrage+1","Defragment+1","Chill+1","White Noise","Tempest+1"],"special_seed":0,"relics":["Cracked Core","Bronze Scales","Lantern","Sozu","Blue Candle","Red Mask","Ancient Tea Set","Lizard Tail","Runic Capacitor","Pen Nib","Dream Catcher"],"potions_floor_usage":[33,33,33],"damage_taken":[{"damage":0.0,"enemies":"Jaw Worm","floor":1.0,"turns":5.0},{"damage":2.0,"enemies":"Small Slimes","floor":4.0,"turns":3.0},{"damage":0.0,"enemies":"Cultist","floor":5.0,"turns":3.0},{"damage":11.0,"enemies":"Gremlin Nob","floor":7.0,"turns":3.0},{"damage":0.0,"enemies":"3 Louse","floor":8.0,"turns":2.0},{"damage":0.0,"enemies":"2 Fungi Beasts","floor":12.0,"turns":3.0},{"damage":0.0,"enemies":"Blue Slaver","floor":14.0,"turns":4.0},{"damage":13.0,"enemies":"The Guardian","floor":16.0,"turns":12.0},{"damage":2,"enemies":"Chosen","floor":18,"turns":6},{"damage":29,"enemies":"Masked Bandits","floor":22,"turns":7},{"damage":0,"enemies":"Shell Parasite","floor":24,"turns":8},{"damage":0,"enemies":"Sentry and Sphere","floor":25,"turns":10},{"damage":13,"enemies":"Cultist and Chosen","floor":27,"turns":10},{"damage":0,"enemies":"Snake Plant","floor":29,"turns":5},{"damage":0,"enemies":"Shelled Parasite and Fungi","floor":30,"turns":8},{"damage":3,"enemies":"Centurion and Healer","floor":31,"turns":12},{"damage":46,"enemies":"Automaton","floor":33,"turns":21},{"damage":0,"enemies":"3 Darklings","floor":35,"turns":7},{"damage":2,"enemies":"Orb Walker","floor":40,"turns":6},{"damage":1,"enemies":"Sphere and 2 Shapes","floor":42,"turns":4},{"damage":29,"enemies":"3 Darklings","floor":45,"turns":7},{"damage":5,"enemies":"Jaw Worm Horde","floor":47,"turns":5},{"damage":0,"enemies":"Spire Growth","floor":48,"turns":6},{"damage":55,"enemies":"Time Eater","floor":50,"turns":12}],"seed_played":"9003597270652932349","potions_obtained":[{"floor":3.0,"key":"SkillPotion"},{"floor":3.0,"key":"FocusPotion"},{"floor":3.0,"key":"Dexterity Potion"},{"floor":12.0,"key":"Dexterity Potion"}],"is_trial":false,"path_per_floor":["M","?","?","M","M","R","E","M","T","R","$","M","R","M","R","B",null,"M","$","?","?","?","R","M","M","T","M","R","M","M","M","R","B",null,"M","?","?","$","?","M","R","M","T","?","M","R","M","M","R","B",null],"character_chosen":"DEFECT","items_purchased":["Cold Snap","Capacitor","Capacitor","Runic Capacitor","Pen Nib"],"campfire_rested":3,"item_purchase_floors":[11,19,38,38,38],"current_hp_per_floor":[75,75,75,73,73,73,62,62,62,62,62,62,62,62,62,49,75,73,73,73,73,44,44,44,44,44,31,31,31,31,28,50,4,75,75,75,75,75,66,64,64,63,63,53,24,46,41,41,63,8],"gold":133,"neow_bonus":"REMOVE_CARD","is_prod":false,"is_daily":false,"chose_seed":false,"campfire_upgraded":7,"win_rate":0,"timestamp":1544721468,"path_taken":["M","?","?","M","M","R","E","M","T","R","$","M","R","M","R","BOSS","M","$","?","?","?","R","M","M","T","?","R","M","M","M","R","BOSS","M","?","?","$","?","?","R","?","T","?","M","R","M","M","R","BOSS"],"build_version":"2018-12-06","purchased_purges":3,"victory":true,"max_hp_per_floor":[75,75,75,75,75,75,75,75,75,75,75,75,75,75,75,75,75,75,75,75,75,75,75,75,75,75,75,75,75,75,75,75,75,75,75,75,75,75,75,75,75,75,75,75,75,75,75,75,75,75],"card_choices":[{"not_picked":["Streamline","Rip and Tear"],"picked":"Genetic Algorithm","floor":1.0},{"not_picked":["Redo","Gash","Leap"],"picked":"SKIP","floor":4.0},{"not_picked":["Hello World","Tempest","Lockon"],"picked":"SKIP","floor":5.0},{"not_picked":["Beam Cell","Scrape","Reprogram"],"picked":"SKIP","floor":7.0},{"not_picked":["Static Discharge","Hologram"],"picked":"Conserve Battery","floor":8.0},{"not_picked":["Stack","Lockon"],"picked":"Auto Shields","floor":12.0},{"not_picked":["Reprogram","Stack","Barrage"],"picked":"SKIP","floor":14.0},{"not_picked":["Meteor Strike","Multi-Cast"],"picked":"Seek","floor":16.0},{"not_picked":["Self Repair","FTL"],"picked":"Coolheaded","floor":18},{"not_picked":["Steam Power","Lockon+1"],"picked":"Conserve Battery","floor":22},{"not_picked":["Stack","Rebound+1"],"picked":"BootSequence","floor":24},{"not_picked":["Storm","Genetic Algorithm","Ball Lightning"],"picked":"SKIP","floor":25},{"not_picked":["Auto Shields","Stack","Beam Cell"],"picked":"SKIP","floor":27},{"not_picked":["Reprogram","Reinforced Body+1","Genetic Algorithm"],"picked":"SKIP","floor":29},{"not_picked":["Heatsinks+1","Turbo"],"picked":"FTL","floor":30},{"not_picked":["Gash","Doom and Gloom","Redo"],"picked":"SKIP","floor":31},{"not_picked":["Hyperbeam","Thunder Strike"],"picked":"Seek","floor":33},{"not_picked":["White Noise","Barrage"],"picked":"Streamline","floor":35},{"not_picked":["Streamline+1","Go for the Eyes"],"picked":"Barrage+1","floor":40},{"not_picked":["Gash+1","Leap","Rip and Tear"],"picked":"SKIP","floor":42},{"not_picked":["Storm+1","Rip and Tear+1"],"picked":"Defragment+1","floor":45},{"not_picked":["Static Discharge","Stack+1"],"picked":"Chill+1","floor":46},{"not_picked":["Stack+1","Hologram"],"picked":"White Noise","floor":47},{"not_picked":["Beam Cell","Stack","Turbo"],"picked":"SKIP","floor":48},{"not_picked":["Rebound+1","Coolheaded+1"],"picked":"Tempest+1","floor":49}],"player_experience":272340,"relics_obtained":[{"floor":7.0,"key":"Bronze Scales"},{"floor":9.0,"key":"Lantern"},{"floor":22,"key":"Red Mask"},{"floor":26,"key":"Ancient Tea Set"},{"floor":43,"key":"Dream Catcher"}],"event_choices":[{"cards_removed":["Defend_B"],"damage_healed":0.0,"max_hp_gain":0.0,"max_hp_loss":0.0,"gold_gain":0.0,"event_name":"Living Wall","player_choice":"Forget","floor":2.0,"gold_loss":0.0,"damage_taken":0.0},{"damage_healed":0.0,"max_hp_gain":0.0,"max_hp_loss":0.0,"gold_gain":0.0,"event_name":"The Woman in Blue","player_choice":"Bought 3 Potions","floor":3.0,"gold_loss":0.0,"damage_taken":0.0},{"damage_healed":0,"gold_gain":0,"player_choice":"Opened","damage_taken":0,"relics_obtained":["Blue Candle"],"max_hp_gain":0,"max_hp_loss":0,"event_name":"The Mausoleum","floor":20,"gold_loss":0},{"damage_healed":0,"gold_gain":0,"player_choice":"Read","damage_taken":0,"max_hp_gain":0,"max_hp_loss":0,"event_name":"The Library","floor":21,"gold_loss":0,"cards_obtained":["Glacier"]},{"damage_healed":0,"gold_gain":0,"player_choice":"Fought Bandits","damage_taken":0,"max_hp_gain":0,"max_hp_loss":0,"event_name":"Masked Bandits","floor":22,"gold_loss":0},{"damage_healed":0,"gold_gain":222,"player_choice":"Wore Mask","damage_taken":0,"max_hp_gain":0,"max_hp_loss":0,"event_name":"Tomb of Lord Red Mask","floor":36,"gold_loss":0},{"cards_removed":["FTL"],"damage_healed":0,"gold_gain":0,"player_choice":"Removed Attack","damage_taken":0,"max_hp_gain":0,"max_hp_loss":0,"event_name":"Falling","floor":37,"gold_loss":0},{"damage_healed":0,"gold_gain":0,"player_choice":"Embrace Madness","damage_taken":9,"max_hp_gain":0,"max_hp_loss":0,"event_name":"Winding Halls","floor":39,"gold_loss":0,"cards_obtained":["Madness","Madness"]},{"damage_healed":0,"gold_gain":0,"player_choice":"Memory 3","damage_taken":10,"max_hp_gain":0,"max_hp_loss":0,"event_name":"SensoryStone","floor":44,"gold_loss":0}],"is_beta":false,"boss_relics":[{"not_picked":["Eternal Feather","Snecko Eye"],"picked":"Sozu"},{"not_picked":["Astrolabe","White Beast Statue"],"picked":"Lizard Tail"}],"items_purged_floors":[11,19,38],"is_endless":false,"potions_floor_spawned":[4,5,12,16,18,27,29,33,45,48],"ascension_level":0}