{"gold_per_floor":[115,115,130,146,146,182,182,182,182,195,220,240,256,256,256,381,381,399,417,417,438,438,438,438,450,450,450,469,481,481,514,514,619,619,633,543,183,194,213,213,230,230,230,245,245,262,262,280,280,280,280,280,0,26,26],"floor_reached":56,"playtime":3906,"items_purged":["Corpse Explosion","Deadly Poison"],"score":1185,"play_id":"52bf1fdf-38bd-4218-baef-b0f98258d28b","local_time":"20190101154550","is_ascension_mode":false,"campfire_choices":[{"data":"Dagger Spray","floor":8,"key":"SMITH"},{"data":"Backflip","floor":15,"key":"SMITH"},{"data":"Tools of the Trade","floor":23,"key":"SMITH"},{"data":"A Thousand Cuts","floor":27,"key":"SMITH"},{"data":"Footwork","floor":32,"key":"SMITH"},{"floor":40,"key":"RECALL"},{"data":"Backflip","floor":42,"key":"SMITH"},{"data":"Adrenaline","floor":47,"key":"SMITH"},{"data":"Adrenaline","floor":49,"key":"SMITH"},{"data":"Caltrops","floor":52,"key":"SMITH"}],"neow_cost":"NONE","seed_source_timestamp":1026599884647,"circlet_count":0,"master_deck":["Survivor+1","Neutralize+1","Leg Sweep","Dagger Spray+1","Bouncing Flask","Cloak And Dagger","Noxious Fumes","Endless Agony+1","Backflip+1","Tools of the Trade+1","Sucker Punch+1","A Thousand Cuts+1","Choke+1","Skewer+1","Dagger Throw+1","Escape Plan","Reflex","Backflip+1","Backflip+1","Die Die Die+1","Infinite Blades","Accuracy","Footwork+1","Adrenaline+1","Caltrops+1","Backflip+1","Adrenaline+1","Caltrops+1","Caltrops+1","Heel Hook+1","Caltrops","Caltrops+1"],"relics":["Coffee Dripper","Bloody Idol","Molten Egg 2","Bag of Marbles","Question Card","Pandora\u0027s Box","Sundial","Letter Opener","Red Mask","Cursed Key","Mango","Pen Nib","Pantograph"],"potions_floor_usage":[55,55],"damage_taken":[{"damage":3,"enemies":"Small Slimes","floor":1,"turns":5},{"damage":0,"enemies":"Cultist","floor":3,"turns":4},{"damage":0,"enemies":"2 Louse","floor":4,"turns":3},{"damage":31,"enemies":"3 Sentries","floor":6,"turns":11},{"damage":4,"enemies":"Blue Slaver","floor":10,"turns":2},{"damage":0,"enemies":"Large Slime","floor":11,"turns":5},{"damage":0,"enemies":"Looter","floor":12,"turns":3},{"damage":0,"enemies":"Red Slaver","floor":13,"turns":2},{"damage":6,"enemies":"Hexaghost","floor":16,"turns":9},{"damage":0,"enemies":"Chosen","floor":18,"turns":3},{"damage":0,"enemies":"Spheric Guardian","floor":19,"turns":2},{"damage":0,"enemies":"Centurion and Healer","floor":21,"turns":4},{"damage":0,"enemies":"Cultist and Chosen","floor":25,"turns":3},{"damage":0,"enemies":"Snecko","floor":28,"turns":4},{"damage":2,"enemies":"Shelled Parasite and Fungi","floor":29,"turns":4},{"damage":0,"enemies":"Masked Bandits","floor":31,"turns":2},{"damage":18,"enemies":"Champ","floor":33,"turns":9},{"damage":9,"enemies":"Orb Walker","floor":35,"turns":3},{"damage":0,"enemies":"3 Shapes","floor":38,"turns":3},{"damage":0,"enemies":"Maw","floor":39,"turns":6},{"damage":0,"enemies":"Sphere and 2 Shapes","floor":41,"turns":2},{"damage":8,"enemies":"Writhing Mass","floor":44,"turns":4},{"damage":0,"enemies":"3 Darklings","floor":46,"turns":3},{"damage":17,"enemies":"Jaw Worm Horde","floor":48,"turns":3},{"damage":15,"enemies":"Time Eater","floor":50,"turns":8},{"damage":17,"enemies":"Shield and Spear","floor":54,"turns":4},{"damage":54,"enemies":"The Heart","floor":55,"turns":5}],"seed_played":"7534347221699824880","potions_obtained":[{"floor":4,"key":"Strength Potion"},{"floor":11,"key":"GamblersBrew"},{"floor":16,"key":"SkillPotion"},{"floor":25,"key":"SkillPotion"},{"floor":31,"key":"FairyPotion"},{"floor":35,"key":"Explosive Potion"},{"floor":39,"key":"EssenceOfSteel"},{"floor":41,"key":"PowerPotion"}],"is_trial":false,"path_per_floor":["M","?","M","M","?","E","?","R","T","M","M","M","M","?","R","B",null,"M","M","?","M","T","R","?","M","T","R","M","M","?","?","R","B",null,"M","?","$","M","M","R","M","R","T","M","T","M","R","M","R","B",null,"R","$","E","B",null],"character_chosen":"THE_SILENT","items_purchased":["Mango","Pen Nib","Caltrops"],"campfire_rested":0,"item_purchase_floors":[37,53,53],"current_hp_per_floor":[67,67,67,67,50,19,42,42,42,38,38,38,38,35,35,29,70,70,70,70,70,70,70,70,70,70,70,70,70,70,70,70,57,70,66,66,80,84,84,84,84,84,84,81,81,84,84,72,72,57,84,84,84,72,30],"gold":26,"neow_bonus":"BOSS_RELIC","is_prod":false,"is_daily":false,"chose_seed":false,"campfire_upgraded":9,"win_rate":0,"timestamp":1546328750,"path_taken":["M","?","?","M","?","E","?","R","T","M","M","M","M","?","R","BOSS","M","M","?","?","?","R","?","M","T","R","M","M","?","?","R","BOSS","M","?","$","?","?","R","?","R","T","M","?","M","R","M","R","BOSS","R","$","E","BOSS"],"build_version":"2018-12-20","purchased_purges":2,"victory":true,"max_hp_per_floor":[70,70,70,70,70,70,70,70,70,70,70,70,70,70,70,70,70,70,70,70,70,70,70,70,70,70,70,70,70,70,70,70,70,70,70,70,84,84,84,84,84,84,84,84,84,84,84,84,84,84,84,84,84,84,84],"card_choices":[{"not_picked":["Dagger Throw","Deadly Poison","Poisoned Stab"],"picked":"SKIP","floor":1},{"not_picked":["Expertise","Flying Knee"],"picked":"Leg Sweep","floor":3},{"not_picked":["PiercingWail","Deflect"],"picked":"Dagger Spray","floor":4},{"not_picked":["Setup","Bane"],"picked":"Bouncing Flask","floor":6},{"not_picked":["Masterful Stab+1","Deflect"],"picked":"Cloak And Dagger","floor":10},{"not_picked":["Quick Slash+1","Blade Dance"],"picked":"Noxious Fumes","floor":11},{"not_picked":["Reflex","Crippling Poison"],"picked":"Endless Agony+1","floor":12},{"not_picked":["Tactician","Crippling Poison"],"picked":"Backflip","floor":13},{"not_picked":["Wraith Form v2","Grand Finale+1","Night Terror"],"picked":"Tools of the Trade","floor":16},{"not_picked":["Bane+1","Slice+1","Flying Knee+1","Distraction"],"picked":"SKIP","floor":18},{"not_picked":["Deflect","Bouncing Flask","Prepared"],"picked":"Backflip+1","floor":19},{"not_picked":["Underhanded Strike+1","Flying Knee+1","Skewer+1","Dodge and Roll"],"picked":"SKIP","floor":21},{"not_picked":["Finisher+1","Underhanded Strike+1","Dagger Spray+1"],"picked":"Die Die Die+1","floor":25},{"not_picked":["Bane+1","Slice+1","Sucker Punch+1"],"picked":"Infinite Blades","floor":28},{"not_picked":["Slice+1","Blade Dance+1","Quick Slash+1"],"picked":"Accuracy","floor":29},{"not_picked":["Dodge and Roll","Underhanded Strike+1","Outmaneuver"],"picked":"Footwork","floor":31},{"not_picked":["Doppelganger","Envenom","Unload+1"],"picked":"Adrenaline","floor":33},{"not_picked":["Dagger Spray+1","Prepared","Tactician+1"],"picked":"Caltrops+1","floor":35},{"not_picked":["Bane+1","Outmaneuver","PiercingWail"],"picked":"Backflip","floor":38},{"not_picked":["Sucker Punch+1","Concentrate","Expertise"],"picked":"Adrenaline","floor":39},{"not_picked":["Reflex+1","Sucker Punch+1","Infinite Blades"],"picked":"Caltrops","floor":41},{"not_picked":["Endless Agony+1","Distraction","Acrobatics","Backflip"],"picked":"SKIP","floor":44},{"not_picked":["Cloak And Dagger","Underhanded Strike+1","Prepared+1"],"picked":"Caltrops+1","floor":46},{"not_picked":["PiercingWail","Prepared+1","Dagger Throw+1"],"picked":"Heel Hook+1","floor":48},{"not_picked":["Acrobatics","Bane+1","Expertise+1"],"picked":"Caltrops+1","floor":54}],"player_experience":304678,"relics_obtained":[{"floor":6,"key":"Molten Egg 2"},{"floor":9,"key":"Bag of Marbles"},{"floor":26,"key":"Sundial"},{"floor":31,"key":"Red Mask"},{"floor":54,"key":"Pantograph"}],"event_choices":[{"damage_healed":0,"gold_gain":0,"player_choice":"Upgraded","damage_taken":0,"max_hp_gain":0,"max_hp_loss":0,"event_name":"Upgrade Shrine","floor":2,"gold_loss":0,"cards_upgraded":["Neutralize"]},{"damage_healed":0,"gold_gain":0,"player_choice":"Take Damage","damage_taken":17,"relics_obtained":["Golden Idol"],"max_hp_gain":0,"max_hp_loss":0,"event_name":"Golden Idol","floor":5,"gold_loss":0},{"damage_healed":23,"gold_gain":0,"player_choice":"Banana","damage_taken":0,"max_hp_gain":0,"max_hp_loss":0,"event_name":"Big Fish","floor":7,"gold_loss":0},{"damage_healed":0,"gold_gain":0,"player_choice":"Success","damage_taken":3,"relics_obtained":["Question Card"],"max_hp_gain":0,"max_hp_loss":0,"event_name":"Scrap Ooze","floor":14,"gold_loss":0},{"damage_healed":0,"gold_gain":0,"player_choice":"Copied","damage_taken":0,"max_hp_gain":0,"max_hp_loss":0,"event_name":"Duplicator","floor":20,"gold_loss":0,"cards_obtained":["Backflip"]},{"damage_healed":0,"gold_gain":0,"player_choice":"Gave Idol","damage_taken":0,"relics_obtained":["Bloody Idol"],"max_hp_gain":0,"max_hp_loss":0,"event_name":"Forgotten Altar","floor":24,"relics_lost":["Golden Idol"],"gold_loss":0},{"damage_healed":0,"gold_gain":0,"player_choice":"Opened","damage_taken":0,"relics_obtained":["Letter Opener"],"max_hp_gain":0,"max_hp_loss":0,"event_name":"The Mausoleum","floor":30,"gold_loss":0},{"damage_healed":0,"gold_gain":0,"player_choice":"Fought Bandits","damage_taken":0,"max_hp_gain":0,"max_hp_loss":0,"event_name":"Masked Bandits","floor":31,"gold_loss":0},{"cards_removed":["Corpse Explosion"],"damage_healed":0,"gold_gain":0,"player_choice":"Upgrade and Remove","damage_taken":0,"max_hp_gain":0,"max_hp_loss":0,"event_name":"Designer","floor":36,"gold_loss":90,"cards_upgraded":["Survivor"]}],"is_beta":false,"boss_relics":[{"not_picked":["Velvet Choker","Snecko Eye"],"picked":"Pandora\u0027s Box"},{"not_picked":["Calling Bell","Fusion Hammer"],"picked":"Cursed Key"}],"items_purged_floors":[37,53],"is_endless":false,"potions_floor_spawned":[4,11,16,25,29,31,33,35,39,41,54],"ascension_level":0}