{"gold_per_floor":[109,109,132,57,80,80,93,93,144,144,168,199,212,246,246,371,371,387,387,400,400,415,340,340],"floor_reached":24,"playtime":709,"items_purged":["Strike_B"],"score":350,"play_id":"58b9634e-7b95-4aae-80e9-2d4692b3478a","local_time":"20190212121557","is_ascension_mode":true,"campfire_choices":[{"data":"Darkness","floor":6,"key":"SMITH"},{"data":"Darkness","floor":8,"key":"SMITH"},{"floor":10,"key":"REST"},{"data":"Dualcast","floor":15,"key":"SMITH"}],"neow_cost":"TEN_PERCENT_HP_LOSS","seed_source_timestamp":56773629197584,"circlet_count":0,"master_deck":["AscendersBane","Strike_B+1","Defend_B","Defend_B","Defend_B","Defend_B","Dualcast+1","FTL+1","Darkness+1","Darkness+1","Echo Form","Multi-Cast"],"relics":["Cracked Core","Golden Idol","Oddly Smooth Stone","Whetstone","StoneCalendar","Inserter","Omamori"],"potions_floor_usage":[7,18],"damage_taken":[{"damage":10,"enemies":"Small Slimes","floor":1,"turns":3},{"damage":2,"enemies":"Jaw Worm","floor":3,"turns":3},{"damage":3,"enemies":"2 Louse","floor":5,"turns":3},{"damage":10,"enemies":"Gremlin Gang","floor":7,"turns":4},{"damage":6,"enemies":"Large Slime","floor":11,"turns":3},{"damage":0,"enemies":"Lagavulin","floor":12,"turns":4},{"damage":1,"enemies":"Blue Slaver","floor":13,"turns":3},{"damage":8,"enemies":"Gremlin Nob","floor":14,"turns":3},{"damage":6,"enemies":"Hexaghost","floor":16,"turns":6},{"damage":32,"enemies":"2 Thieves","floor":18,"turns":4},{"damage":18,"enemies":"Shell Parasite","floor":20,"turns":5},{"damage":12,"enemies":"Snecko","floor":22,"turns":5},{"damage":7,"enemies":"Slavers","floor":24,"turns":1}],"seed_played":"-870999341318861566","potions_obtained":[{"floor":3,"key":"SkillPotion"},{"floor":5,"key":"SteroidPotion"},{"floor":7,"key":"SteroidPotion"},{"floor":14,"key":"Regen Potion"},{"floor":18,"key":"Poison Potion"}],"is_trial":false,"path_per_floor":["M","?","M","$","M","R","M","R","T","R","M","E","M","E","R","B",null,"M","?","M","?","M","?","E"],"character_chosen":"DEFECT","items_purchased":[],"campfire_rested":1,"item_purchase_floors":[],"current_hp_per_floor":[58,41,39,39,36,36,26,26,26,46,40,40,39,31,31,25,57,37,37,19,19,7,7,0],"gold":340,"neow_bonus":"TRANSFORM_TWO_CARDS","is_prod":false,"is_daily":false,"chose_seed":false,"campfire_upgraded":3,"win_rate":0,"timestamp":1549970157,"path_taken":["M","?","M","$","M","R","M","R","T","R","M","E","M","E","R","BOSS","M","?","M","?","M","?","E"],"build_version":"2019-01-23","purchased_purges":1,"victory":false,"max_hp_per_floor":[68,68,68,68,68,68,68,68,68,68,68,68,68,68,68,68,68,68,68,68,68,68,68,68],"card_choices":[{"not_picked":["Barrage","Stack"],"picked":"Darkness","floor":1},{"not_picked":["Cold Snap","Consume","Barrage"],"picked":"SKIP","floor":3},{"not_picked":["Stack","Leap","Lockon"],"picked":"SKIP","floor":5},{"not_picked":["White Noise","Sweeping Beam","Beam Cell"],"picked":"SKIP","floor":7},{"not_picked":["Hello World","Cold Snap","Amplify"],"picked":"SKIP","floor":11},{"not_picked":["Hologram","Redo"],"picked":"Echo Form","floor":12},{"not_picked":["Go for the Eyes","Consume","Compile Driver"],"picked":"SKIP","floor":13},{"not_picked":["Biased Cognition","Conserve Battery","Cold Snap"],"picked":"SKIP","floor":14},{"not_picked":["Hyperbeam","Fission"],"picked":"Multi-Cast","floor":16},{"not_picked":["Lockon","Coolheaded","Rebound+1"],"picked":"SKIP","floor":18},{"not_picked":["Recycle","Hologram","Gash"],"picked":"SKIP","floor":20},{"not_picked":["Gash","Conserve Battery+1","Barrage"],"picked":"SKIP","floor":22}],"player_experience":1057534,"relics_obtained":[{"floor":9,"key":"Oddly Smooth Stone"},{"floor":12,"key":"Whetstone"},{"floor":14,"key":"StoneCalendar"}],"event_choices":[{"damage_healed":0,"gold_gain":0,"player_choice":"Take Damage","damage_taken":17,"relics_obtained":["Golden Idol"],"max_hp_gain":0,"max_hp_loss":0,"event_name":"Golden Idol","floor":2,"gold_loss":0},{"damage_healed":0,"gold_gain":0,"player_choice":"Opened","damage_taken":0,"relics_obtained":["Omamori"],"max_hp_gain":0,"max_hp_loss":0,"event_name":"The Mausoleum","floor":19,"gold_loss":0},{"damage_healed":0,"gold_gain":0,"player_choice":"Ignored","damage_taken":0,"max_hp_gain":0,"max_hp_loss":0,"event_name":"Cursed Tome","floor":21,"gold_loss":0},{"cards_removed":["Zap"],"damage_healed":0,"gold_gain":0,"player_choice":"Gave Gold","damage_taken":0,"max_hp_gain":0,"max_hp_loss":0,"event_name":"Beggar","floor":23,"gold_loss":75}],"is_beta":false,"boss_relics":[{"not_picked":["Runic Dome","Coffee Dripper"],"picked":"Inserter"}],"items_purged_floors":[4],"is_endless":false,"potions_floor_spawned":[3,5,7,14,16,18],"killed_by":"Slavers","ascension_level":10}