{"gold_per_floor":[113,126,51,62,78,78,92,122,145,165,182,36,53,68,68,170,170,187,237,237,20,119,154,154,165,165,165,39,39,51,51,51,149,149,160,211,226,274,288,288,307,307,333,333,80,127,127,139,139,139],"floor_reached":51,"playtime":4669,"items_purged":["Strike_R","Strike_R","Anger"],"score":989,"play_id":"57db8f4d-866f-4a7c-80b3-630571253add","local_time":"20180812040815","is_ascension_mode":true,"campfire_choices":[{"data":"Shrug It Off","floor":6,"key":"SMITH"},{"data":"Shrug It Off","floor":15,"key":"SMITH"},{"floor":24,"key":"REST"},{"data":"Shrug It Off","floor":27,"key":"SMITH"},{"floor":32,"key":"REST"},{"data":"Pommel Strike","floor":40,"key":"SMITH"},{"floor":49,"key":"REST"}],"neow_cost":"NONE","seed_source_timestamp":0,"circlet_count":0,"master_deck":["Bash+1","AscendersBane","Shrug It Off+1","Shrug It Off+1","Warcry+1","Shrug It Off+1","Offering+1","Headbutt+1","Pummel+1","Spot Weakness+1","Inflame+1","Pommel Strike+1","Pommel Strike+1","Shrug It Off+1","Body Slam+1","Impervious+1","Rage+1","Heavy Blade+1","Entrench+1","Bloodletting+1","Madness+1","Madness+1","Thinking Ahead+1","True Grit+1"],"special_seed":0,"relics":["Burning Blood","Tiny Chest","Bag of Preparation","Pandora\u0027s Box","Membership Card","Strawberry","Singing Bowl","War Paint","Pen Nib","White Beast Statue","Prayer Wheel","Orichalcum","Vajra","Juzu Bracelet","Mark of the Bloom"],"potions_floor_usage":[11,16,33,39,50,50,50],"damage_taken":[{"damage":1,"enemies":"Cultist","floor":1,"turns":4},{"damage":6,"enemies":"2 Louse","floor":2,"turns":3},{"damage":4,"enemies":"Jaw Worm","floor":4,"turns":4},{"damage":22,"enemies":"Exordium Wildlife","floor":5,"turns":5},{"damage":0,"enemies":"Red Slaver","floor":7,"turns":5},{"damage":0,"enemies":"Looter","floor":10,"turns":3},{"damage":13,"enemies":"Gremlin Gang","floor":11,"turns":12},{"damage":0,"enemies":"Blue Slaver","floor":13,"turns":4},{"damage":18,"enemies":"Large Slime","floor":14,"turns":8},{"damage":61,"enemies":"Slime Boss","floor":16,"turns":16},{"damage":7,"enemies":"3 Byrds","floor":18,"turns":4},{"damage":43,"enemies":"Slavers","floor":23,"turns":4},{"damage":6,"enemies":"Spheric Guardian","floor":25,"turns":4},{"damage":6,"enemies":"Snecko","floor":30,"turns":2},{"damage":41,"enemies":"Collector","floor":33,"turns":4},{"damage":0,"enemies":"3 Shapes","floor":35,"turns":5},{"damage":23,"floor":36,"turns":5},{"damage":8,"enemies":"Orb Walker","floor":37,"turns":4},{"damage":18,"enemies":"Sphere and 2 Shapes","floor":39,"turns":8},{"damage":21,"enemies":"Maw","floor":41,"turns":6},{"damage":2,"enemies":"3 Darklings","floor":48,"turns":6},{"damage":46,"enemies":"Donu and Deca","floor":50,"turns":8}],"seed_played":"-7973135260609716955","potions_obtained":[{"floor":1,"key":"Block Potion"},{"floor":10,"key":"Poison Potion"},{"floor":11,"key":"LiquidBronze"},{"floor":13,"key":"PowerPotion"},{"floor":25,"key":"PowerPotion"},{"floor":33,"key":"Regen Potion"},{"floor":35,"key":"SmokeBomb"},{"floor":36,"key":"GamblersBrew"},{"floor":37,"key":"Explosive Potion"},{"floor":39,"key":"LiquidBronze"},{"floor":41,"key":"Energy Potion"},{"floor":48,"key":"Block Potion"}],"is_trial":false,"path_per_floor":["M","M","$","M","M","R","M","?","T","M","M","$","M","M","R","B",null,"M","?","?","$","?","E","R","M","T","R","$","?","M","T","R","B",null,"M","?","M","T","M","R","M","?","T","?","$","T","?","M","R","B"],"character_chosen":"IRONCLAD","items_purchased":["Shrug It Off","Membership Card","Shrug It Off","War Paint","Thinking Ahead"],"campfire_rested":3,"item_purchase_floors":[12,21,21,28,45],"current_hp_per_floor":[77,77,77,79,63,63,69,69,69,75,68,68,74,62,62,7,62,61,61,61,61,61,31,57,57,57,57,57,57,59,59,85,50,79,85,70,70,70,75,75,64,64,64,52,52,52,52,50,50,4],"gold":139,"neow_bonus":"UPGRADE_CARD","is_prod":false,"is_daily":false,"chose_seed":false,"campfire_upgraded":4,"win_rate":0,"timestamp":1534061295,"path_taken":["M","?","$","M","M","R","M","?","T","M","M","?","M","?","R","BOSS","M","?","?","$","?","E","R","M","T","R","$","?","M","?","R","BOSS","M","?","M","?","M","R","M","?","T","?","$","?","?","M","R","BOSS"],"build_version":"2018-08-09","purchased_purges":3,"victory":true,"max_hp_per_floor":[80,80,80,80,80,80,80,80,80,80,80,80,80,80,80,80,80,80,80,80,80,80,87,87,87,87,87,87,87,89,89,89,89,89,89,91,93,93,95,95,99,99,99,99,99,99,99,101,101,101],"card_choices":[{"not_picked":["Seeing Red","Pummel","Flex"],"picked":"SKIP","floor":1},{"not_picked":["Feel No Pain","Burning Pact","Flame Barrier"],"picked":"SKIP","floor":2},{"not_picked":["Clothesline","Twin Strike","Pommel Strike"],"picked":"SKIP","floor":4},{"not_picked":["Heavy Blade","Headbutt"],"picked":"Shrug It Off","floor":5},{"not_picked":["Seeing Red","Pommel Strike"],"picked":"Shrug It Off","floor":7},{"not_picked":["Cleave","Brutality"],"picked":"Warcry","floor":10},{"not_picked":["Pommel Strike","Perfected Strike"],"picked":"Anger","floor":11},{"not_picked":["Fire Breathing","Wild Strike","Flex"],"picked":"SKIP","floor":13},{"not_picked":["Pommel Strike","Thunderclap","Warcry"],"picked":"SKIP","floor":14},{"not_picked":["Dark Embrace","Impervious"],"picked":"Offering","floor":16},{"not_picked":["Cleave","Heavy Blade","Headbutt"],"picked":"SKIP","floor":18},{"not_picked":["Ghostly Armor","Double Tap","Pommel Strike"],"picked":"SKIP","floor":23},{"not_picked":["Perfected Strike","Feel No Pain"],"picked":"Body Slam+1","floor":25},{"not_picked":["Flame Barrier","Perfected Strike","Clothesline"],"picked":"Singing Bowl","floor":30},{"not_picked":["Reaper","Fiend Fire"],"picked":"Impervious","floor":33},{"not_picked":["Uppercut+1","Clash+1"],"picked":"Rage+1","floor":35},{"not_picked":["Sentinel","Wild Strike+1","Perfected Strike+1"],"picked":"Singing Bowl","floor":36},{"not_picked":["Flame Barrier","Flex","Clothesline"],"picked":"Singing Bowl","floor":37},{"not_picked":["Reaper","Perfected Strike"],"picked":"Heavy Blade+1","floor":37},{"not_picked":["Corruption","Shockwave","Carnage+1"],"picked":"Singing Bowl","floor":39},{"not_picked":["Intimidate+1","Wild Strike+1"],"picked":"Entrench","floor":39},{"not_picked":["Heavy Blade+1","Anger","Searing Blow+1"],"picked":"Singing Bowl","floor":41},{"not_picked":["Reckless Charge","Flex","Warcry"],"picked":"Singing Bowl","floor":41},{"not_picked":["Intimidate+1","Feel No Pain+1"],"picked":"True Grit+1","floor":48},{"not_picked":["Body Slam","Havoc+1","Feel No Pain"],"picked":"Singing Bowl","floor":48}],"player_experience":205607,"relics_obtained":[{"floor":9,"key":"Bag of Preparation"},{"floor":23,"key":"Strawberry"},{"floor":26,"key":"Singing Bowl"},{"floor":31,"key":"Pen Nib"},{"floor":36,"key":"Prayer Wheel"},{"floor":38,"key":"Orichalcum"},{"floor":43,"key":"Vajra"},{"floor":46,"key":"Juzu Bracelet"}],"event_choices":[{"event_name":"WeMeetAgain","player_choice":"Potion","floor":8,"damage_taken":0},{"event_name":"The Joust","player_choice":"Bet on Murderer","floor":19,"damage_taken":0},{"event_name":"Vampires","player_choice":"Ignored","floor":20,"damage_taken":0},{"event_name":"Nest","player_choice":"Stole From Cult","floor":22,"damage_taken":0},{"event_name":"Addict","player_choice":"Ignored","floor":29,"damage_taken":0},{"event_name":"Mysterious Sphere","player_choice":"Fight","floor":36,"damage_taken":0},{"event_name":"Transmorgrifier","player_choice":"Transform","floor":42,"damage_taken":0},{"event_name":"Winding Halls","player_choice":"Embrace Madness","floor":44,"damage_taken":0},{"event_name":"MindBloom","player_choice":"Upgrade","floor":47,"damage_taken":0}],"is_beta":false,"boss_relics":[{"not_picked":["Ectoplasm","Mark of Pain"],"picked":"Pandora\u0027s Box"},{"not_picked":["Fusion Hammer","Orrery"],"picked":"White Beast Statue"}],"items_purged_floors":[3,12,45],"is_endless":false,"potions_floor_spawned":[1,10,11,13,25,33,35,36,37,39,41,48],"ascension_level":10}