{"gold_per_floor":[109,125,135,135,147,147,162,195,195,195,222,239,239,252,252,327,377,395,395,415,84,118,118,118],"floor_reached":24,"playtime":899,"items_purged":["Defend_B"],"score":416,"play_id":"d136beb2-1072-4d15-8a88-ecd1641e38a0","local_time":"20181213134845","is_ascension_mode":true,"campfire_choices":[{"data":"Zap","floor":6,"key":"SMITH"},{"data":"Beam Cell","floor":10,"key":"SMITH"},{"floor":13,"key":"REST"},{"data":"FTL","floor":15,"key":"SMITH"},{"floor":23,"key":"REST"}],"neow_cost":"NONE","seed_source_timestamp":71089907010013,"circlet_count":0,"master_deck":["AscendersBane","Strike_B","Strike_B","Strike_B","Strike_B","Defend_B","Defend_B","Zap+1","Dualcast","Gash","FTL+1","Steam","Undo","Beam Cell+1","Go for the Eyes","Conserve Battery+1","Core Surge","Biased Cognition","Compile Driver","Cold Snap","RitualDagger","Scrape","Glacier","Leap"],"relics":["Cracked Core","CultistMask","Bottled Lightning","Pantograph","Boot","Tiny House","Strange Spoon","Red Mask"],"potions_floor_usage":[5,8,16,17,20],"damage_taken":[{"damage":1,"enemies":"Cultist","floor":1,"turns":3},{"damage":0,"enemies":"Small Slimes","floor":2,"turns":3},{"damage":7,"enemies":"Jaw Worm","floor":3,"turns":2},{"damage":0,"enemies":"3 Louse","floor":5,"turns":3},{"damage":4,"enemies":"Exordium Wildlife","floor":7,"turns":3},{"damage":27,"enemies":"Gremlin Nob","floor":8,"turns":4},{"damage":24,"enemies":"3 Sentries","floor":11,"turns":9},{"damage":0,"enemies":"2 Fungi Beasts","floor":12,"turns":4},{"damage":0,"enemies":"Looter","floor":14,"turns":2},{"damage":37,"enemies":"Hexaghost","floor":16,"turns":9},{"damage":12,"enemies":"Spheric Guardian","floor":18,"turns":4},{"damage":0,"enemies":"3 Byrds","floor":20,"turns":4},{"damage":31,"enemies":"Masked Bandits","floor":22,"turns":5},{"damage":42,"enemies":"Book of Stabbing","floor":24,"turns":4}],"seed_played":"3324109025506386187","potions_obtained":[{"floor":1,"key":"AttackPotion"},{"floor":5,"key":"Ancient Potion"},{"floor":14,"key":"Strength Potion"},{"floor":17,"key":"Fruit Juice"},{"floor":18,"key":"SkillPotion"}],"is_trial":false,"path_per_floor":["M","M","M","?","M","R","M","E","T","R","E","M","R","M","R","B",null,"M","?","M","$","?","R","E"],"character_chosen":"DEFECT","items_purchased":["Strange Spoon","Glacier"],"campfire_rested":2,"item_purchase_floors":[21,21],"current_hp_per_floor":[63,63,56,56,56,56,52,25,25,25,1,1,22,22,22,10,66,54,48,48,48,17,41,0],"gold":118,"neow_bonus":"TRANSFORM_CARD","is_prod":false,"is_daily":false,"chose_seed":false,"campfire_upgraded":3,"win_rate":0,"timestamp":1544705325,"path_taken":["M","M","M","?","?","R","M","E","T","R","E","M","R","?","R","BOSS","M","?","M","$","?","R","E"],"build_version":"2018-12-06","purchased_purges":1,"victory":false,"max_hp_per_floor":[71,71,71,71,71,71,71,71,71,71,71,71,71,71,71,71,81,81,81,81,81,81,81,81],"card_choices":[{"not_picked":["Conserve Battery","Gash"],"picked":"FTL","floor":1},{"not_picked":["Blizzard","Coolheaded"],"picked":"Steam","floor":2},{"not_picked":["Go for the Eyes","Aggregate"],"picked":"Undo","floor":3},{"not_picked":["Darkness","Stack"],"picked":"Beam Cell","floor":5},{"not_picked":["Stack","Biased Cognition"],"picked":"Go for the Eyes","floor":7},{"not_picked":["Barrage","Turbo"],"picked":"Conserve Battery","floor":8},{"not_picked":["Steam","Go for the Eyes"],"picked":"Core Surge","floor":11},{"not_picked":["Barrage","Fusion","Beam Cell"],"picked":"SKIP","floor":12},{"not_picked":["Aggregate","Go for the Eyes","Conserve Battery"],"picked":"SKIP","floor":14},{"not_picked":["Machine Learning","Meteor Strike"],"picked":"Biased Cognition","floor":16},{"not_picked":["Beam Cell","Doom and Gloom"],"picked":"Compile Driver","floor":17},{"not_picked":["Streamline","Hello World"],"picked":"Cold Snap","floor":18},{"not_picked":["Compile Driver","Coolheaded"],"picked":"Scrape","floor":20},{"not_picked":["Heatsinks","Sunder"],"picked":"Leap","floor":22}],"player_experience":894566,"relics_obtained":[{"floor":8,"key":"Bottled Lightning"},{"floor":9,"key":"Pantograph"},{"floor":11,"key":"Boot"},{"floor":22,"key":"Red Mask"}],"event_choices":[{"damage_healed":0,"gold_gain":0,"player_choice":"Trade","damage_taken":0,"relics_obtained":["CultistMask"],"max_hp_gain":0,"max_hp_loss":0,"event_name":"FaceTrader","floor":4,"gold_loss":0},{"damage_healed":0,"gold_gain":0,"player_choice":"Joined the Cult","damage_taken":6,"max_hp_gain":0,"max_hp_loss":0,"event_name":"Nest","floor":19,"gold_loss":0,"cards_obtained":["RitualDagger"]},{"damage_healed":0,"gold_gain":0,"player_choice":"Fought Bandits","damage_taken":0,"max_hp_gain":0,"max_hp_loss":0,"event_name":"Masked Bandits","floor":22,"gold_loss":0}],"is_beta":false,"boss_relics":[{"not_picked":["Orrery","FrozenCore"],"picked":"Tiny House"}],"items_purged_floors":[21],"is_endless":false,"potions_floor_spawned":[1,5,14,18],"killed_by":"Book of Stabbing","ascension_level":20}