{"gold_per_floor":[115,132,151,163,183,209,209,209,277,309,309,341,341,186,186,186],"floor_reached":16,"playtime":907,"items_purged":[],"score":138,"play_id":"e93ab992-563c-4d21-942f-1ccdd8144c05","local_time":"20190217103547","is_ascension_mode":true,"campfire_choices":[{"floor":8,"key":"REST"},{"floor":13,"key":"REST"},{"data":"Immolate","floor":15,"key":"SMITH"}],"neow_cost":"NONE","seed_source_timestamp":77057704993918,"circlet_count":0,"master_deck":["Strike_R","Strike_R","Strike_R","Strike_R","Strike_R","Defend_R","Defend_R","Defend_R","Defend_R","Bash","Iron Wave","Pommel Strike","Feed","Flame Barrier+1","Immolate+1"],"relics":["Burning Blood","NeowsBlessing","Smiling Mask","WingedGreaves","Self Forming Clay","Regal Pillow","Charon\u0027s Ashes","Vajra"],"potions_floor_usage":[],"damage_taken":[{"damage":0,"enemies":"Jaw Worm","floor":1,"turns":1},{"damage":0,"enemies":"2 Louse","floor":2,"turns":1},{"damage":0,"enemies":"Cultist","floor":3,"turns":1},{"damage":5,"enemies":"2 Fungi Beasts","floor":4,"turns":3},{"damage":13,"enemies":"Exordium Wildlife","floor":5,"turns":3},{"damage":46,"enemies":"Lagavulin","floor":6,"turns":7},{"damage":24,"enemies":"3 Sentries","floor":10,"turns":11},{"damage":29,"enemies":"Gremlin Nob","floor":12,"turns":4},{"damage":55,"enemies":"Hexaghost","floor":16,"turns":9}],"seed_played":"1301145351317843919","potions_obtained":[{"floor":2,"key":"Poison Potion"},{"floor":4,"key":"Ancient Potion"},{"floor":5,"key":"LiquidBronze"}],"is_trial":false,"path_per_floor":["M","M","M","M","M","E","?","R","T","E","?","E","R","$","R","B"],"character_chosen":"IRONCLAD","items_purchased":["Vajra"],"campfire_rested":2,"item_purchase_floors":[14],"current_hp_per_floor":[80,80,80,80,73,36,29,53,53,38,38,15,55,55,55,0],"gold":186,"neow_bonus":"THREE_ENEMY_KILL","is_prod":false,"is_daily":false,"chose_seed":false,"campfire_upgraded":1,"win_rate":0,"timestamp":1550360147,"path_taken":["M","M","M","M","M","E","?","R","T","E","?","E","R","$","R","BOSS"],"build_version":"2019-01-23","purchased_purges":0,"victory":false,"max_hp_per_floor":[80,80,80,80,80,83,83,83,83,86,86,86,86,86,86,86],"card_choices":[{"not_picked":["Wild Strike","Warcry"],"picked":"Iron Wave","floor":1},{"not_picked":["Evolve","Searing Blow","Havoc"],"picked":"SKIP","floor":2},{"not_picked":["Dropkick","Rupture"],"picked":"Pommel Strike","floor":3},{"not_picked":["Anger","Combust","Body Slam"],"picked":"SKIP","floor":4},{"not_picked":["Battle Trance","Flex"],"picked":"Feed","floor":5},{"not_picked":["Ghostly Armor","Carnage"],"picked":"Flame Barrier","floor":6},{"not_picked":["Body Slam","Dropkick","Sword Boomerang"],"picked":"SKIP","floor":10},{"not_picked":["Flex","Intimidate"],"picked":"Immolate","floor":12}],"player_experience":187311,"relics_obtained":[{"floor":6,"key":"Smiling Mask"},{"floor":9,"key":"Self Forming Clay"},{"floor":10,"key":"Regal Pillow"},{"floor":12,"key":"Charon\u0027s Ashes"}],"event_choices":[{"damage_healed":0,"gold_gain":0,"player_choice":"Success","damage_taken":7,"relics_obtained":["WingedGreaves"],"max_hp_gain":0,"max_hp_loss":0,"event_name":"Scrap Ooze","floor":7,"gold_loss":0},{"damage_healed":0,"gold_gain":0,"player_choice":"Upgraded","damage_taken":0,"max_hp_gain":0,"max_hp_loss":0,"event_name":"Upgrade Shrine","floor":11,"gold_loss":0,"cards_upgraded":["Flame Barrier"]}],"is_beta":false,"boss_relics":[],"items_purged_floors":[],"is_endless":false,"potions_floor_spawned":[2,4,5,6],"killed_by":"Hexaghost","ascension_level":3}