{"gold_per_floor":[110,125,125,145,145,145,180,180,180,180,200,229,242,265,265,360,360,379,379,369,369,469,469,494,494,494,519,519,547,48,48,48,48],"floor_reached":33,"playtime":1279,"items_purged":["Strike_G"],"score":384,"play_id":"4101e5ab-9af1-4607-9eaf-eed2c901bd45","local_time":"20180923230810","is_ascension_mode":false,"campfire_choices":[{"data":"Neutralize","floor":6,"key":"SMITH"},{"data":"Bouncing Flask","floor":8,"key":"SMITH"},{"floor":15,"key":"DIG"},{"data":"Wraith Form v2","floor":23,"key":"SMITH"},{"floor":25,"key":"REST"},{"floor":32,"key":"REST"}],"neow_cost":"","seed_source_timestamp":180712829893202,"circlet_count":0,"master_deck":["Defend_G","Defend_G","Defend_G","Defend_G","Strike_G","Strike_G","Survivor","Neutralize+1","Deflect","All Out Attack+1","Crippling Poison","Bouncing Flask+1","Backstab","Bane","Cloak And Dagger","Wraith Form v2+1","Backstab","Dagger Throw+1","Tactician","Acrobatics","Backstab","Shame"],"relics":["Ring of the Snake","Gambling Chip","Bottled Lightning","Shovel","Mango","Happy Flower","Smiling Mask","Empty Cage","Incense Burner","Frozen Egg 2","Orichalcum","Sundial","Art of War","Question Card","Ancient Tea Set","HandDrill","Shuriken","Potion Belt"],"potions_floor_usage":[16,22,22,22,24,29],"damage_taken":[{"damage":0,"enemies":"Small Slimes","floor":1,"turns":5},{"damage":0,"enemies":"2 Louse","floor":2,"turns":3},{"damage":0,"enemies":"Cultist","floor":4,"turns":3},{"damage":12,"enemies":"3 Sentries","floor":7,"turns":9},{"damage":0,"enemies":"Lots of Slimes","floor":11,"turns":1},{"damage":0,"enemies":"Lagavulin","floor":12,"turns":5},{"damage":0,"enemies":"Looter","floor":13,"turns":2},{"damage":8,"enemies":"The Guardian","floor":16,"turns":8},{"damage":2,"enemies":"Spheric Guardian","floor":18,"turns":3},{"damage":0,"enemies":"2 Thieves","floor":20,"turns":4},{"damage":12,"enemies":"Colosseum Slavers","floor":22,"turns":5},{"damage":10,"enemies":"Colosseum Nobs","floor":22,"turns":4},{"damage":34,"enemies":"Book of Stabbing","floor":24,"turns":5},{"damage":0,"enemies":"Slavers","floor":27,"turns":5},{"damage":17,"enemies":"Gremlin Leader","floor":29,"turns":6},{"damage":51,"enemies":"Champ","floor":33,"turns":12}],"seed_played":"-1821172956512365351","potions_obtained":[{"floor":4,"key":"PowerPotion"},{"floor":7,"key":"Dexterity Potion"},{"floor":12,"key":"EssenceOfSteel"},{"floor":20,"key":"FearPotion"},{"floor":22,"key":"GamblersBrew"},{"floor":27,"key":"Explosive Potion"},{"floor":29,"key":"Energy Potion"}],"is_trial":false,"path_per_floor":["M","M","?","M","?","R","E","R","T","?","M","E","M","T","R","B",null,"M","?","M","?","?","R","E","R","T","E","T","E","$","?","R"],"character_chosen":"THE_SILENT","items_purchased":["HandDrill","Shuriken"],"campfire_rested":2,"item_purchase_floors":[30,30],"current_hp_per_floor":[70,70,70,70,67,67,55,55,55,48,48,62,62,62,62,54,84,82,82,82,66,44,44,10,36,36,36,36,19,19,19,45,0],"gold":48,"neow_bonus":"","is_prod":false,"is_daily":false,"chose_seed":false,"campfire_upgraded":3,"win_rate":0,"timestamp":1537736890,"path_taken":["M","M","?","?","?","R","E","R","T","?","?","E","M","?","R","BOSS","M","?","M","?","?","R","E","R","T","E","?","E","$","?","R","BOSS"],"build_version":"2018-09-20","purchased_purges":1,"victory":false,"max_hp_per_floor":[70,70,70,70,70,70,70,70,70,70,70,84,84,84,84,84,84,84,84,84,89,89,89,89,89,89,89,89,89,89,89,89,89],"card_choices":[{"not_picked":["Predator","Sucker Punch"],"picked":"Deflect","floor":1},{"not_picked":["Reflex","Underhanded Strike"],"picked":"All Out Attack","floor":2},{"not_picked":["Dodge and Roll","Underhanded Strike"],"picked":"Crippling Poison","floor":4},{"not_picked":["Well Laid Plans","Quick Slash"],"picked":"Bouncing Flask","floor":7},{"not_picked":["Finisher","Masterful Stab"],"picked":"Backstab","floor":11},{"not_picked":["Prepared","Dash"],"picked":"Bane","floor":12},{"not_picked":["Acrobatics","Concentrate"],"picked":"Cloak And Dagger","floor":13},{"not_picked":["After Image","Night Terror"],"picked":"Wraith Form v2","floor":16},{"not_picked":["Slice+1","Deflect","Acrobatics"],"picked":"SKIP","floor":18},{"not_picked":["All Out Attack","Corpse Explosion","Acrobatics"],"picked":"SKIP","floor":20},{"not_picked":["Footwork","Cloak And Dagger"],"picked":"Dagger Throw+1","floor":22},{"not_picked":["Quick Slash","Dodge and Roll"],"picked":"Tactician","floor":24},{"not_picked":["Storm of Steel","Finisher"],"picked":"Acrobatics","floor":27},{"not_picked":["Blade Dance+1","PiercingWail+1","Dodge and Roll+1"],"picked":"Backstab","floor":29}],"player_experience":758760,"relics_obtained":[{"floor":7,"key":"Bottled Lightning"},{"floor":9,"key":"Shovel"},{"floor":12,"key":"Mango"},{"floor":14,"key":"Happy Flower"},{"floor":15,"key":"Smiling Mask"},{"floor":22,"key":"Incense Burner"},{"floor":22,"key":"Frozen Egg 2"},{"floor":24,"key":"Orichalcum"},{"floor":26,"key":"Sundial"},{"floor":27,"key":"Art of War"},{"floor":28,"key":"Question Card"},{"floor":29,"key":"Ancient Tea Set"}],"event_choices":[{"event_name":"Living Wall","player_choice":"Grow","floor":3,"damage_taken":0},{"event_name":"Scrap Ooze","player_choice":"success","floor":5,"damage_taken":3},{"event_name":"Golden Wing","player_choice":"Card Removal","floor":10,"damage_taken":0},{"event_name":"Duplicator","player_choice":"One dupe","floor":19,"damage_taken":0},{"event_name":"Forgotten Altar","player_choice":"Shed Blood","floor":21,"damage_taken":0},{"event_name":"Colosseum","player_choice":"Fight","floor":22,"damage_taken":0},{"event_name":"Colosseum","player_choice":"Fought Nobs","floor":22,"damage_taken":0},{"event_name":"Addict","player_choice":"Stole Relic","floor":31,"damage_taken":0}],"is_beta":false,"boss_relics":[{"not_picked":["Sozu","Cursed Key"],"picked":"Empty Cage"}],"items_purged_floors":[30],"is_endless":false,"potions_floor_spawned":[4,7,12,20,22,27,29],"killed_by":"Champ","ascension_level":0}