{"gold_per_floor":[366,376,451,376,393,393,411,411,436,451,451,479,539,557,557,652,652,634,634,114,114,114,114,130,130,130,130,150,150,176,101,101,101],"floor_reached":33,"playtime":1710,"items_purged":["Strike_R","Defend_R"],"score":292,"play_id":"e40ab023-2bab-4f12-b090-5f1de0593822","local_time":"20180720015922","is_ascension_mode":true,"campfire_choices":[{"data":"Bash","floor":6,"key":"SMITH"},{"data":"Infernal Blade","floor":8,"key":"SMITH"},{"floor":11,"key":"REST"},{"floor":15,"key":"REST"},{"data":"Whirlwind","floor":23,"key":"SMITH"},{"floor":27,"key":"REST"},{"floor":29,"key":"REST"},{"data":"Shrug It Off","floor":32,"key":"SMITH"}],"neow_cost":"FIFTY_PERCENT_DAMAGE","seed_source_timestamp":44673737168668,"circlet_count":0,"master_deck":["Strike_R","Defend_R","Defend_R","Bash+1","Infernal Blade+1","Shrug It Off+1","Metallicize","Pommel Strike","Offering","Barricade+1","Dual Wield","Whirlwind+1","Flex+1"],"relics":["Burning Blood","Orichalcum","Odd Mushroom","Tiny Chest","Empty Cage","Bag of Marbles","Ornamental Fan","Ginger","Blue Candle"],"potions_floor_usage":[7,16,16,30,33],"damage_taken":[{"damage":10,"enemies":"Small Slimes","floor":1,"turns":4},{"damage":2,"enemies":"2 Louse","floor":2,"turns":4},{"damage":1,"enemies":"Cultist","floor":5,"turns":3},{"damage":25,"enemies":"Exordium Thugs","floor":7,"turns":6},{"damage":2,"enemies":"Looter","floor":10,"turns":4},{"damage":21,"floor":12,"turns":6},{"damage":0,"enemies":"Blue Slaver","floor":14,"turns":3},{"damage":31,"enemies":"Hexaghost","floor":16,"turns":9},{"damage":12,"enemies":"2 Thieves","floor":18,"turns":4},{"damage":52,"enemies":"Spheric Guardian","floor":24,"turns":15},{"damage":5,"enemies":"Snake Plant","floor":28,"turns":2},{"damage":5,"enemies":"Slavers","floor":30,"turns":3},{"damage":78,"enemies":"Champ","floor":33,"turns":14}],"seed_played":"5386871511135192716","potions_obtained":[{"floor":1,"key":"Weak Potion"},{"floor":10,"key":"FearPotion"},{"floor":14,"key":"SkillPotion"},{"floor":16,"key":"AttackPotion"},{"floor":18,"key":"GamblersBrew"}],"is_trial":false,"path_per_floor":["M","M","?","$","M","R","M","R","T","M","R","?","?","M","R","B",null,"M","?","$","?","?","R","M","T","T","R","M","R","E","?","R"],"character_chosen":"IRONCLAD","items_purchased":["Bag of Marbles","Barricade","Dual Wield","Whirlwind"],"campfire_rested":4,"item_purchase_floors":[20,20,20,20],"current_hp_per_floor":[36,48,37,37,42,42,23,23,23,27,51,36,36,42,66,41,80,74,74,74,74,74,74,28,28,28,52,53,77,78,78,78,0],"gold":101,"neow_bonus":"TWO_FIFTY_GOLD","is_prod":false,"is_daily":false,"chose_seed":false,"campfire_upgraded":4,"win_rate":0,"timestamp":1532066362,"path_taken":["M","M","?","?","M","R","?","R","T","M","R","?","?","M","R","BOSS","M","?","$","?","?","R","M","?","T","R","?","R","E","?","R","BOSS"],"build_version":"2018-07-19v2","purchased_purges":2,"victory":false,"max_hp_per_floor":[80,80,80,80,80,80,80,80,80,80,80,80,80,80,80,80,80,80,80,80,80,80,80,80,80,80,80,80,80,80,80,80,80],"card_choices":[{"not_picked":["Blood for Blood","Sword Boomerang"],"picked":"Infernal Blade","floor":1},{"not_picked":["Sentinel","Sword Boomerang","Wild Strike"],"picked":"SKIP","floor":2},{"not_picked":["Sword Boomerang","Clothesline"],"picked":"Shrug It Off","floor":5},{"not_picked":["Cleave","Entrench","Warcry"],"picked":"SKIP","floor":7},{"not_picked":["Anger","Sentinel","Body Slam"],"picked":"SKIP","floor":10},{"not_picked":["Clothesline","Fiend Fire"],"picked":"Metallicize","floor":12},{"not_picked":["Carnage","Rampage"],"picked":"Pommel Strike","floor":14},{"not_picked":["Juggernaut","Brutality"],"picked":"Offering","floor":16},{"not_picked":["Carnage","Metallicize","Searing Blow+1"],"picked":"SKIP","floor":18},{"not_picked":["Ghostly Armor","Heavy Blade+1","Warcry"],"picked":"SKIP","floor":24},{"not_picked":["Clothesline","Clash+1"],"picked":"Flex+1","floor":28},{"not_picked":["Shrug It Off","Inflame","Fire Breathing"],"picked":"SKIP","floor":30}],"player_experience":129817,"relics_obtained":[{"floor":9,"key":"Orichalcum"},{"floor":12,"key":"Odd Mushroom"},{"floor":25,"key":"Ornamental Fan"},{"floor":26,"key":"Ginger"},{"floor":30,"key":"Blue Candle"}],"event_choices":[{"event_name":"World of Goop","player_choice":"Gather Gold","floor":3,"damage_taken":0},{"event_name":"Mushrooms","player_choice":"Fought Mushrooms","floor":12,"damage_taken":0},{"event_name":"Dead Adventurer","player_choice":"Searched \u00272\u0027 times","floor":13,"damage_taken":0},{"event_name":"Back to Basics","player_choice":"Elegance","floor":19,"damage_taken":0},{"event_name":"Accursed Blacksmith","player_choice":"Forge","floor":21,"damage_taken":0},{"event_name":"Ghosts","player_choice":"Ignored","floor":22,"damage_taken":0},{"event_name":"Beggar","player_choice":"Gave Gold","floor":31,"damage_taken":0}],"is_beta":false,"boss_relics":[{"not_picked":["Orrery","Eternal Feather"],"picked":"Empty Cage"}],"items_purged_floors":[4,20],"is_endless":false,"potions_floor_spawned":[1,10,14,16,18],"killed_by":"Champ","ascension_level":1}