{"gold_per_floor":[114,11,21,35,35,35,45,55,55,55,130,55,55,75,75,172,172,183,93,103,120,20,20,30,30,30,30,40,40,40,59,59,161,161,176,191,191,191],"floor_reached":38,"playtime":3075,"items_purged":["Strike_G","Strike_G"],"score":368,"play_id":"2c182a1d-0c99-4c79-9056-f90f41d94279","local_time":"20190205192933","is_ascension_mode":false,"campfire_choices":[{"data":"Dagger Spray","floor":6.0,"key":"SMITH"},{"data":"Bouncing Flask","floor":10.0,"key":"SMITH"},{"data":"Dash","floor":13.0,"key":"SMITH"},{"data":"Flying Knee","floor":15.0,"key":"SMITH"},{"data":"Poisoned Stab","floor":23.0,"key":"SMITH"},{"data":"Malaise","floor":25.0,"key":"SMITH"},{"floor":29.0,"key":"REST"},{"floor":32.0,"key":"REST"}],"neow_cost":"NONE","seed_source_timestamp":771889225224517,"circlet_count":0,"master_deck":["Defend_G","Defend_G","Defend_G+1","Defend_G","Defend_G","Strike_G","Strike_G","Survivor","Neutralize+1","Flying Knee+1","Dash+1","Dagger Spray+1","Bouncing Flask+1","Heel Hook","Flying Knee","Malaise+1","Sucker Punch+1","Poisoned Stab+1","Bane","Envenom","Deadly Poison"],"special_seed":0,"relics":["Ring of the Snake"],"potions_floor_usage":[38],"damage_taken":[{"damage":1.0,"enemies":"Small Slimes","floor":1.0,"turns":3.0},{"damage":0.0,"enemies":"Cultist","floor":3.0,"turns":4.0},{"damage":1.0,"enemies":"Jaw Worm","floor":4.0,"turns":3.0},{"damage":4.0,"enemies":"Exordium Thugs","floor":7.0,"turns":5.0},{"damage":3.0,"enemies":"Exordium Wildlife","floor":8.0,"turns":4.0},{"damage":0.0,"enemies":"2 Fungi Beasts","floor":14.0,"turns":3.0},{"damage":19.0,"enemies":"Hexaghost","floor":16.0,"turns":8.0},{"damage":0.0,"enemies":"3 Byrds","floor":18.0,"turns":4.0},{"damage":3.0,"enemies":"Shell Parasite","floor":20.0,"turns":5.0},{"damage":14.0,"enemies":"Centurion and Healer","floor":21.0,"turns":7.0},{"damage":3.0,"enemies":"Snake Plant","floor":24.0,"turns":5.0},{"damage":29.0,"enemies":"3 Cultists","floor":28.0,"turns":5.0},{"damage":4.0,"enemies":"Cultist and Chosen","floor":31.0,"turns":5.0},{"damage":56.0,"enemies":"Champ","floor":33.0,"turns":12.0},{"damage":27.0,"enemies":"Orb Walker","floor":35.0,"turns":4.0},{"damage":31.0,"enemies":"3 Darklings","floor":36.0,"turns":7.0},{"damage":20,"enemies":"Spire Growth","floor":38,"turns":3}],"seed_played":"5246587140839772927","potions_obtained":[{"floor":3.0,"key":"Poison Potion"},{"floor":14.0,"key":"LiquidBronze"},{"floor":21.0,"key":"Weak Potion"},{"floor":27.0,"key":"GhostInAJar"},{"floor":33.0,"key":"PowerPotion"}],"is_trial":false,"path_per_floor":["M","$","M","M","?","R","M","M","T","R","?","$","R","M","R","B",null,"M","?","M","M","$","R","M","R","T","?","M","R","$","M","R","B",null,"M","M","?","M"],"character_chosen":"THE_SILENT","items_purchased":["SpeedPotion","Swift Potion"],"campfire_rested":2,"item_purchase_floors":[2,2],"current_hp_per_floor":[69,69,69,68,68,68,64,61,61,61,54,54,54,54,54,35,70,70,70,67,53,53,53,50,50,50,50,21,42,42,38,59,3,70,43,12,12,0],"gold":191,"neow_bonus":"UPGRADE_CARD","is_prod":false,"is_daily":false,"chose_seed":false,"campfire_upgraded":6,"win_rate":0,"timestamp":1549412973,"path_taken":["M","$","M","M","?","R","?","M","T","R","?","$","R","?","R","BOSS","M","?","?","M","$","R","M","R","T","?","M","R","$","M","R","BOSS","M","M","?","M"],"build_version":"2019-01-23","purchased_purges":2,"victory":false,"max_hp_per_floor":[70,70,70,70,70,70,70,70,70,70,70,70,70,70,70,70,70,70,70,70,70,70,70,70,70,70,70,70,70,70,70,70,70,70,70,70,70,70],"card_choices":[{"not_picked":["Acrobatics","All Out Attack"],"picked":"Flying Knee","floor":1.0},{"not_picked":["Terror","Reflex"],"picked":"Dash","floor":3.0},{"not_picked":["Choke","Deflect"],"picked":"Dagger Spray","floor":4.0},{"not_picked":["Calculated Gamble","Dagger Spray"],"picked":"Bouncing Flask","floor":7.0},{"not_picked":["Choke","Prepared"],"picked":"Heel Hook","floor":8.0},{"not_picked":["Dagger Spray","Dodge and Roll"],"picked":"Flying Knee","floor":14.0},{"not_picked":["Tools of the Trade","Bullet Time"],"picked":"Malaise","floor":16.0},{"not_picked":["Riddle With Holes","PiercingWail"],"picked":"Sucker Punch+1","floor":18.0},{"not_picked":["Prepared","Flying Knee"],"picked":"Poisoned Stab","floor":20.0},{"not_picked":["Infinite Blades+1","Caltrops"],"picked":"Bane","floor":21.0},{"not_picked":["Dodge and Roll","Blade Dance","Calculated Gamble"],"picked":"SKIP","floor":24.0},{"not_picked":["Underhanded Strike","Quick Slash","Tactician+1"],"picked":"SKIP","floor":28.0},{"not_picked":["Cloak And Dagger","Unload","Blade Dance"],"picked":"SKIP","floor":31.0},{"not_picked":["Grand Finale","Tools of the Trade"],"picked":"Envenom","floor":33.0},{"not_picked":["Acrobatics","Dodge and Roll+1"],"picked":"Deadly Poison","floor":35.0},{"not_picked":["Prepared","Backstab+1","Dagger Throw+1"],"picked":"SKIP","floor":36.0}],"player_experience":371259,"relics_obtained":[],"event_choices":[{"damage_healed":0.0,"max_hp_gain":0.0,"max_hp_loss":0.0,"gold_gain":0.0,"event_name":"WeMeetAgain","player_choice":"Ignored","floor":5.0,"gold_loss":0.0,"damage_taken":0.0},{"damage_healed":0.0,"max_hp_gain":0.0,"max_hp_loss":0.0,"gold_gain":75.0,"event_name":"FaceTrader","player_choice":"Touch","floor":11.0,"gold_loss":0.0,"damage_taken":7.0},{"cards_removed":["Strike_G"],"damage_healed":0.0,"max_hp_gain":0.0,"max_hp_loss":0.0,"gold_gain":0.0,"event_name":"Designer","player_choice":"Upgrade and Remove","floor":19.0,"gold_loss":90.0,"damage_taken":0.0,"cards_upgraded":["Defend_G"]},{"damage_healed":0.0,"max_hp_gain":0.0,"max_hp_loss":0.0,"gold_gain":0.0,"event_name":"Lab","player_choice":"Got Potions","floor":27.0,"gold_loss":0.0,"damage_taken":0.0},{"damage_healed":0.0,"max_hp_gain":0.0,"max_hp_loss":0.0,"gold_gain":0.0,"event_name":"Mysterious Sphere","player_choice":"Ignored","floor":37.0,"gold_loss":0.0,"damage_taken":0.0}],"is_beta":false,"boss_relics":[{"not_picked":["Orrery","HoveringKite","Velvet Choker"]},{"not_picked":["Coffee Dripper","Cursed Key","Calling Bell"]}],"items_purged_floors":[12,22],"is_endless":false,"potions_floor_spawned":[3,4,7,14,21,24,28,31,33],"killed_by":"Spire Growth","ascension_level":0}