{"gold_per_floor":[117,117,117,129,129,129,161,161,237,237,252,252,252,427,427,558,558,498,498,498,423,423,423,437,450,477,820,820,836,186,386,386,386],"floor_reached":33,"playtime":3130,"items_purged":["Strike_G"],"score":295,"play_id":"ff8b364a-a273-4006-a800-1070c00bcc5f","local_time":"20190221182222","is_ascension_mode":true,"campfire_choices":[{"data":"Crippling Poison","floor":6,"key":"SMITH"},{"floor":8,"key":"REST"},{"data":"Wraith Form v2","floor":10,"key":"SMITH"},{"floor":13,"key":"REST"},{"data":"Survivor","floor":15,"key":"SMITH"},{"data":"Well Laid Plans","floor":23,"key":"SMITH"},{"floor":32,"key":"REST"}],"neow_cost":"NONE","seed_source_timestamp":522037895594765,"circlet_count":0,"master_deck":["Defend_G","Defend_G","Defend_G","Defend_G+1","Defend_G","Strike_G","Strike_G","Survivor+1","Neutralize+1","Venomology","Wraith Form v2+1","Dagger Spray","Malaise","Well Laid Plans+1","Backflip","Sucker Punch","Backflip","Riddle With Holes","Dash","Caltrops","Catalyst"],"relics":["Ring of the Snake","Question Card","Bronze Scales","Bottled Tornado","Golden Idol","Busted Crown","Bag of Marbles","Old Coin","MutagenicStrength","Potion Belt","Strange Spoon"],"potions_floor_usage":[7,16,16,16,27,27,33,33,33,33],"damage_taken":[{"damage":0,"enemies":"Small Slimes","floor":1,"turns":4},{"damage":0,"enemies":"2 Louse","floor":4,"turns":3},{"damage":22,"enemies":"Lagavulin","floor":7,"turns":12},{"damage":0,"enemies":"Jaw Worm","floor":11,"turns":4},{"damage":55,"enemies":"Hexaghost","floor":16,"turns":11},{"damage":4,"enemies":"2 Thieves","floor":18,"turns":4},{"damage":0,"enemies":"Chosen","floor":24,"turns":7},{"damage":12,"enemies":"Snecko","floor":25,"turns":8},{"damage":27,"enemies":"Slavers","floor":27,"turns":5},{"damage":9,"enemies":"Shelled Parasite and Fungi","floor":29,"turns":11},{"damage":57,"enemies":"Champ","floor":33,"turns":19}],"seed_played":"-1554456666178639374","potions_obtained":[{"floor":11,"key":"Regen Potion"}],"is_trial":false,"path_per_floor":["?","?","?","M","?","?","?","?","?","?","M","?","?"],"character_chosen":"THE_SILENT","items_purchased":["Potion Belt","Dash","Caltrops","Catalyst","Strange Spoon"],"campfire_rested":3,"item_purchase_floors":[30,30,30,30,30],"current_hp_per_floor":[77,65,50,50,43,43,21,44,44,44,44,25,48,48,48,8,77,73,73,73,73,73,73,73,61,61,34,34,25,25,25,48,0],"gold":386,"neow_bonus":"TEN_PERCENT_HP_BONUS","is_prod":false,"is_daily":false,"chose_seed":false,"campfire_upgraded":4,"win_rate":0,"timestamp":1550798542,"path_taken":["M","?","?","M","?","R","E","R","T","R","?","?","R","?","R","BOSS","M","?","?","?","?","R","M","?","T","E","?","M","$","?","R","BOSS"],"build_version":"2019-01-23","purchased_purges":1,"victory":false,"max_hp_per_floor":[77,77,77,77,77,77,77,77,77,77,77,77,77,77,77,77,77,77,77,77,77,77,77,77,77,77,77,77,77,77,77,77,77],"card_choices":[{"not_picked":["Outmaneuver","Acrobatics"],"picked":"Crippling Poison","floor":1},{"not_picked":["Distraction","Bane","Dagger Throw"],"picked":"Venomology","floor":4},{"not_picked":["Quick Slash","Skewer","Prepared"],"picked":"Wraith Form v2","floor":7},{"not_picked":["Quick Slash","Dagger Throw","Underhanded Strike"],"picked":"Dagger Spray","floor":11},{"not_picked":["Bullet Time","Phantasmal Killer","Venomology"],"picked":"Malaise","floor":16},{"not_picked":["Deflect"],"picked":"Well Laid Plans","floor":18},{"not_picked":["Masterful Stab"],"picked":"Sucker Punch","floor":24},{"not_picked":["Deflect"],"picked":"Backflip","floor":25},{"not_picked":["Dagger Throw+1","Blade Dance+1"],"picked":"SKIP","floor":27},{"not_picked":["Backflip"],"picked":"Riddle With Holes","floor":29}],"player_experience":57223,"relics_obtained":[{"floor":7,"key":"Bronze Scales"},{"floor":9,"key":"Bottled Tornado"},{"floor":26,"key":"Bag of Marbles"},{"floor":27,"key":"Old Coin"}],"event_choices":[{"damage_healed":0,"gold_gain":0,"player_choice":"Success","damage_taken":12,"relics_obtained":["Question Card"],"max_hp_gain":0,"max_hp_loss":0,"event_name":"Scrap Ooze","floor":2,"gold_loss":0},{"damage_healed":0,"gold_gain":0,"player_choice":"Entered Light","damage_taken":15,"max_hp_gain":0,"max_hp_loss":0,"event_name":"Shining Light","floor":3,"gold_loss":0,"cards_upgraded":["Neutralize","Defend_G"]},{"cards_removed":["Strike_G"],"damage_healed":0,"gold_gain":0,"player_choice":"Card Removal","damage_taken":7,"max_hp_gain":0,"max_hp_loss":0,"event_name":"Golden Wing","floor":5,"gold_loss":0},{"damage_healed":0,"gold_gain":0,"player_choice":"Take Damage","damage_taken":19,"relics_obtained":["Golden Idol"],"max_hp_gain":0,"max_hp_loss":0,"event_name":"Golden Idol","floor":12,"gold_loss":0},{"damage_healed":0,"gold_gain":175,"player_choice":"AGREE","damage_taken":0,"max_hp_gain":0,"max_hp_loss":0,"event_name":"Liars Game","floor":14,"gold_loss":0,"cards_obtained":["Doubt"]},{"cards_removed":["Doubt"],"damage_healed":0,"gold_gain":0,"player_choice":"Elegance","damage_taken":0,"max_hp_gain":0,"max_hp_loss":0,"event_name":"Back to Basics","floor":19,"gold_loss":0},{"damage_healed":0,"gold_gain":0,"player_choice":"Read","damage_taken":0,"max_hp_gain":0,"max_hp_loss":0,"event_name":"The Library","floor":20,"gold_loss":0,"cards_obtained":["Backflip"]},{"cards_removed":["Crippling Poison"],"damage_healed":0,"gold_gain":0,"player_choice":"Gave Gold","damage_taken":0,"max_hp_gain":0,"max_hp_loss":0,"event_name":"Beggar","floor":21,"gold_loss":75},{"cards_removed":["Strike_G"],"damage_healed":0,"gold_gain":0,"player_choice":"Purged","damage_taken":0,"max_hp_gain":0,"max_hp_loss":0,"event_name":"Purifier","floor":22,"gold_loss":0},{"damage_healed":0,"gold_gain":0,"player_choice":"Inject Mutagens","damage_taken":0,"relics_obtained":["MutagenicStrength"],"max_hp_gain":0,"max_hp_loss":0,"event_name":"Drug Dealer","floor":28,"gold_loss":0},{"damage_healed":0,"gold_gain":200,"player_choice":"Gold","damage_taken":0,"max_hp_gain":0,"max_hp_loss":0,"event_name":"Wheel of Change","floor":31,"gold_loss":0}],"is_beta":false,"boss_relics":[{"not_picked":["Ectoplasm","Lizard Tail"],"picked":"Busted Crown"}],"items_purged_floors":[30],"is_endless":false,"potions_floor_spawned":[11,25,29],"killed_by":"Champ","ascension_level":1}