{"gold_per_floor":[117,267,280,295,295,295,72,72,99,129,129,164,164,5,5,82,82,92,92,104,115,115,115,125,125,176,511,511,561,575,490,490,569,569,587,93,193,193,203,203,232,232,232,264,214,245,245,245,245,245],"floor_reached":50,"playtime":1574,"items_purged":["Doubt","Strike_B+1","Strike_B+1"],"score":1175,"play_id":"28247406-cea5-4749-858c-e43347412c2b","local_time":"20190318163100","is_ascension_mode":true,"campfire_choices":[{"data":"Zap","floor":6.0,"key":"SMITH"},{"data":"Dualcast","floor":8.0,"key":"SMITH"},{"data":"Auto Shields","floor":11.0,"key":"SMITH"},{"data":"Ball Lightning","floor":13.0,"key":"SMITH"},{"data":"Strike_B","floor":15.0,"key":"SMITH"},{"data":"Buffer","floor":23.0,"key":"SMITH"},{"floor":25.0,"key":"REST"},{"floor":28.0,"key":"REST"},{"data":"Thunder Strike","floor":32.0,"key":"SMITH"},{"data":"BootSequence","floor":40.0,"key":"SMITH"},{"data":"Cold Snap","floor":42.0,"key":"SMITH"},{"floor":47.0,"key":"REST"},{"floor":49.0,"key":"RECALL"}],"neow_cost":"NONE","seed_source_timestamp":0,"circlet_count":0,"master_deck":["AscendersBane","Strike_B+1","Defend_B+1","Defend_B+1","Defend_B+1","Defend_B+1","Zap+1","Dualcast+1","Ball Lightning+1","Ball Lightning+1","Auto Shields+1","Buffer+1","BootSequence+1","Sweeping Beam+1","Cold Snap+1","Thunder Strike+1","Echo Form","Defragment+1","Chaos+1","Meteor Strike"],"special_seed":0,"relics":["Cracked Core","NeowsBlessing","Runic Capacitor","Oddly Smooth Stone","Orichalcum","Du-Vu Doll","Sozu","Lantern","Old Coin","Smiling Mask","Nuclear Battery","Cables","Bag of Preparation","WingedGreaves","Blood Vial","Darkstone Periapt","Ginger"],"potions_floor_usage":[],"damage_taken":[{"damage":0.0,"enemies":"Jaw Worm","floor":1.0,"turns":1.0},{"damage":0.0,"enemies":"2 Louse","floor":3.0,"turns":1.0},{"damage":0.0,"enemies":"Cultist","floor":4.0,"turns":1.0},{"damage":24.0,"enemies":"3 Sentries","floor":10.0,"turns":7.0},{"damage":8.0,"enemies":"Gremlin Nob","floor":12.0,"turns":4.0},{"damage":4.0,"enemies":"Hexaghost","floor":16.0,"turns":8.0},{"damage":9.0,"enemies":"Chosen","floor":18.0,"turns":4.0},{"damage":6.0,"enemies":"Shell Parasite","floor":20.0,"turns":5.0},{"damage":15.0,"enemies":"3 Cultists","floor":21.0,"turns":5.0},{"damage":20.0,"enemies":"Shelled Parasite and Fungi","floor":24.0,"turns":4.0},{"damage":7.0,"enemies":"Slavers","floor":27.0,"turns":5.0},{"damage":7.0,"enemies":"Cultist and Chosen","floor":30.0,"turns":5.0},{"damage":31.0,"enemies":"Collector","floor":33.0,"turns":10.0},{"damage":0.0,"enemies":"Orb Walker","floor":35.0,"turns":4.0},{"damage":15.0,"enemies":"Mind Bloom Boss Battle","floor":37.0,"turns":4.0},{"damage":2.0,"enemies":"3 Shapes","floor":39.0,"turns":2.0},{"damage":0.0,"enemies":"Reptomancer","floor":41.0,"turns":6.0},{"damage":13.0,"enemies":"Nemesis","floor":44.0,"turns":7.0},{"damage":20.0,"enemies":"Giant Head","floor":46.0,"turns":6.0},{"damage":62,"enemies":"Awakened One","floor":50,"turns":6}],"seed_played":"-3825112940273016315","potions_obtained":[{"floor":3.0,"key":"Weak Potion"},{"floor":4.0,"key":"Block Potion"},{"floor":12.0,"key":"PowerPotion"},{"floor":16.0,"key":"Dexterity Potion"}],"is_trial":false,"path_per_floor":["M","?","M","M","?","R","$","R","T","E","R","E","R","$","R","B",null,"M","?","M","M","?","R","M","R","T","E","R","?","M","?","R","B",null,"M","$","?","?","M","R","E","R","T","E","$","E","R","?","R","B"],"character_chosen":"DEFECT","items_purchased":["Runic Capacitor","FocusPotion","Cables","Bag of Preparation"],"campfire_rested":3,"item_purchase_floors":[7,14,36,36],"current_hp_per_floor":[64,64,64,64,43,43,43,43,43,19,19,11,11,11,11,7,55,46,46,40,25,25,25,5,26,26,19,40,40,33,33,33,2,54,54,54,39,39,37,37,37,37,37,26,26,8,29,58,58,0],"gold":245,"neow_bonus":"THREE_ENEMY_KILL","is_prod":false,"is_daily":false,"chose_seed":false,"campfire_upgraded":9,"win_rate":0,"timestamp":1552923060,"path_taken":["M","?","M","M","?","R","$","R","T","E","R","E","R","$","R","BOSS","M","?","?","M","?","R","M","R","T","E","R","?","M","?","R","BOSS","M","$","?","?","M","R","E","R","T","E","?","E","R","?","R","BOSS"],"build_version":"2019-01-23","purchased_purges":3,"victory":false,"max_hp_per_floor":[71,71,71,71,71,71,71,71,71,71,71,71,71,71,71,71,71,71,71,71,71,71,71,71,71,71,71,71,71,71,71,71,71,71,71,71,71,71,71,71,71,71,71,71,71,71,71,58,58,58],"card_choices":[{"not_picked":["Hologram","Steam"],"picked":"Ball Lightning","floor":1.0},{"not_picked":["Aggregate","Blizzard"],"picked":"Ball Lightning","floor":3.0},{"not_picked":["Undo","Stack","Redo"],"picked":"SKIP","floor":4.0},{"not_picked":["Sunder","Ball Lightning"],"picked":"Auto Shields","floor":10.0},{"not_picked":["Genetic Algorithm","Turbo","Barrage"],"picked":"SKIP","floor":12.0},{"not_picked":["Hyperbeam","Reboot"],"picked":"Buffer","floor":16.0},{"not_picked":["Sweeping Beam","Ball Lightning"],"picked":"BootSequence","floor":18.0},{"not_picked":["Genetic Algorithm","Beam Cell"],"picked":"Sweeping Beam+1","floor":20.0},{"not_picked":["Gash","Conserve Battery"],"picked":"Cold Snap","floor":21.0},{"not_picked":["Sunder","Melter","Double Energy"],"picked":"SKIP","floor":24.0},{"not_picked":["White Noise","Double Energy"],"picked":"Thunder Strike","floor":27.0},{"not_picked":["Steam","Stack","Gash"],"picked":"SKIP","floor":30.0},{"not_picked":["Reboot","Buffer"],"picked":"Echo Form","floor":33.0},{"not_picked":["Ball Lightning","Streamline"],"picked":"Defragment+1","floor":35.0},{"not_picked":["Ball Lightning","Go for the Eyes"],"picked":"Chaos+1","floor":37.0},{"not_picked":["Cold Snap","Loop+1","Go for the Eyes"],"picked":"SKIP","floor":39.0},{"not_picked":["Beam Cell","Conserve Battery+1","Sweeping Beam"],"picked":"SKIP","floor":41.0},{"not_picked":["Gash","Genetic Algorithm","Steam"],"picked":"SKIP","floor":44.0},{"not_picked":["Beam Cell","Leap"],"picked":"Meteor Strike","floor":46.0}],"player_experience":1196879,"relics_obtained":[{"floor":9.0,"key":"Oddly Smooth Stone"},{"floor":10.0,"key":"Orichalcum"},{"floor":12.0,"key":"Du-Vu Doll"},{"floor":26.0,"key":"Lantern"},{"floor":27.0,"key":"Old Coin"},{"floor":37.0,"key":"WingedGreaves"},{"floor":41.0,"key":"Blood Vial"},{"floor":44.0,"key":"Darkstone Periapt"},{"floor":46.0,"key":"Ginger"}],"event_choices":[{"damage_healed":0.0,"max_hp_gain":0.0,"max_hp_loss":0.0,"gold_gain":150.0,"event_name":"Liars Game","player_choice":"AGREE","floor":2.0,"gold_loss":0.0,"damage_taken":0.0,"cards_obtained":["Doubt"]},{"damage_healed":0.0,"max_hp_gain":0.0,"max_hp_loss":0.0,"gold_gain":0.0,"event_name":"Shining Light","player_choice":"Entered Light","floor":5.0,"gold_loss":0.0,"damage_taken":21.0,"cards_upgraded":["Ball Lightning","Defend_B"]},{"damage_healed":0.0,"max_hp_gain":0.0,"max_hp_loss":0.0,"gold_gain":0.0,"event_name":"Match and Keep!","player_choice":"0 cards matched","floor":19.0,"gold_loss":0.0,"damage_taken":0.0,"cards_obtained":[]},{"damage_healed":0.0,"max_hp_gain":0.0,"max_hp_loss":0.0,"gold_gain":0.0,"event_name":"Back to Basics","player_choice":"Simplicity","floor":22.0,"gold_loss":0.0,"damage_taken":0.0,"cards_upgraded":["Strike_B","Strike_B","Strike_B","Defend_B","Defend_B","Defend_B"]},{"damage_healed":0.0,"max_hp_gain":0.0,"max_hp_loss":0.0,"gold_gain":50.0,"event_name":"Nest","player_choice":"Stole From Cult","floor":29.0,"gold_loss":0.0,"damage_taken":0.0},{"damage_healed":0.0,"max_hp_gain":0.0,"max_hp_loss":0.0,"gold_gain":0.0,"event_name":"Addict","player_choice":"Obtained Relic","floor":31.0,"gold_loss":85.0,"damage_taken":0.0,"relics_obtained":["Smiling Mask"]},{"damage_healed":0.0,"max_hp_gain":0.0,"max_hp_loss":0.0,"gold_gain":0.0,"event_name":"MindBloom","player_choice":"Fight","floor":37.0,"gold_loss":0.0,"damage_taken":0.0},{"cards_removed":["Strike_B"],"damage_healed":0.0,"max_hp_gain":0.0,"max_hp_loss":0.0,"gold_gain":0.0,"event_name":"Falling","player_choice":"Removed Attack","floor":38.0,"gold_loss":0.0,"damage_taken":0.0},{"damage_healed":58.0,"max_hp_gain":0.0,"max_hp_loss":13.0,"gold_gain":0.0,"event_name":"The Moai Head","player_choice":"Heal","floor":48.0,"gold_loss":0.0,"damage_taken":0.0}],"is_beta":false,"boss_relics":[{"not_picked":["Busted Crown","Eternal Feather"],"picked":"Sozu"},{"not_picked":["Empty Cage","Philosopher\u0027s Stone"],"picked":"Nuclear Battery"}],"items_purged_floors":[14,36,45],"is_endless":false,"potions_floor_spawned":[3,4,12,16,27,33,39,41,44,46],"killed_by":"Awakened One","ascension_level":20}