{"gold_per_floor":[110,128,140,105,105,105,134,213,290,322,340,352,167,178,178,274,274,287,155,174,99,110,140,140],"floor_reached":24,"playtime":2883,"items_purged":[],"score":285,"play_id":"156d3c11-74d5-4e5d-899c-7819879d3e67","local_time":"20190118000251","is_ascension_mode":true,"campfire_choices":[{"data":"Infinite Blades","floor":6.0,"key":"SMITH"},{"floor":15.0,"key":"REST"}],"neow_cost":"PERCENT_DAMAGE","seed_source_timestamp":93559151105752,"circlet_count":0,"master_deck":["Defend_G","Defend_G","Defend_G","Defend_G","Strike_G","Strike_G","Strike_G","Strike_G","Strike_G","Survivor","Neutralize","Infinite Blades+1","Choke","Outmaneuver","A Thousand Cuts","Underhanded Strike","Cloak And Dagger","Secret Weapon","Flying Knee","Envenom","Well Laid Plans","Trip","Flying Knee","Blade Dance+1"],"special_seed":0,"relics":["Ring of the Snake","Du-Vu Doll","Boot","Pen Nib","Sundial","FossilizedHelix","Busted Crown","Pantograph"],"potions_floor_usage":[23,23],"damage_taken":[{"damage":0.0,"enemies":"Jaw Worm","floor":1.0,"turns":5.0},{"damage":2.0,"enemies":"Small Slimes","floor":2.0,"turns":5.0},{"damage":3.0,"enemies":"2 Louse","floor":3.0,"turns":3.0},{"damage":16.0,"enemies":"Gremlin Nob","floor":7.0,"turns":4.0},{"damage":22.0,"enemies":"3 Sentries","floor":10.0,"turns":7.0},{"damage":1.0,"enemies":"Red Slaver","floor":11.0,"turns":3.0},{"damage":0.0,"enemies":"3 Louse","floor":12.0,"turns":3.0},{"damage":0.0,"enemies":"2 Fungi Beasts","floor":14.0,"turns":3.0},{"damage":24.0,"enemies":"The Guardian","floor":16.0,"turns":13.0},{"damage":16.0,"enemies":"2 Thieves","floor":18.0,"turns":4.0},{"damage":0.0,"enemies":"Spheric Guardian","floor":20.0,"turns":3.0},{"damage":16,"enemies":"3 Cultists","floor":22,"turns":6},{"damage":27,"enemies":"Book of Stabbing","floor":23,"turns":5},{"damage":11,"enemies":"Sentry and Sphere","floor":24,"turns":3}],"seed_played":"2290774144500307525","potions_obtained":[{"floor":1.0,"key":"GamblersBrew"},{"floor":7.0,"key":"EssenceOfSteel"},{"floor":11.0,"key":"Energy Potion"},{"floor":12.0,"key":"GhostInAJar"},{"floor":16.0,"key":"SteroidPotion"},{"floor":22,"key":"Fruit Juice"}],"is_trial":false,"path_per_floor":["M","M","M","?","?","R","E","?","T","E","M","M","$","M","R","B",null,"M","$","M","?","M","E","M"],"character_chosen":"THE_SILENT","items_purchased":["Secret Weapon","Well Laid Plans","Trip"],"campfire_rested":1,"item_purchase_floors":[13,19,19],"current_hp_per_floor":[49,47,44,61,54,54,38,38,38,16,15,15,15,15,36,12,56,40,40,40,40,24,2,0],"gold":140,"neow_bonus":"ONE_RARE_RELIC","is_prod":false,"is_daily":false,"chose_seed":false,"campfire_upgraded":1,"win_rate":0,"timestamp":1547787771,"path_taken":["M","M","M","?","?","R","E","?","T","E","?","M","$","M","R","BOSS","M","$","M","?","M","E","M"],"build_version":"2019-01-17","purchased_purges":0,"victory":false,"max_hp_per_floor":[70,70,70,70,70,70,70,70,70,70,70,70,70,70,70,70,70,70,70,70,70,70,75,75],"card_choices":[{"not_picked":["Flechettes","PiercingWail"],"picked":"Infinite Blades","floor":1.0},{"not_picked":["Poisoned Stab","Dagger Spray"],"picked":"Choke","floor":2.0},{"not_picked":["Slice","Deadly Poison"],"picked":"Outmaneuver","floor":3.0},{"not_picked":["Bane","Backflip"],"picked":"A Thousand Cuts","floor":7.0},{"not_picked":["Slice","Outmaneuver","Poisoned Stab"],"picked":"SKIP","floor":10.0},{"not_picked":["Expertise","Finisher"],"picked":"Underhanded Strike","floor":11.0},{"not_picked":["PiercingWail","Riddle With Holes"],"picked":"Cloak And Dagger","floor":12.0},{"not_picked":["PiercingWail","Deadly Poison"],"picked":"Flying Knee","floor":14.0},{"not_picked":["Wraith Form v2","Doppelganger"],"picked":"Envenom","floor":16.0},{"not_picked":["Heel Hook"],"picked":"SKIP","floor":18.0},{"not_picked":[],"picked":"Flying Knee","floor":20.0},{"not_picked":[],"picked":"Blade Dance+1","floor":22},{"not_picked":["Skewer"],"picked":"SKIP","floor":23}],"player_experience":238692,"relics_obtained":[{"floor":7.0,"key":"Pen Nib"},{"floor":9.0,"key":"Sundial"},{"floor":10.0,"key":"FossilizedHelix"},{"floor":23,"key":"Pantograph"}],"event_choices":[{"damage_healed":17.0,"max_hp_gain":0.0,"max_hp_loss":0.0,"gold_gain":0.0,"event_name":"The Cleric","player_choice":"Healed","floor":4.0,"gold_loss":35.0,"damage_taken":0.0},{"damage_healed":0.0,"max_hp_gain":0.0,"max_hp_loss":0.0,"gold_gain":0.0,"event_name":"Scrap Ooze","player_choice":"Success","floor":5.0,"gold_loss":0.0,"damage_taken":7.0,"relics_obtained":["Boot"]},{"damage_healed":0.0,"max_hp_gain":0.0,"max_hp_loss":0.0,"gold_gain":79.0,"event_name":"Golden Wing","player_choice":"Gained Gold","floor":8.0,"gold_loss":0.0,"damage_taken":0.0},{"cards_removed":["Defend_G"],"damage_healed":0.0,"max_hp_gain":0.0,"max_hp_loss":0.0,"gold_gain":0.0,"event_name":"Beggar","player_choice":"Gave Gold","floor":21.0,"gold_loss":75.0,"damage_taken":0.0}],"is_beta":false,"boss_relics":[{"not_picked":["Ring of the Serpent","Snecko Eye"],"picked":"Busted Crown"}],"items_purged_floors":[],"is_endless":false,"potions_floor_spawned":[1,7,11,12,16,22],"killed_by":"Sentry and Sphere","ascension_level":5}