{"gold_per_floor":[114,114,129,144,144,144,144,144,219,219,249,264,279,294,294,394,394,409,424,124,139,139,169,169,184,184,184,184,184,199,214,214,314,314,329,379,379,379,379],"floor_reached":39,"playtime":4164,"items_purged":[],"score":501,"play_id":"c04928dc-8600-4287-8f70-6965a79b6b25","local_time":"20180629232202","daily_mods":["Insanity","Uncertain Future","Hoarder"],"is_ascension_mode":false,"campfire_choices":[{"data":"Immolate","floor":8.0,"key":"SMITH"},{"data":"Double Tap","floor":10.0,"key":"SMITH"},{"data":"Bludgeon","floor":15.0,"key":"SMITH"},{"floor":24.0,"key":"REST"},{"floor":27.0,"key":"REST"},{"floor":32.0,"key":"REST"}],"neow_cost":"","seed_source_timestamp":0,"circlet_count":0,"master_deck":["Barricade","Heavy Blade","Seeing Red","Double Tap+1","Shrug It Off","Power Through","Rampage","Ghostly Armor","Headbutt","Uppercut","Sever Soul","Warcry","Metallicize","Demon Form","Heavy Blade","Reckless Charge","Warcry","Intimidate","Bludgeon+1","Immolate+1","Uppercut","Ghostly Armor","Rampage","Dual Wield","Inflame","Flex","Havoc","Havoc","Berserk","Bash","Shrug It Off","Thunderclap","Armaments","Rage","Havoc","Iron Wave","Shockwave","Entrench","Inflame","Rage","Barricade+1","Reaper","Rampage","Cleave","Defend_R","Perfected Strike","Uppercut+1","Perfected Strike","Perfected Strike","Perfected Strike","Perfected Strike","Perfected Strike","Perfected Strike"],"special_seed":17711,"relics":["Burning Blood","Juzu Bracelet","Bottled Flame","Ice Cream","Lizard Tail","Incense Burner","Dream Catcher","Peace Pipe","Singing Bowl","Empty Cage","Turnip"],"potions_floor_usage":[],"damage_taken":[{"damage":0.0,"enemies":"Small Slimes","floor":1.0,"turns":1.0},{"damage":0.0,"enemies":"Jaw Worm","floor":3.0,"turns":2.0},{"damage":0.0,"enemies":"Cultist","floor":4.0,"turns":2.0},{"damage":2.0,"enemies":"Gremlin Nob","floor":11.0,"turns":3.0},{"damage":0.0,"enemies":"Gremlin Gang","floor":12.0,"turns":1.0},{"damage":12.0,"enemies":"Blue Slaver","floor":13.0,"turns":2.0},{"damage":0.0,"enemies":"Exordium Wildlife","floor":14.0,"turns":1.0},{"damage":20.0,"enemies":"Slime Boss","floor":16.0,"turns":13.0},{"damage":29.0,"enemies":"2 Thieves","floor":18.0,"turns":3.0},{"damage":14.0,"enemies":"Shell Parasite","floor":19.0,"turns":5.0},{"damage":26.0,"enemies":"Cultist and Chosen","floor":21.0,"turns":7.0},{"damage":7.0,"enemies":"Slavers","floor":23.0,"turns":2.0},{"damage":14.0,"enemies":"Snecko","floor":25.0,"turns":5.0},{"damage":16.0,"enemies":"Centurion and Healer","floor":30.0,"turns":5.0},{"damage":10.0,"enemies":"Sentry and Sphere","floor":31.0,"turns":4.0},{"damage":115.0,"enemies":"Automaton","floor":33.0,"turns":11.0},{"damage":14,"enemies":"3 Shapes","floor":35,"turns":3},{"damage":49,"floor":36,"turns":5},{"damage":10,"enemies":"3 Darklings","floor":39,"turns":2}],"seed_played":"6162315489128863662","potions_obtained":[{"floor":1.0,"key":"PowerPotion"},{"floor":5.0,"key":"SteroidPotion"},{"floor":5.0,"key":"Weak Potion"},{"floor":19.0,"key":"Block Potion"},{"floor":23.0,"key":"SteroidPotion"},{"floor":36,"key":"Block Potion"}],"is_trial":false,"path_per_floor":["M","?","M","M","?","T","$","R","T","R","E","M","M","M","R","B",null,"M","M","$","M","?","E","R","M","T","R","?","?","M","M","R","B",null,"M","?","?","?"],"character_chosen":"IRONCLAD","items_purchased":["Incense Burner"],"campfire_rested":3,"item_purchase_floors":[],"current_hp_per_floor":[80,64,70,76,76,76,76,76,76,76,80,80,74,80,80,66,80,57,55,55,38,23,22,47,39,39,64,64,64,56,54,82,44,93,87,46,46,46,36],"gold":379,"neow_bonus":"","is_prod":false,"is_daily":true,"chose_seed":false,"campfire_upgraded":3,"win_rate":0.0,"timestamp":1530328922,"path_taken":["M","?","M","M","?","?","$","R","T","R","E","M","M","M","R","BOSS","M","M","$","M","?","E","R","M","T","R","?","?","M","M","R","BOSS","M","?","?","?","M"],"build_version":"2018-06-28","purchased_purges":0,"victory":false,"max_hp_per_floor":[80,80,80,80,80,80,80,80,80,80,80,80,80,80,80,80,80,80,80,80,80,85,85,85,85,85,85,85,85,87,89,91,93,93,95,97,97,97,97],"card_choices":[{"not_picked":["Ghostly Armor","Warcry"],"picked":"Perfected Strike","floor":1.0},{"not_picked":["Headbutt","Warcry","Pommel Strike"],"picked":"SKIP","floor":3.0},{"not_picked":["Feel No Pain","Headbutt","Anger"],"picked":"SKIP","floor":4.0},{"not_picked":["Uppercut","Pummel","Entrench"],"picked":"SKIP","floor":11.0},{"not_picked":["Rampage","Inflame","Flex"],"picked":"SKIP","floor":12.0},{"not_picked":["Sword Boomerang","Metallicize","Carnage"],"picked":"SKIP","floor":13.0},{"not_picked":["Flame Barrier","Carnage","True Grit"],"picked":"SKIP","floor":14.0},{"not_picked":["Whirlwind","Pommel Strike+1","Warcry"],"picked":"SKIP","floor":18.0},{"not_picked":["Clash","Iron Wave","Flame Barrier+1"],"picked":"SKIP","floor":19.0},{"not_picked":["Heavy Blade","Body Slam","Wild Strike"],"picked":"SKIP","floor":21.0},{"not_picked":["Exhume","Headbutt","Blood for Blood"],"picked":"SKIP","floor":23.0},{"not_picked":["Heavy Blade","Anger","Ghostly Armor+1"],"picked":"SKIP","floor":25.0},{"not_picked":["Sword Boomerang","Armaments+1"],"picked":"Perfected Strike","floor":27.0},{"not_picked":["Flame Barrier+1","Body Slam","Juggernaut"],"picked":"Singing Bowl","floor":30.0},{"not_picked":["Sword Boomerang+1","Anger","Armaments"],"picked":"Singing Bowl","floor":31.0},{"not_picked":["Entrench","Body Slam+1","Heavy Blade"],"picked":"Singing Bowl","floor":32.0},{"not_picked":["Bludgeon","Immolate","Barricade"],"picked":"Singing Bowl","floor":33.0},{"not_picked":["Heavy Blade","Warcry+1","Rage"],"picked":"Singing Bowl","floor":35},{"not_picked":["Heavy Blade","Twin Strike","Cleave+1"],"picked":"Singing Bowl","floor":36}],"player_experience":61178,"relics_obtained":[{"floor":6.0,"key":"Juzu Bracelet"},{"floor":9.0,"key":"Bottled Flame"},{"floor":11.0,"key":"Ice Cream"},{"floor":23.0,"key":"Dream Catcher"},{"floor":26.0,"key":"Peace Pipe"},{"floor":36,"key":"Turnip"}],"event_choices":[{"event_name":"Shining Light","player_choice":"Entered Light","floor":2.0,"damage_taken":0.0},{"event_name":"The Lab","player_choice":"Got Potions","floor":5.0,"damage_taken":0.0},{"event_name":"Forgotten Altar","player_choice":"Shed Blood","floor":22.0,"damage_taken":0.0},{"event_name":"Ghosts","player_choice":"Ignored","floor":28.0,"damage_taken":0.0},{"event_name":"The Mausoleum","player_choice":"Yes","floor":29.0,"damage_taken":0.0},{"event_name":"Mysterious Sphere","player_choice":"Fight","floor":36,"damage_taken":0},{"event_name":"Tomb of Lord Red Mask","player_choice":"Ignored","floor":37,"damage_taken":0},{"event_name":"Falling","player_choice":"Removed Attack","floor":38,"damage_taken":0}],"boss_relics":[{"not_picked":["Runic Dome","Cursed Key"],"picked":"Lizard Tail"},{"not_picked":["Orrery","Sozu"],"picked":"Empty Cage"}],"items_purged_floors":[],"is_endless":false,"potions_floor_spawned":[1,11,12,14,19,21,23,25,36],"killed_by":"3 Darklings","ascension_level":0}