{"gold_per_floor":[13,32,42,55,67,98,98,23,23,54,229,248,6,17,17,122,122,141,37,57,57,73,73,83,103,103,103],"floor_reached":27,"playtime":3212,"items_purged":["Strike_G","Doubt","Strike_G"],"score":298,"play_id":"ecc3f0b5-0b0c-4337-924d-81a82d629026","local_time":"20190124014430","is_ascension_mode":true,"campfire_choices":[{"data":"Accuracy","floor":15.0,"key":"SMITH"},{"floor":23.0,"key":"REST"}],"neow_cost":"NO_GOLD","seed_source_timestamp":121155891226503,"circlet_count":0,"master_deck":["Defend_G+1","Defend_G","Defend_G","Defend_G+1","Defend_G","Strike_G","Strike_G","Strike_G","Survivor","Neutralize","Sucker Punch","Sucker Punch","Blade Dance","Accuracy+1","Die Die Die","Backflip","Quick Slash","Flying Knee","Corpse Explosion","Blade Dance","Quick Slash+1"],"special_seed":0,"relics":["Ring of the Snake","FossilizedHelix","Regal Pillow","Smiling Mask","Art of War","Lee\u0027s Waffle","WristBlade","War Paint"],"potions_floor_usage":[27,27],"damage_taken":[{"damage":0.0,"enemies":"Small Slimes","floor":1.0,"turns":3.0},{"damage":0.0,"enemies":"Jaw Worm","floor":2.0,"turns":4.0},{"damage":0.0,"enemies":"2 Louse","floor":3.0,"turns":3.0},{"damage":0.0,"enemies":"Blue Slaver","floor":4.0,"turns":3.0},{"damage":14.0,"enemies":"Gremlin Gang","floor":5.0,"turns":5.0},{"damage":14.0,"enemies":"Gremlin Nob","floor":6.0,"turns":5.0},{"damage":26.0,"enemies":"Lagavulin","floor":10.0,"turns":7.0},{"damage":0.0,"enemies":"Exordium Wildlife","floor":12.0,"turns":5.0},{"damage":7.0,"enemies":"Exordium Thugs","floor":14.0,"turns":5.0},{"damage":63.0,"enemies":"The Guardian","floor":16.0,"turns":18.0},{"damage":16.0,"enemies":"Spheric Guardian","floor":18.0,"turns":4.0},{"damage":14.0,"enemies":"2 Thieves","floor":20.0,"turns":3.0},{"damage":24.0,"enemies":"Snake Plant","floor":22.0,"turns":5.0},{"damage":4.0,"enemies":"Cultist and Chosen","floor":24.0,"turns":4.0},{"damage":19.0,"enemies":"Sentry and Sphere","floor":25.0,"turns":4.0},{"damage":26,"enemies":"Book of Stabbing","floor":27,"turns":5}],"seed_played":"8829691697959892624","potions_obtained":[{"floor":2.0,"key":"PowerPotion"},{"floor":4.0,"key":"SpeedPotion"},{"floor":10.0,"key":"PowerPotion"},{"floor":14.0,"key":"SpeedPotion"},{"floor":20.0,"key":"Fire Potion"},{"floor":24.0,"key":"GhostInAJar"}],"is_trial":false,"path_per_floor":["M","M","M","M","M","E","?","$","T","E","?","M","$","M","R","B",null,"M","$","M","?","M","R","M","M","T","E"],"character_chosen":"THE_SILENT","items_purchased":["Lee\u0027s Waffle","Blade Dance"],"campfire_rested":1,"item_purchase_floors":[13,19],"current_hp_per_floor":[63,63,63,63,49,35,58,58,58,32,32,32,77,70,70,7,60,44,44,30,30,6,44,40,21,21,0],"gold":103,"neow_bonus":"ONE_RARE_RELIC","is_prod":false,"is_daily":false,"chose_seed":false,"campfire_upgraded":1,"win_rate":0,"timestamp":1548312270,"path_taken":["M","M","M","M","M","E","?","$","T","E","?","M","$","M","R","BOSS","M","$","M","?","M","R","M","M","T","E"],"build_version":"2019-01-23","purchased_purges":3,"victory":false,"max_hp_per_floor":[70,70,70,70,70,70,70,70,70,70,70,70,77,77,77,77,77,77,77,77,77,77,77,77,77,77,77],"card_choices":[{"not_picked":["Deflect","Concentrate"],"picked":"Sucker Punch","floor":1.0},{"not_picked":["Dagger Throw","Slice"],"picked":"Sucker Punch","floor":2.0},{"not_picked":["Bouncing Flask","Slice"],"picked":"Blade Dance","floor":3.0},{"not_picked":["Quick Slash","Deadly Poison"],"picked":"Accuracy","floor":4.0},{"not_picked":["Acrobatics","Slice"],"picked":"Die Die Die","floor":5.0},{"not_picked":["Dash","Prepared","Acrobatics"],"picked":"SKIP","floor":6.0},{"not_picked":["Poisoned Stab","Dodge and Roll"],"picked":"Backflip","floor":10.0},{"not_picked":["Flying Knee","Bane"],"picked":"Quick Slash","floor":12.0},{"not_picked":["Dash","Deadly Poison"],"picked":"Flying Knee","floor":14.0},{"not_picked":["Doppelganger","Wraith Form v2"],"picked":"Corpse Explosion","floor":16.0},{"not_picked":["Bane","Heel Hook","Underhanded Strike+1"],"picked":"SKIP","floor":18.0},{"not_picked":["Flying Knee","Backflip","Bouncing Flask"],"picked":"SKIP","floor":20.0},{"not_picked":["Dagger Throw+1","Dodge and Roll"],"picked":"Quick Slash+1","floor":22.0},{"not_picked":["Dagger Throw","Expertise+1","Tools of the Trade"],"picked":"SKIP","floor":24.0},{"not_picked":["Footwork","Underhanded Strike","Finisher"],"picked":"SKIP","floor":25.0}],"player_experience":287077,"relics_obtained":[{"floor":6.0,"key":"Regal Pillow"},{"floor":9.0,"key":"Smiling Mask"},{"floor":10.0,"key":"Art of War"},{"floor":26.0,"key":"War Paint"}],"event_choices":[{"damage_healed":23.0,"max_hp_gain":0.0,"max_hp_loss":0.0,"gold_gain":0.0,"event_name":"Big Fish","player_choice":"Banana","floor":7.0,"gold_loss":0.0,"damage_taken":0.0},{"damage_healed":0.0,"max_hp_gain":0.0,"max_hp_loss":0.0,"gold_gain":175.0,"event_name":"Liars Game","player_choice":"AGREE","floor":11.0,"gold_loss":0.0,"damage_taken":0.0,"cards_obtained":["Doubt"]},{"damage_healed":0.0,"max_hp_gain":0.0,"max_hp_loss":0.0,"gold_gain":0.0,"event_name":"Vampires","player_choice":"Ignored","floor":21.0,"gold_loss":0.0,"damage_taken":0.0}],"is_beta":false,"boss_relics":[{"not_picked":["Runic Pyramid","Calling Bell"],"picked":"WristBlade"}],"items_purged_floors":[8,13,19],"is_endless":false,"potions_floor_spawned":[2,4,10,14,20,24],"killed_by":"Book of Stabbing","ascension_level":6}