{"gold_per_floor":[114,114,129,129,5,5,5,20,20,20,35,95,110,125,125,125],"floor_reached":16,"playtime":1671,"items_purged":["Defend_G"],"score":102,"play_id":"848edca4-9451-4543-8425-eb71c351d23f","local_time":"20180701012425","daily_mods":["Diverse","Lethality","Binary"],"is_ascension_mode":false,"campfire_choices":[{"data":"Go for the Eyes","floor":6,"key":"SMITH"},{"data":"Predator","floor":10,"key":"SMITH"},{"data":"Infernal Blade","floor":15,"key":"SMITH"}],"neow_cost":"","seed_source_timestamp":0,"circlet_count":0,"master_deck":["Defend_G","Defend_G","Defend_G","Strike_G","Strike_G","Strike_G","Strike_G","Strike_G","Survivor","Neutralize+1","Go for the Eyes+1","Go for the Eyes","Heel Hook","Neutralize","Predator+1","Infernal Blade+1"],"special_seed":17713,"relics":["Ring of the Snake","Juzu Bracelet","Tiny Chest"],"potions_floor_usage":[12,16,16,16],"damage_taken":[{"damage":0,"enemies":"Jaw Worm","floor":1,"turns":3},{"damage":0,"enemies":"Cultist","floor":3,"turns":3},{"damage":1,"enemies":"2 Louse","floor":8,"turns":2},{"damage":9,"enemies":"Gremlin Gang","floor":11,"turns":3},{"damage":2,"enemies":"Lagavulin","floor":12,"turns":3},{"damage":0,"enemies":"Blue Slaver","floor":13,"turns":1},{"damage":5,"enemies":"Lots of Slimes","floor":14,"turns":3},{"damage":53,"enemies":"The Guardian","floor":16,"turns":10}],"seed_played":"-8851648875795215677","potions_obtained":[{"floor":8,"key":"SteroidPotion"},{"floor":11,"key":"FearPotion"},{"floor":12,"key":"EssenceOfSteel"},{"floor":14,"key":"SkillPotion"}],"is_trial":false,"path_per_floor":["M","?","M","?","$","R","?","M","T","R","M","E","M","M","R"],"character_chosen":"THE_SILENT","items_purchased":["Go for the Eyes"],"campfire_rested":0,"item_purchase_floors":[5],"current_hp_per_floor":[70,70,70,70,70,70,70,69,69,69,60,58,58,53,53,0],"gold":125,"neow_bonus":"","is_prod":false,"is_daily":true,"chose_seed":false,"campfire_upgraded":3,"win_rate":0.0,"timestamp":1530422665,"path_taken":["M","?","?","?","$","R","?","?","T","R","M","E","M","M","R","BOSS"],"build_version":"2018-06-28","purchased_purges":1,"victory":false,"max_hp_per_floor":[70,70,70,70,70,70,70,70,70,70,70,70,70,70,70,70],"card_choices":[{"not_picked":["Fire Breathing"],"picked":"Go for the Eyes","floor":1},{"not_picked":["True Grit","Doom and Gloom"],"picked":"SKIP","floor":3},{"not_picked":["Evolve"],"picked":"Predator","floor":8},{"not_picked":["Distraction","PiercingWail"],"picked":"SKIP","floor":11},{"not_picked":["Poisoned Stab"],"picked":"Infernal Blade","floor":12},{"not_picked":["Burning Pact","Acrobatics"],"picked":"SKIP","floor":13},{"not_picked":["Ghostly Armor","Sentinel"],"picked":"SKIP","floor":14}],"player_experience":73254,"relics_obtained":[{"floor":9,"key":"Juzu Bracelet"},{"floor":12,"key":"Tiny Chest"}],"event_choices":[{"event_name":"Upgrade Shrine","player_choice":"Upgraded","floor":2,"damage_taken":0},{"event_name":"Purifier","player_choice":"One Purge","floor":4,"damage_taken":0},{"event_name":"Match and Keep!","player_choice":"2 cards matched","floor":7,"damage_taken":0},{"event_name":"Match and Keep!","player_choice":"2 cards matched","floor":7,"damage_taken":0}],"boss_relics":[],"items_purged_floors":[5],"is_endless":false,"potions_floor_spawned":[8,11,12,14],"killed_by":"The Guardian","ascension_level":0}