{"gold_per_floor":[128,240,21,31,43,76,76,93,145,172,191,210,1,18,18,18],"floor_reached":16,"playtime":1073,"items_purged":[],"score":114,"play_id":"a849e03e-8d40-4344-91b5-b6d4dcfc49c1","local_time":"20190112230113","is_ascension_mode":false,"campfire_choices":[{"floor":15,"key":"REST"}],"neow_cost":"NONE","seed_source_timestamp":0,"circlet_count":0,"master_deck":["Defend_G","Defend_G+1","Defend_G","Defend_G","Defend_G+1","Strike_G","Strike_G","Strike_G","Strike_G","Strike_G","Survivor","Neutralize","Bouncing Flask+1","Poisoned Stab","Outmaneuver","Infinite Blades","Noxious Fumes","Adrenaline","Bane","Bane","Deadly Poison","Flying Knee","Apotheosis","Blade Dance","Deflect","Deadly Poison"],"special_seed":0,"relics":["Ring of the Snake","MawBank","War Paint","Ornamental Fan","PreservedInsect","Dream Catcher"],"potions_floor_usage":[16,16],"damage_taken":[{"damage":0.0,"enemies":"2 Louse","floor":1.0,"turns":4.0},{"damage":4.0,"enemies":"Cultist","floor":4.0,"turns":3.0},{"damage":0.0,"enemies":"Small Slimes","floor":5.0,"turns":2.0},{"damage":15.0,"enemies":"Gremlin Nob","floor":6.0,"turns":4.0},{"damage":8.0,"enemies":"Looter","floor":8.0,"turns":3.0},{"damage":8.0,"enemies":"3 Sentries","floor":10.0,"turns":4.0},{"damage":13.0,"enemies":"Gremlin Gang","floor":11.0,"turns":5.0},{"damage":13,"enemies":"2 Fungi Beasts","floor":12,"turns":3},{"damage":5,"enemies":"Exordium Wildlife","floor":14,"turns":4},{"damage":25,"enemies":"The Guardian","floor":16,"turns":5}],"seed_played":"7293267825983981887","potions_obtained":[{"floor":4.0,"key":"SteroidPotion"},{"floor":6.0,"key":"Explosive Potion"},{"floor":11,"key":"FearPotion"},{"floor":14,"key":"FearPotion"}],"is_trial":false,"path_per_floor":["M","?","$","M","M","E","?","M","T","E","M","M","$","M","R","B"],"character_chosen":"THE_SILENT","items_purchased":["Poisoned Stab","War Paint","Outmaneuver","Apotheosis","Blade Dance"],"campfire_rested":1,"item_purchase_floors":[3,3,3,13,13],"current_hp_per_floor":[70,70,70,66,66,51,51,43,43,35,22,9,9,4,25,0],"gold":18,"neow_bonus":"RANDOM_COMMON_RELIC","is_prod":false,"is_daily":false,"chose_seed":false,"campfire_upgraded":0,"win_rate":0.0,"timestamp":1547294473,"path_taken":["M","?","$","?","M","E","?","M","T","E","M","M","$","M","R","BOSS"],"build_version":"2019-01-10","purchased_purges":0,"victory":false,"max_hp_per_floor":[70,70,70,70,70,70,70,70,70,70,70,70,70,70,70,70],"card_choices":[{"not_picked":["Deadly Poison","Deflect"],"picked":"Bouncing Flask","floor":1.0},{"not_picked":["Endless Agony","Deflect"],"picked":"Infinite Blades","floor":4.0},{"not_picked":["Expertise","Deadly Poison"],"picked":"Noxious Fumes","floor":5.0},{"not_picked":["Dodge and Roll","Caltrops"],"picked":"Adrenaline","floor":6.0},{"not_picked":["Noxious Fumes","Sucker Punch"],"picked":"Bane","floor":8.0},{"not_picked":["Outmaneuver","Predator"],"picked":"Bane","floor":10.0},{"not_picked":["Deflect","Slice"],"picked":"Deadly Poison","floor":11},{"not_picked":["Unload","Caltrops"],"picked":"Flying Knee","floor":12},{"not_picked":["Endless Agony","Dagger Throw"],"picked":"Deflect","floor":14},{"not_picked":["Acrobatics","Quick Slash"],"picked":"Deadly Poison","floor":15}],"player_experience":26655,"relics_obtained":[{"floor":6.0,"key":"Ornamental Fan"},{"floor":9.0,"key":"PreservedInsect"},{"floor":10.0,"key":"Dream Catcher"}],"event_choices":[{"damage_healed":0.0,"max_hp_gain":0.0,"max_hp_loss":0.0,"gold_gain":100.0,"event_name":"Golden Shrine","player_choice":"Pray","floor":2.0,"gold_loss":0.0,"damage_taken":0.0},{"damage_healed":0.0,"max_hp_gain":0.0,"max_hp_loss":0.0,"gold_gain":0.0,"event_name":"Living Wall","player_choice":"Grow","floor":7.0,"gold_loss":0.0,"damage_taken":0.0,"cards_upgraded":["Bouncing Flask"]}],"is_beta":false,"boss_relics":[],"items_purged_floors":[],"is_endless":false,"potions_floor_spawned":[4,6,11,14],"killed_by":"The Guardian","ascension_level":0}