{"gold_per_floor":[118,118,128,142,67,67,84,103,183,216,391,406,406],"floor_reached":13,"playtime":533,"items_purged":["Strike_G"],"score":87,"play_id":"b0518e33-1afa-4f13-9f05-c2834d0284cd","local_time":"20180922212125","is_ascension_mode":false,"campfire_choices":[],"neow_cost":"","seed_source_timestamp":88653513747669,"circlet_count":0,"master_deck":["Defend_G","Defend_G","Defend_G","Defend_G","Defend_G","Strike_G","Strike_G+1","Strike_G+1","Strike_G","Survivor","Neutralize","Bane","Deadly Poison","Prepared+1","Bouncing Flask","Choke","A Thousand Cuts","Doubt","Bane"],"relics":["Ring of the Snake","Bottled Lightning","Bird Faced Urn"],"potions_floor_usage":[10,10],"damage_taken":[{"damage":6,"enemies":"Jaw Worm","floor":1,"turns":5},{"damage":0,"enemies":"Small Slimes","floor":3,"turns":3},{"damage":1,"enemies":"Cultist","floor":4,"turns":4},{"damage":1,"enemies":"Red Slaver","floor":7,"turns":4},{"damage":7,"enemies":"3 Louse","floor":8,"turns":4},{"damage":19,"enemies":"3 Sentries","floor":10,"turns":11},{"damage":4,"enemies":"Blue Slaver","floor":12,"turns":5},{"damage":17,"enemies":"Gremlin Nob","floor":13,"turns":4}],"seed_played":"3870898784481121601","potions_obtained":[{"floor":3,"key":"EssenceOfSteel"},{"floor":8,"key":"AttackPotion"}],"is_trial":false,"path_per_floor":["M","?","M","M","$","?","M","M","T","E","?","M"],"character_chosen":"THE_SILENT","items_purchased":[],"campfire_rested":0,"item_purchase_floors":[],"current_hp_per_floor":[64,50,50,49,49,49,48,41,41,22,22,20,3],"gold":406,"neow_bonus":"","is_prod":false,"is_daily":false,"chose_seed":false,"campfire_upgraded":0,"win_rate":0,"timestamp":1537644085,"path_taken":["M","?","?","M","?","?","?","M","T","E","?","M","E"],"build_version":"2018-09-20","purchased_purges":1,"victory":false,"max_hp_per_floor":[70,70,70,70,70,70,70,70,70,70,70,70,70],"card_choices":[{"not_picked":["Dodge and Roll","Underhanded Strike"],"picked":"Bane","floor":1},{"not_picked":["Distraction","Terror"],"picked":"Deadly Poison","floor":3},{"not_picked":["Flying Knee","Caltrops"],"picked":"Prepared","floor":4},{"not_picked":["Prepared","Expertise"],"picked":"Bouncing Flask","floor":7},{"not_picked":["Dagger Spray","PiercingWail"],"picked":"Choke","floor":8},{"not_picked":["Eviscerate","Expertise"],"picked":"A Thousand Cuts","floor":10},{"not_picked":["Blade Dance","Eviscerate"],"picked":"Bane","floor":12}],"player_experience":755509,"relics_obtained":[{"floor":9,"key":"Bottled Lightning"},{"floor":10,"key":"Bird Faced Urn"}],"event_choices":[{"event_name":"Shining Light","player_choice":"Entered Light","floor":2,"damage_taken":0},{"event_name":"Living Wall","player_choice":"Grow","floor":6,"damage_taken":0},{"event_name":"Liars Game","player_choice":"agreed","floor":11,"damage_taken":0}],"is_beta":false,"boss_relics":[],"items_purged_floors":[5],"is_endless":false,"potions_floor_spawned":[3,8],"killed_by":"Gremlin Nob","ascension_level":0}