{"gold_per_floor":[117,42,42,57,67,99,99,113,138,138,172,190,265,282,282,282],"floor_reached":16,"playtime":1298,"items_purged":["Strike_B"],"score":134,"play_id":"e24bb583-b755-4c79-80ad-4562292cf248","local_time":"20190129172026","is_ascension_mode":true,"campfire_choices":[{"data":"Dualcast","floor":7.0,"key":"SMITH"},{"floor":10.0,"key":"REST"},{"floor":15,"key":"REST"}],"neow_cost":"NONE","seed_source_timestamp":161270066956549,"circlet_count":0,"master_deck":["Strike_B","Strike_B","Strike_B","Defend_B","Defend_B","Defend_B","Defend_B","Zap","Dualcast+1","Machine Learning","Sweeping Beam","Loop","Defragment","Double Energy","Gash","All For One","Go for the Eyes","Beam Cell"],"special_seed":0,"relics":["Cracked Core","Happy Flower","Question Card","Anchor","Letter Opener"],"potions_floor_usage":[16],"damage_taken":[{"damage":0.0,"enemies":"Cultist","floor":1.0,"turns":3.0},{"damage":7.0,"enemies":"Jaw Worm","floor":4.0,"turns":3.0},{"damage":0.0,"enemies":"Small Slimes","floor":5.0,"turns":3.0},{"damage":34.0,"enemies":"Lagavulin","floor":6.0,"turns":5.0},{"damage":6.0,"enemies":"Blue Slaver","floor":8.0,"turns":3.0},{"damage":25.0,"enemies":"Gremlin Nob","floor":11.0,"turns":4.0},{"damage":0,"enemies":"3 Louse","floor":12,"turns":2},{"damage":8,"enemies":"Large Slime","floor":14,"turns":5},{"damage":32,"enemies":"Slime Boss","floor":16,"turns":8}],"seed_played":"-2043107695580521022","potions_obtained":[{"floor":1.0,"key":"Poison Potion"},{"floor":6.0,"key":"Poison Potion"},{"floor":8.0,"key":"SkillPotion"}],"is_trial":false,"path_per_floor":["M","$","T","M","M","E","R","M","T","R","E","M","?","M","R","B"],"character_chosen":"DEFECT","items_purchased":[],"campfire_rested":2,"item_purchase_floors":[],"current_hp_per_floor":[75,75,75,68,68,34,34,28,28,50,25,25,14,6,28,0],"gold":282,"neow_bonus":"ONE_RANDOM_RARE_CARD","is_prod":false,"is_daily":false,"chose_seed":false,"campfire_upgraded":1,"win_rate":0,"timestamp":1548800426,"path_taken":["M","$","?","M","M","E","R","M","T","R","E","M","?","M","R","BOSS"],"build_version":"2019-01-23","purchased_purges":1,"victory":false,"max_hp_per_floor":[75,75,75,75,75,75,75,75,75,75,75,75,75,75,75,75],"card_choices":[{"not_picked":["Darkness","Tempest"],"picked":"Sweeping Beam","floor":1.0},{"not_picked":["Cold Snap","Steam"],"picked":"Loop","floor":4.0},{"not_picked":["Tempest","Redo"],"picked":"Defragment","floor":5.0},{"not_picked":["Beam Cell","Hello World"],"picked":"Double Energy","floor":6.0},{"not_picked":["Chill","Steam","Multi-Cast"],"picked":"Gash","floor":8.0},{"not_picked":["Self Repair","Rebound","Reinforced Body"],"picked":"All For One","floor":11.0},{"not_picked":["Ball Lightning","Consume","Redo"],"picked":"Go for the Eyes","floor":12},{"not_picked":["Glacier","Compile Driver","Steam"],"picked":"Beam Cell","floor":14}],"player_experience":328542,"relics_obtained":[{"floor":3.0,"key":"Happy Flower"},{"floor":6.0,"key":"Question Card"},{"floor":9.0,"key":"Anchor"},{"floor":11.0,"key":"Letter Opener"}],"event_choices":[{"damage_healed":0,"gold_gain":75,"player_choice":"Gather Gold","damage_taken":11,"max_hp_gain":0,"max_hp_loss":0,"event_name":"World of Goop","floor":13,"gold_loss":0}],"is_beta":false,"boss_relics":[],"items_purged_floors":[2],"is_endless":false,"potions_floor_spawned":[1,6,8],"killed_by":"Slime Boss","ascension_level":4}