{"gold_per_floor":[112,112,132,97,121,155,168,168,168,182,225,98,98,118,118,118],"floor_reached":16,"playtime":799,"items_purged":["Strike_R"],"score":202,"play_id":"95374d97-4967-4698-9009-bbe315a309d2","local_time":"20190317224104","is_ascension_mode":true,"campfire_choices":[{"floor":8.0,"key":"REST"},{"data":"Bash","floor":13,"key":"SMITH"},{"floor":15,"key":"REST"}],"neow_cost":"PERCENT_DAMAGE","seed_source_timestamp":99415510927268,"circlet_count":0,"master_deck":["AscendersBane","Strike_R","Strike_R","Strike_R","Strike_R","Defend_R","Defend_R","Defend_R","Defend_R","Bash+1","Anger","Immolate","Cleave","Spot Weakness","True Grit","Pummel","Rage"],"special_seed":0,"relics":["Burning Blood","Peace Pipe","Golden Idol","Smiling Mask","Vajra","Darkstone Periapt"],"potions_floor_usage":[11,16],"damage_taken":[{"damage":6.0,"enemies":"Cultist","floor":1.0,"turns":3.0},{"damage":3.0,"enemies":"2 Louse","floor":3.0,"turns":3.0},{"damage":7.0,"enemies":"Jaw Worm","floor":5.0,"turns":2.0},{"damage":28.0,"enemies":"Lagavulin","floor":6.0,"turns":5.0},{"damage":18.0,"enemies":"Red Slaver","floor":7.0,"turns":4.0},{"damage":11,"enemies":"Blue Slaver","floor":10,"turns":3},{"damage":10,"enemies":"3 Sentries","floor":11,"turns":3},{"damage":13,"enemies":"Exordium Thugs","floor":14,"turns":4},{"damage":45,"enemies":"The Guardian","floor":16,"turns":8}],"seed_played":"6639268711795349452","potions_obtained":[{"floor":3.0,"key":"Block Potion"},{"floor":5.0,"key":"Strength Potion"},{"floor":6.0,"key":"LiquidBronze"},{"floor":10,"key":"Fire Potion"},{"floor":14,"key":"Strength Potion"}],"is_trial":false,"path_per_floor":["M","?","M","?","M","E","M","R","T","M","E","$","R","M","R","B"],"character_chosen":"IRONCLAD","items_purchased":["Rage"],"campfire_rested":2,"item_purchase_floors":[12],"current_hp_per_floor":[50,24,27,45,44,22,10,32,32,27,23,23,23,16,38,0],"gold":118,"neow_bonus":"ONE_RARE_RELIC","is_prod":false,"is_daily":false,"chose_seed":false,"campfire_upgraded":1,"win_rate":0,"timestamp":1552876864,"path_taken":["M","?","M","?","M","E","M","R","T","M","E","$","R","M","R","BOSS"],"build_version":"2019-01-23","purchased_purges":1,"victory":false,"max_hp_per_floor":[75,75,75,75,75,75,75,75,75,75,75,75,75,75,75,75],"card_choices":[{"not_picked":["Body Slam","Warcry"],"picked":"Anger","floor":1.0},{"not_picked":["Reckless Charge","Warcry"],"picked":"Immolate","floor":3.0},{"not_picked":["Armaments","Anger"],"picked":"Cleave","floor":5.0},{"not_picked":["Sever Soul","Clothesline"],"picked":"Spot Weakness","floor":6.0},{"not_picked":["Body Slam","Wild Strike","Shockwave"],"picked":"SKIP","floor":7.0},{"not_picked":["Second Wind","Ghostly Armor"],"picked":"True Grit","floor":10},{"not_picked":["Seeing Red","Clothesline"],"picked":"Pummel","floor":11},{"not_picked":["Rupture","Carnage","Bloodletting"],"picked":"SKIP","floor":14}],"player_experience":733885,"relics_obtained":[{"floor":6.0,"key":"Smiling Mask"},{"floor":9.0,"key":"Vajra"},{"floor":11,"key":"Darkstone Periapt"}],"event_choices":[{"damage_healed":0.0,"max_hp_gain":0.0,"max_hp_loss":0.0,"gold_gain":0.0,"event_name":"Golden Idol","player_choice":"Take Damage","floor":2.0,"gold_loss":0.0,"damage_taken":26.0,"relics_obtained":["Golden Idol"]},{"damage_healed":18.0,"max_hp_gain":0.0,"max_hp_loss":0.0,"gold_gain":0.0,"event_name":"The Cleric","player_choice":"Healed","floor":4.0,"gold_loss":35.0,"damage_taken":0.0}],"is_beta":false,"boss_relics":[],"items_purged_floors":[12],"is_endless":false,"potions_floor_spawned":[3,5,6,10,14],"killed_by":"The Guardian","ascension_level":16}