{"gold_per_floor":[118,118,118,138,158,190,190,254,278,54,74,74,349,365,365,463,463,481,481,481,492,502,531,531,550,603,189,189],"floor_reached":28,"playtime":1164,"items_purged":["Strike_R","Berserk"],"score":285,"play_id":"ec62e026-4e8f-4f81-a6b3-2be56b4235ad","local_time":"20190217105852","is_ascension_mode":true,"campfire_choices":[{"data":"Spot Weakness","floor":7,"key":"SMITH"},{"floor":12,"key":"REST"},{"data":"Rampage","floor":15,"key":"SMITH"},{"floor":24,"key":"REST"}],"neow_cost":"NONE","seed_source_timestamp":78200099809039,"circlet_count":0,"master_deck":["Strike_R","Strike_R","Strike_R","Strike_R","Defend_R","Defend_R","Defend_R","Defend_R","Bash+1","Cleave","Spot Weakness+1","Rampage+1","Thunderclap+1","True Grit+1","Shrug It Off"],"relics":["Burning Blood","NeowsBlessing","Anchor","Tiny Chest","Lantern","Omamori","Velvet Choker","Blood Vial","Centennial Puzzle","Incense Burner"],"potions_floor_usage":[23],"damage_taken":[{"damage":0,"enemies":"2 Louse","floor":1,"turns":1},{"damage":0,"enemies":"Cultist","floor":4,"turns":1},{"damage":0,"enemies":"Small Slimes","floor":5,"turns":1},{"damage":25,"enemies":"3 Sentries","floor":6,"turns":5},{"damage":35,"enemies":"Lagavulin","floor":8,"turns":5},{"damage":4,"enemies":"Gremlin Gang","floor":11,"turns":3},{"damage":1,"enemies":"Looter","floor":14,"turns":2},{"damage":45,"enemies":"Slime Boss","floor":16,"turns":7},{"damage":23,"enemies":"Spheric Guardian","floor":18,"turns":4},{"damage":13,"enemies":"2 Thieves","floor":21,"turns":3},{"damage":12,"enemies":"Chosen and Byrds","floor":22,"turns":4},{"damage":44,"enemies":"Book of Stabbing","floor":23,"turns":5},{"damage":35,"enemies":"Snecko","floor":25,"turns":5},{"damage":11,"enemies":"Centurion and Healer","floor":28,"turns":2}],"seed_played":"1232744614778598228","potions_obtained":[{"floor":3,"key":"Ancient Potion"},{"floor":3,"key":"FearPotion"},{"floor":3,"key":"Ancient Potion"},{"floor":23,"key":"Strength Potion"}],"is_trial":false,"path_per_floor":["M","?","?","M","M","E","R","E","T","$","M","R","?","M","R","B",null,"M","?","?","M","M","E","R","M","T","$","M"],"character_chosen":"IRONCLAD","items_purchased":["Omamori","Incense Burner"],"campfire_rested":2,"item_purchase_floors":[10,27],"current_hp_per_floor":[80,80,80,80,80,61,61,32,32,32,34,58,58,63,63,24,80,63,63,63,56,50,12,36,9,9,9,0],"gold":189,"neow_bonus":"THREE_ENEMY_KILL","is_prod":false,"is_daily":false,"chose_seed":false,"campfire_upgraded":2,"win_rate":0,"timestamp":1550361532,"path_taken":["M","?","?","?","M","E","R","E","T","$","M","R","?","?","R","BOSS","M","?","?","M","?","E","R","M","T","?","M"],"build_version":"2019-01-23","purchased_purges":2,"victory":false,"max_hp_per_floor":[80,80,80,80,80,80,80,80,80,80,80,80,80,80,80,80,80,80,80,80,80,80,80,80,80,80,80,80],"card_choices":[{"not_picked":["Armaments","Body Slam","Power Through"],"picked":"SKIP","floor":1},{"not_picked":["Fire Breathing","Clash"],"picked":"Cleave","floor":4},{"not_picked":["Anger","Second Wind"],"picked":"Spot Weakness","floor":5},{"not_picked":["Thunderclap","Wild Strike","Flex"],"picked":"SKIP","floor":6},{"not_picked":["Disarm","Brutality"],"picked":"Rampage","floor":8},{"not_picked":["Corruption","Havoc","Reckless Charge"],"picked":"SKIP","floor":11},{"not_picked":["Anger","Cleave","Sever Soul"],"picked":"SKIP","floor":14},{"not_picked":["Impervious","Exhume"],"picked":"Berserk","floor":16},{"not_picked":["Shrug It Off+1","Headbutt+1"],"picked":"Thunderclap+1","floor":18},{"not_picked":["Combust","Metallicize"],"picked":"True Grit+1","floor":21},{"not_picked":["Warcry+1","Rage","Clothesline+1"],"picked":"SKIP","floor":22},{"not_picked":["Bludgeon","Carnage"],"picked":"Shrug It Off","floor":23},{"not_picked":["True Grit","Cleave","Warcry+1"],"picked":"SKIP","floor":25}],"player_experience":188241,"relics_obtained":[{"floor":6,"key":"Anchor"},{"floor":8,"key":"Tiny Chest"},{"floor":9,"key":"Lantern"},{"floor":23,"key":"Blood Vial"},{"floor":26,"key":"Centennial Puzzle"}],"event_choices":[{"damage_healed":0,"gold_gain":0,"player_choice":"Grow","damage_taken":0,"max_hp_gain":0,"max_hp_loss":0,"event_name":"Living Wall","floor":2,"gold_loss":0,"cards_upgraded":["Bash"]},{"damage_healed":0,"gold_gain":0,"player_choice":"Got Potions","damage_taken":0,"max_hp_gain":0,"max_hp_loss":0,"event_name":"Lab","floor":3,"gold_loss":0},{"damage_healed":0,"gold_gain":275,"player_choice":"Desecrate","damage_taken":0,"max_hp_gain":0,"max_hp_loss":0,"event_name":"Golden Shrine","floor":13,"gold_loss":0,"cards_obtained":["Regret"]},{"damage_healed":0,"gold_gain":0,"player_choice":"Ignored","damage_taken":0,"max_hp_gain":0,"max_hp_loss":0,"event_name":"Vampires","floor":19,"gold_loss":0},{"damage_healed":0,"gold_gain":0,"player_choice":"0 cards matched","damage_taken":0,"max_hp_gain":0,"max_hp_loss":0,"event_name":"Match and Keep!","floor":20,"gold_loss":0,"cards_obtained":[]}],"is_beta":false,"boss_relics":[{"not_picked":["Runic Dome","Tiny House"],"picked":"Velvet Choker"}],"items_purged_floors":[10,27],"is_endless":false,"potions_floor_spawned":[4,5,14,16,21,22,23],"killed_by":"Centurion and Healer","ascension_level":3}