{"gold_per_floor":[113,12,87,102,102,128,147,147,174,174,174,199,233,233],"floor_reached":14,"playtime":519,"items_purged":[],"score":246,"play_id":"dfd609f9-42a4-4850-8267-1c29ea7af4b8","local_time":"20181220151935","is_ascension_mode":true,"campfire_choices":[{"data":"After Image","floor":8,"key":"SMITH"},{"floor":10,"key":"RECALL"}],"neow_cost":"NONE","seed_source_timestamp":681723256222053,"circlet_count":0,"master_deck":["AscendersBane","Defend_G","Defend_G","Defend_G","Defend_G","Defend_G","Strike_G","Strike_G","Strike_G","Strike_G","Strike_G","Survivor","Neutralize","Masterful Stab","Backflip","Infinite Blades","After Image+1","PiercingWail","Deadly Poison","Dagger Throw"],"special_seed":0,"relics":["Ring of the Snake","NeowsBlessing","Happy Flower","Golden Idol","Juzu Bracelet"],"potions_floor_usage":[7,12],"damage_taken":[{"damage":0.0,"enemies":"2 Louse","floor":1.0,"turns":1.0},{"damage":0.0,"enemies":"Small Slimes","floor":4.0,"turns":1.0},{"damage":0,"enemies":"Gremlin Nob","floor":6,"turns":1},{"damage":0,"enemies":"Jaw Worm","floor":7,"turns":4},{"damage":2,"enemies":"Lots of Slimes","floor":12,"turns":5},{"damage":45,"enemies":"3 Sentries","floor":13,"turns":16},{"damage":3,"enemies":"Exordium Thugs","floor":14,"turns":1}],"seed_played":"-8280504162289976954","potions_obtained":[{"floor":1.0,"key":"Fire Potion"},{"floor":6,"key":"Energy Potion"}],"is_trial":false,"path_per_floor":["M","$","?","M","?","E","M","R","T","R","?","M","E","M"],"character_chosen":"THE_SILENT","items_purchased":["Backflip","Infinite Blades"],"campfire_rested":0,"item_purchase_floors":[2,2],"current_hp_per_floor":[59,59,48,48,48,48,48,48,48,48,48,46,1,0],"gold":233,"neow_bonus":"THREE_ENEMY_KILL","is_prod":false,"is_daily":false,"chose_seed":false,"campfire_upgraded":1,"win_rate":0,"timestamp":1545315575,"path_taken":["M","$","?","M","?","E","M","R","T","R","?","M","E","M"],"build_version":"2018-12-13","purchased_purges":0,"victory":false,"max_hp_per_floor":[66,66,66,66,66,66,66,66,66,66,60,60,60,60],"card_choices":[{"not_picked":["Choke","Outmaneuver"],"picked":"Masterful Stab","floor":1.0},{"not_picked":["Slice","Infinite Blades","Poisoned Stab"],"picked":"SKIP","floor":4.0},{"not_picked":["Bane","Predator"],"picked":"After Image","floor":6},{"not_picked":["Sucker Punch","Acrobatics"],"picked":"PiercingWail","floor":7},{"not_picked":["Outmaneuver","Deflect"],"picked":"Deadly Poison","floor":12},{"not_picked":["Backflip","Blade Dance"],"picked":"Dagger Throw","floor":13}],"player_experience":905503,"relics_obtained":[{"floor":6,"key":"Happy Flower"},{"floor":13,"key":"Juzu Bracelet"}],"event_choices":[{"damage_healed":0.0,"max_hp_gain":0.0,"max_hp_loss":0.0,"gold_gain":75.0,"event_name":"World of Goop","player_choice":"Gather Gold","floor":3.0,"gold_loss":0.0,"damage_taken":11.0},{"damage_healed":0,"gold_gain":0,"player_choice":"Fled","damage_taken":0,"max_hp_gain":0,"max_hp_loss":0,"event_name":"Scrap Ooze","floor":5,"gold_loss":0},{"damage_healed":0,"gold_gain":0,"player_choice":"Lose Max HP","damage_taken":0,"relics_obtained":["Golden Idol"],"max_hp_gain":0,"max_hp_loss":6,"event_name":"Golden Idol","floor":11,"gold_loss":0}],"is_beta":false,"boss_relics":[],"items_purged_floors":[],"is_endless":false,"potions_floor_spawned":[1,6],"killed_by":"Exordium Thugs","ascension_level":20}