{"gold_per_floor":[109,124,44,119,119,119,154,154,154,165,165,179,193,203,203,303,303,283,283,283],"floor_reached":20,"playtime":1820,"items_purged":[],"score":226,"play_id":"df50b333-862f-4455-a91b-eb199b4d61a0","local_time":"20190309153346","is_ascension_mode":true,"campfire_choices":[{"data":"Infinite Blades","floor":6,"key":"SMITH"},{"data":"Malaise","floor":8,"key":"SMITH"},{"data":"Neutralize","floor":11,"key":"SMITH"},{"floor":15,"key":"REST"}],"neow_cost":"NONE","seed_source_timestamp":253185348708954,"circlet_count":0,"master_deck":["Defend_G","Defend_G","Defend_G","Defend_G","Defend_G","Strike_G","Strike_G","Strike_G","Strike_G","Strike_G","Survivor","Neutralize+1","Blur+1","PiercingWail","Infinite Blades+1","Malaise+1","Well Laid Plans","Footwork","Infinite Blades","Tools of the Trade","Dodge and Roll"],"relics":["Ring of the Snake","Potion Belt","The Specimen","Bottled Flame","Fusion Hammer"],"potions_floor_usage":[16,16],"damage_taken":[{"damage":0,"enemies":"Small Slimes","floor":1,"turns":4},{"damage":0,"enemies":"2 Louse","floor":2,"turns":5},{"damage":39,"enemies":"Gremlin Nob","floor":7,"turns":6},{"damage":0,"enemies":"Jaw Worm","floor":10,"turns":5},{"damage":0,"enemies":"2 Fungi Beasts","floor":12,"turns":5},{"damage":0,"enemies":"Looter","floor":13,"turns":4},{"damage":9,"enemies":"Lots of Slimes","floor":14,"turns":7},{"damage":14,"enemies":"The Guardian","floor":16,"turns":15},{"damage":19,"enemies":"2 Thieves","floor":18,"turns":5},{"damage":0,"enemies":"3 Byrds","floor":20,"turns":1}],"seed_played":"3197811152945652598","potions_obtained":[{"floor":7,"key":"Strength Potion"},{"floor":12,"key":"Strength Potion"},{"floor":16,"key":"Fire Potion"}],"is_trial":false,"path_per_floor":["M","M","$","?","?","R","E","R","T","M","R","M","M","M","R","B",null,"M","?","M"],"character_chosen":"THE_SILENT","items_purchased":["Infinite Blades"],"campfire_rested":1,"item_purchase_floors":[3],"current_hp_per_floor":[63,63,63,52,52,52,13,13,13,13,13,13,13,4,25,11,55,36,20,20],"gold":283,"neow_bonus":"RANDOM_COMMON_RELIC","is_prod":false,"is_daily":false,"chose_seed":false,"campfire_upgraded":3,"win_rate":0,"timestamp":1552142026,"path_taken":["M","M","$","?","?","R","E","R","T","M","R","M","M","M","R","BOSS","M","?","M"],"build_version":"2019-01-23","purchased_purges":0,"victory":false,"max_hp_per_floor":[70,70,70,70,70,70,70,70,70,70,70,70,70,70,70,70,70,70,70,70],"card_choices":[{"not_picked":["Blade Dance","Dagger Throw"],"picked":"Blur","floor":1},{"not_picked":["Crippling Poison","Deflect"],"picked":"PiercingWail","floor":2},{"not_picked":["Flying Knee","Deflect"],"picked":"Malaise","floor":7},{"not_picked":["Blade Dance","Dagger Spray"],"picked":"Well Laid Plans","floor":10},{"not_picked":["Bane","PiercingWail","Outmaneuver"],"picked":"SKIP","floor":12},{"not_picked":["Finisher","Backflip"],"picked":"Footwork","floor":13},{"not_picked":["Dash","Slice"],"picked":"Infinite Blades","floor":14},{"not_picked":["Bullet Time","Malaise"],"picked":"Tools of the Trade","floor":16},{"not_picked":["Outmaneuver","Deadly Poison"],"picked":"Dodge and Roll","floor":18}],"player_experience":468697,"relics_obtained":[{"floor":7,"key":"The Specimen"},{"floor":9,"key":"Bottled Flame"}],"event_choices":[{"damage_healed":0,"gold_gain":75,"player_choice":"Gather Gold","damage_taken":11,"max_hp_gain":0,"max_hp_loss":0,"event_name":"World of Goop","floor":4,"gold_loss":0},{"damage_healed":0,"gold_gain":0,"player_choice":"Grow","damage_taken":0,"max_hp_gain":0,"max_hp_loss":0,"event_name":"Living Wall","floor":5,"gold_loss":0,"cards_upgraded":["Blur"]},{"damage_healed":0,"gold_gain":0,"player_choice":"Obtained Book","damage_taken":16,"max_hp_gain":0,"max_hp_loss":0,"event_name":"Cursed Tome","floor":19,"gold_loss":0}],"is_beta":false,"boss_relics":[{"not_picked":["Runic Dome","Eternal Feather"],"picked":"Fusion Hammer"}],"items_purged_floors":[],"is_endless":false,"potions_floor_spawned":[7,12,16],"killed_by":"3 Byrds","ascension_level":6}