{"gold_per_floor":[119,119,133,53,53,84,84,113,195,195,195,229,229,4,4,81,81,94,94,113,113],"floor_reached":21,"playtime":1674,"items_purged":["Strike_R"],"score":318,"play_id":"0c017d30-2e76-4477-955b-70592fddb308","local_time":"20190228221319","is_ascension_mode":true,"campfire_choices":[{"floor":11.0,"key":"REST"},{"floor":13.0,"key":"REST"},{"data":"Bash","floor":15.0,"key":"SMITH"}],"neow_cost":"NONE","seed_source_timestamp":0,"circlet_count":0,"master_deck":["AscendersBane","Strike_R","Strike_R","Strike_R","Defend_R","Defend_R","Defend_R","Defend_R","Bash+1","Thunderclap","Cleave","Twin Strike","Whirlwind","Intimidate","Parasite","Flex","Demon Form","True Grit","Heavy Blade"],"special_seed":0,"relics":["Burning Blood","Regal Pillow","WingedGreaves","Question Card","Bottled Flame","Vajra","Velvet Choker","FaceOfCleric"],"potions_floor_usage":[],"damage_taken":[{"damage":8.0,"enemies":"2 Louse","floor":1.0,"turns":3.0},{"damage":12.0,"enemies":"Small Slimes","floor":3.0,"turns":3.0},{"damage":39.0,"enemies":"Gremlin Nob","floor":6.0,"turns":5.0},{"damage":40.0,"enemies":"Lagavulin","floor":8.0,"turns":5.0},{"damage":30.0,"enemies":"3 Sentries","floor":12.0,"turns":6.0},{"damage":75.0,"enemies":"The Guardian","floor":16.0,"turns":15.0},{"damage":24,"enemies":"Shell Parasite","floor":18,"turns":5},{"damage":20,"enemies":"Spheric Guardian","floor":20,"turns":5},{"damage":39,"enemies":"Snake Plant","floor":21,"turns":4}],"seed_played":"-8147264694902048140","potions_obtained":[{"floor":1.0,"key":"Swift Potion"},{"floor":6.0,"key":"PowerPotion"},{"floor":12.0,"key":"Dexterity Potion"}],"is_trial":false,"path_per_floor":["M","?","M","$","?","E","?","E","T","?","R","E","R","$","R","B",null,"M","?","M","M"],"character_chosen":"IRONCLAD","items_purchased":["Whirlwind","Vajra"],"campfire_rested":2,"item_purchase_floors":[4,14],"current_hp_per_floor":[70,75,69,69,69,36,57,23,23,23,63,39,79,79,79,10,66,48,48,35,0],"gold":113,"neow_bonus":"THREE_CARDS","is_prod":false,"is_daily":false,"chose_seed":false,"campfire_upgraded":1,"win_rate":0,"timestamp":1551409999,"path_taken":["M","?","M","$","?","E","?","E","T","?","R","E","R","$","R","BOSS","M","?","M","M"],"build_version":"2019-01-23","purchased_purges":1,"victory":false,"max_hp_per_floor":[80,85,85,85,85,85,85,85,85,85,85,85,85,85,85,85,85,85,85,86,86],"card_choices":[{"not_picked":["Sever Soul","Ghostly Armor"],"picked":"Thunderclap","floor":0.0},{"not_picked":["Entrench","True Grit"],"picked":"Cleave","floor":1.0},{"not_picked":["Shrug It Off","Evolve"],"picked":"Twin Strike","floor":3.0},{"not_picked":["Pummel","Twin Strike"],"picked":"Intimidate","floor":6.0},{"not_picked":["Sentinel","Sword Boomerang","Heavy Blade"],"picked":"SKIP","floor":8.0},{"not_picked":["Exhume","Rupture","Headbutt"],"picked":"Flex","floor":12.0},{"not_picked":["Bludgeon","Dark Embrace","Fiend Fire"],"picked":"Demon Form","floor":16.0},{"not_picked":["Hemokinesis","Burning Pact","Clash"],"picked":"True Grit","floor":18},{"not_picked":["Warcry","Sword Boomerang","Sever Soul+1"],"picked":"Heavy Blade","floor":20}],"player_experience":558914,"relics_obtained":[{"floor":6.0,"key":"Regal Pillow"},{"floor":8.0,"key":"WingedGreaves"},{"floor":9.0,"key":"Question Card"},{"floor":12.0,"key":"Bottled Flame"}],"event_choices":[{"damage_healed":0.0,"max_hp_gain":5.0,"max_hp_loss":0.0,"gold_gain":0.0,"event_name":"Big Fish","player_choice":"Donut","floor":2.0,"gold_loss":0.0,"damage_taken":0.0},{"damage_healed":0.0,"max_hp_gain":0.0,"max_hp_loss":0.0,"gold_gain":0.0,"event_name":"Golden Wing","player_choice":"Ignored","floor":5.0,"gold_loss":0.0,"damage_taken":0.0},{"damage_healed":21.0,"max_hp_gain":0.0,"max_hp_loss":0.0,"gold_gain":0.0,"event_name":"Mushrooms","player_choice":"Healed and dodged fight","floor":7.0,"gold_loss":0.0,"damage_taken":0.0,"cards_obtained":["Parasite"]},{"cards_removed":["Strike_R"],"damage_healed":0.0,"max_hp_gain":0.0,"max_hp_loss":0.0,"gold_gain":0.0,"event_name":"Bonfire Elementals","player_choice":"Offered Basic","floor":10.0,"gold_loss":0.0,"damage_taken":0.0},{"damage_healed":0,"gold_gain":0,"player_choice":"Trade","damage_taken":0,"relics_obtained":["FaceOfCleric"],"max_hp_gain":0,"max_hp_loss":0,"event_name":"FaceTrader","floor":19,"gold_loss":0}],"is_beta":false,"boss_relics":[{"not_picked":["Snecko Eye","Fusion Hammer"],"picked":"Velvet Choker"}],"items_purged_floors":[14],"is_endless":false,"potions_floor_spawned":[1,6,12],"killed_by":"Snake Plant","ascension_level":13}