{"gold_per_floor":[113,213,59,78,78,105,117,136,136,136,136,150,170,186,186,285,285,303,303,317,317,317,317,331,343,389,389,389,389,406,426,426,426],"floor_reached":33,"playtime":3380,"items_purged":[],"score":314,"play_id":"82b8a665-0839-4cc4-b997-df43b98d117d","local_time":"20190317220913","is_ascension_mode":true,"campfire_choices":[{"data":"Bash","floor":10,"key":"SMITH"},{"floor":15,"key":"REST"},{"data":"Clothesline","floor":23,"key":"SMITH"},{"data":"Iron Wave","floor":28,"key":"SMITH"},{"floor":32,"key":"REST"}],"neow_cost":"NONE","seed_source_timestamp":360596644772056,"circlet_count":0,"master_deck":["Strike_R","Strike_R","Strike_R","Strike_R","Strike_R","Defend_R","Defend_R","Defend_R","Defend_R","Bash+1","Sword Boomerang","Clothesline+1","Shrug It Off","Battle Trance","Anger","Shrug It Off","Iron Wave+1","Rampage","Demon Form","True Grit+1","Wild Strike+1","J.A.X.","Inflame","Iron Wave","Pommel Strike"],"relics":["Burning Blood","Omamori","Ancient Tea Set","Letter Opener","Magic Flower","Bronze Scales","Art of War","Velvet Choker","Strawberry","Dream Catcher","Orichalcum"],"potions_floor_usage":[8,14,16,20,24,25],"damage_taken":[{"damage":5,"enemies":"Small Slimes","floor":1,"turns":4},{"damage":1,"enemies":"Cultist","floor":4,"turns":4},{"damage":34,"enemies":"Gremlin Nob","floor":6,"turns":5},{"damage":7,"enemies":"Jaw Worm","floor":7,"turns":4},{"damage":25,"enemies":"Exordium Thugs","floor":8,"turns":8},{"damage":0,"enemies":"2 Fungi Beasts","floor":12,"turns":3},{"damage":26,"enemies":"Large Slime","floor":13,"turns":6},{"damage":17,"enemies":"Gremlin Gang","floor":14,"turns":3},{"damage":26,"enemies":"The Guardian","floor":16,"turns":13},{"damage":0,"enemies":"Chosen","floor":18,"turns":4},{"damage":12,"enemies":"2 Thieves","floor":20,"turns":3},{"damage":19,"enemies":"Snake Plant","floor":24,"turns":4},{"damage":27,"enemies":"Cultist and Chosen","floor":25,"turns":5},{"damage":5,"enemies":"Snecko","floor":30,"turns":5},{"damage":15,"enemies":"Snake Plant","floor":31,"turns":3},{"damage":80,"enemies":"Automaton","floor":33,"turns":8}],"seed_played":"-6199027482525271360","potions_obtained":[{"floor":1,"key":"Swift Potion"},{"floor":6,"key":"Energy Potion"},{"floor":7,"key":"Swift Potion"},{"floor":12,"key":"GamblersBrew"},{"floor":16,"key":"AttackPotion"},{"floor":18,"key":"SteroidPotion"},{"floor":20,"key":"EssenceOfSteel"},{"floor":24,"key":"Block Potion"},{"floor":31,"key":"Weak Potion"}],"is_trial":false,"path_per_floor":["?","$","M","T","?","?","?","?","?","T","M"],"character_chosen":"IRONCLAD","items_purchased":["Ancient Tea Set"],"campfire_rested":2,"item_purchase_floors":[3],"current_hp_per_floor":[80,80,80,80,80,52,54,38,38,38,38,47,30,22,46,29,67,76,83,80,80,80,80,70,52,52,52,52,52,56,50,76,0],"gold":426,"neow_bonus":"RANDOM_COMMON_RELIC","is_prod":false,"is_daily":false,"chose_seed":false,"campfire_upgraded":3,"win_rate":0,"timestamp":1552882153,"path_taken":["M","?","?","?","?","E","M","M","T","R","?","M","M","M","R","BOSS","M","?","M","?","?","R","M","M","T","?","R","?","?","M","R","BOSS"],"build_version":"2019-01-23","purchased_purges":0,"victory":false,"max_hp_per_floor":[80,80,80,80,80,80,80,80,80,80,80,80,80,80,80,80,80,80,87,87,87,87,87,87,87,87,87,87,87,87,87,87,87],"card_choices":[{"not_picked":["True Grit","Body Slam"],"picked":"Sword Boomerang","floor":1},{"not_picked":["Cleave","Ghostly Armor"],"picked":"Clothesline","floor":4},{"not_picked":["Headbutt","Limit Break"],"picked":"Shrug It Off","floor":6},{"not_picked":["Pummel","Headbutt"],"picked":"Battle Trance","floor":7},{"not_picked":["Flex","Warcry"],"picked":"Anger","floor":8},{"not_picked":["Bloodletting","Headbutt"],"picked":"Shrug It Off","floor":12},{"not_picked":["Fire Breathing","Heavy Blade"],"picked":"Iron Wave","floor":13},{"not_picked":["Bludgeon","Sword Boomerang"],"picked":"Rampage","floor":14},{"not_picked":["Fiend Fire","Juggernaut"],"picked":"Demon Form","floor":16},{"not_picked":["Cleave+1","Rupture+1"],"picked":"True Grit+1","floor":18},{"not_picked":["Twin Strike","Dual Wield"],"picked":"Wild Strike+1","floor":20},{"not_picked":["Sword Boomerang","Sever Soul","Berserk"],"picked":"SKIP","floor":24},{"not_picked":["Perfected Strike","Thunderclap"],"picked":"Inflame","floor":25},{"not_picked":["Fire Breathing","Shockwave"],"picked":"Iron Wave","floor":30},{"not_picked":["Feel No Pain","Rage"],"picked":"Pommel Strike","floor":31}],"player_experience":293260,"relics_obtained":[{"floor":5,"key":"Letter Opener"},{"floor":6,"key":"Magic Flower"},{"floor":9,"key":"Bronze Scales"},{"floor":26,"key":"Dream Catcher"},{"floor":29,"key":"Orichalcum"}],"event_choices":[{"damage_healed":0,"gold_gain":100,"player_choice":"Pray","damage_taken":0,"max_hp_gain":0,"max_hp_loss":0,"event_name":"Golden Shrine","floor":2,"gold_loss":0},{"damage_healed":0,"gold_gain":0,"player_choice":"Gave Potion","damage_taken":0,"relics_obtained":["Art of War"],"max_hp_gain":0,"max_hp_loss":0,"event_name":"WeMeetAgain","floor":11,"gold_loss":0},{"damage_healed":0,"gold_gain":0,"player_choice":"Stole Relic","damage_taken":0,"relics_obtained":["Strawberry"],"max_hp_gain":0,"max_hp_loss":0,"event_name":"Addict","floor":19,"gold_loss":0,"cards_obtained":["Shame"]},{"damage_healed":0,"gold_gain":0,"player_choice":"Ignored","damage_taken":0,"max_hp_gain":0,"max_hp_loss":0,"event_name":"Vampires","floor":21,"gold_loss":0},{"damage_healed":0,"gold_gain":0,"player_choice":"Obtain J.A.X.","damage_taken":0,"max_hp_gain":0,"max_hp_loss":0,"event_name":"Drug Dealer","floor":22,"gold_loss":0,"cards_obtained":["J.A.X."]},{"damage_healed":0,"gold_gain":0,"player_choice":"Ignored","damage_taken":0,"max_hp_gain":0,"max_hp_loss":0,"event_name":"Ghosts","floor":27,"gold_loss":0}],"is_beta":false,"boss_relics":[{"not_picked":["Busted Crown","Fusion Hammer"],"picked":"Velvet Choker"}],"items_purged_floors":[],"is_endless":false,"potions_floor_spawned":[1,6,7,12,16,18,20,24,31],"killed_by":"Automaton","ascension_level":5}