{"gold_per_floor":[365,365,385,404,404,404,439,439,509,23,23,43,43,60,60,137,137,153,164,164,12,25,56,56,82,132,132,145,145,60,80,80,153,153,163,163,163,177,22,49,49,65,65,80,93,125,125,150,150,150,150],"floor_reached":52,"playtime":2857,"items_purged":["Consume","Sweeping Beam"],"score":1985,"play_id":"0405a58b-9a0d-4d59-9323-bcb0da1cbf2f","local_time":"20181215020101","is_ascension_mode":true,"campfire_choices":[{"data":"Defragment","floor":6.0,"key":"SMITH"},{"data":"Zap","floor":8.0,"key":"SMITH"},{"data":"Rainbow","floor":11.0,"key":"SMITH"},{"data":"Dualcast","floor":13.0,"key":"SMITH"},{"data":"Hologram","floor":15.0,"key":"SMITH"},{"data":"Loop","floor":24.0,"key":"SMITH"},{"floor":27.0,"key":"REST"},{"data":"Multi-Cast","floor":29.0,"key":"SMITH"},{"data":"Electrodynamics","floor":32.0,"key":"SMITH"},{"data":"Echo Form","floor":41.0,"key":"SMITH"},{"floor":47.0,"key":"REST"},{"floor":49.0,"key":"REST"}],"neow_cost":"TEN_PERCENT_HP_LOSS","seed_source_timestamp":0,"circlet_count":0,"master_deck":["AscendersBane","Zap+1","Dualcast+1","Conserve Battery","Defragment+1","Rainbow+1","Hologram+1","Electrodynamics+1","Compile Driver","BootSequence","Ball Lightning","Cold Snap","Rainbow","Multi-Cast+1","Chill","Defragment+1","Core Surge","Loop+1","Echo Form+1","FTL","Glacier","All For One","Coolheaded+1","Writhe","Sweeping Beam+1"],"special_seed":0,"relics":["Cracked Core","FaceOfCleric","Lantern","Gremlin Horn","Toolbox","Bottled Lightning","Pandora\u0027s Box","Bag of Marbles","Ancient Tea Set","Potion Belt","Pen Nib","Cursed Key","Letter Opener","Molten Egg 2","Bird Faced Urn","Juzu Bracelet"],"potions_floor_usage":[],"damage_taken":[{"damage":0.0,"enemies":"2 Louse","floor":1.0,"turns":2.0},{"damage":1.0,"enemies":"Cultist","floor":3.0,"turns":3.0},{"damage":2.0,"enemies":"Small Slimes","floor":4.0,"turns":4.0},{"damage":22.0,"enemies":"Gremlin Nob","floor":7.0,"turns":4.0},{"damage":29.0,"enemies":"Exordium Thugs","floor":12.0,"turns":4.0},{"damage":5.0,"enemies":"Red Slaver","floor":14.0,"turns":3.0},{"damage":4.0,"enemies":"Slime Boss","floor":16.0,"turns":9.0},{"damage":18.0,"enemies":"3 Byrds","floor":18.0,"turns":3.0},{"damage":0.0,"enemies":"Spheric Guardian","floor":19.0,"turns":3.0},{"damage":0.0,"enemies":"Snecko","floor":22.0,"turns":4.0},{"damage":0.0,"enemies":"Gremlin Leader","floor":23.0,"turns":3.0},{"damage":39.0,"enemies":"Slavers","floor":25.0,"turns":3.0},{"damage":3.0,"enemies":"Cultist and Chosen","floor":28.0,"turns":3.0},{"damage":0.0,"enemies":"3 Cultists","floor":31.0,"turns":3.0},{"damage":14.0,"enemies":"Collector","floor":33.0,"turns":7.0},{"damage":12.0,"enemies":"3 Darklings","floor":35.0,"turns":2.0},{"damage":0.0,"enemies":"Orb Walker","floor":38.0,"turns":2.0},{"damage":3.0,"enemies":"Reptomancer","floor":40.0,"turns":5.0},{"damage":23.0,"enemies":"Writhing Mass","floor":42.0,"turns":4.0},{"damage":0.0,"enemies":"Maw","floor":44.0,"turns":5.0},{"damage":1.0,"enemies":"4 Shapes","floor":45.0,"turns":5.0},{"damage":0.0,"enemies":"Nemesis","floor":46.0,"turns":5.0},{"damage":7.0,"enemies":"Giant Head","floor":48.0,"turns":9.0},{"damage":63.0,"enemies":"Awakened One","floor":50.0,"turns":17.0},{"damage":19,"enemies":"Donu and Deca","floor":51,"turns":9}],"seed_played":"3738664111499997928","potions_obtained":[{"floor":1.0,"key":"Regen Potion"},{"floor":4.0,"key":"Swift Potion"},{"floor":5.0,"key":"EssenceOfSteel"},{"floor":7.0,"key":"Regen Potion"},{"floor":12.0,"key":"Explosive Potion"},{"floor":19.0,"key":"Weak Potion"},{"floor":23.0,"key":"Regen Potion"},{"floor":31.0,"key":"PowerPotion"},{"floor":33.0,"key":"Strength Potion"},{"floor":35.0,"key":"Energy Potion"},{"floor":40.0,"key":"Energy Potion"},{"floor":42.0,"key":"Weak Potion"},{"floor":46.0,"key":"SteroidPotion"},{"floor":48.0,"key":"SneckoOil"}],"is_trial":false,"path_per_floor":["M","?","M","M","?","R","E","R","T","$","R","M","R","M","R","B",null,"M","M","?","$","M","E","R","E","T","R","M","R","?","M","R","B",null,"M","?","?","M","$","E","R","M","T","M","M","E","R","E","R","B","B",null],"character_chosen":"DEFECT","items_purchased":["Toolbox","Bottled Lightning","Core Surge","Swift Potion"],"campfire_rested":3,"item_purchase_floors":[10,10,21,39],"current_hp_per_floor":[64,64,64,63,63,63,42,42,42,42,42,26,26,31,31,28,60,43,44,44,44,45,46,46,17,17,39,37,37,37,38,38,25,65,54,54,54,55,55,53,53,31,31,32,32,33,58,62,86,30,28],"gold":150,"neow_bonus":"TWO_FIFTY_GOLD","is_prod":false,"is_daily":false,"chose_seed":false,"campfire_upgraded":9,"win_rate":0,"timestamp":1544835661,"path_taken":["M","?","M","?","?","R","E","R","T","$","R","M","R","M","R","BOSS","M","?","?","?","M","E","R","E","T","R","?","R","?","M","R","BOSS","M","?","?","?","$","E","R","M","T","M","M","E","R","E","R","BOSS","BOSS"],"build_version":"2018-12-13","purchased_purges":2,"victory":true,"max_hp_per_floor":[64,64,65,66,66,66,67,67,67,67,67,68,68,69,69,70,70,71,72,72,72,73,74,74,75,75,75,76,76,76,77,77,78,78,79,79,79,80,80,81,81,82,82,83,84,85,85,86,86,87,88],"card_choices":[{"not_picked":["Consume","Turbo"],"picked":"Sweeping Beam","floor":1.0},{"not_picked":["Stack","Doom and Gloom"],"picked":"Conserve Battery","floor":3.0},{"not_picked":["BootSequence","Ball Lightning"],"picked":"Defragment","floor":4.0},{"not_picked":["Turbo","Sweeping Beam"],"picked":"Rainbow","floor":7.0},{"not_picked":["Storm","Barrage","Stack"],"picked":"SKIP","floor":12.0},{"not_picked":["Beam Cell","Sweeping Beam"],"picked":"Hologram","floor":14.0},{"not_picked":["Creative AI","Multi-Cast"],"picked":"Electrodynamics","floor":16.0},{"not_picked":["Conserve Battery+1","Steam"],"picked":"Chill","floor":18.0},{"not_picked":["Sweeping Beam","Recycle"],"picked":"Defragment+1","floor":19.0},{"not_picked":["Streamline","Compile Driver"],"picked":"Loop","floor":22.0},{"not_picked":["Heatsinks","Leap"],"picked":"Echo Form","floor":23.0},{"not_picked":["Steam","Cold Snap+1"],"picked":"FTL","floor":25.0},{"not_picked":["Stack","Gash"],"picked":"Glacier","floor":28.0},{"not_picked":["Sweeping Beam","Steam+1","Sunder"],"picked":"SKIP","floor":31.0},{"not_picked":["Echo Form","Electrodynamics"],"picked":"All For One","floor":33.0},{"not_picked":["Darkness+1","Consume","Storm"],"picked":"SKIP","floor":35.0},{"not_picked":["Turbo","Streamline"],"picked":"Coolheaded+1","floor":38.0},{"not_picked":["Cold Snap","Gash","Hologram"],"picked":"SKIP","floor":40.0},{"not_picked":["Redo","Lockon","Ball Lightning+1"],"picked":"SKIP","floor":42.0},{"not_picked":["Force Field","Rip and Tear+1","Sweeping Beam+1"],"picked":"SKIP","floor":44.0},{"not_picked":["Reprogram","Leap+1","Barrage+1"],"picked":"SKIP","floor":45.0},{"not_picked":["Rainbow","Tempest","Consume+1"],"picked":"SKIP","floor":46.0},{"not_picked":["Ball Lightning+1","Conserve Battery"],"picked":"Sweeping Beam+1","floor":48.0}],"player_experience":896613,"relics_obtained":[{"floor":7.0,"key":"Lantern"},{"floor":9.0,"key":"Gremlin Horn"},{"floor":23.0,"key":"Bag of Marbles"},{"floor":25.0,"key":"Ancient Tea Set"},{"floor":26.0,"key":"Potion Belt"},{"floor":40.0,"key":"Letter Opener"},{"floor":43.0,"key":"Molten Egg 2"},{"floor":46.0,"key":"Bird Faced Urn"},{"floor":48.0,"key":"Juzu Bracelet"}],"event_choices":[{"damage_healed":0.0,"max_hp_gain":0.0,"max_hp_loss":0.0,"gold_gain":0.0,"event_name":"FaceTrader","player_choice":"Trade","floor":2.0,"gold_loss":0.0,"damage_taken":0.0,"relics_obtained":["FaceOfCleric"]},{"damage_healed":0.0,"max_hp_gain":0.0,"max_hp_loss":0.0,"gold_gain":0.0,"event_name":"Lab","player_choice":"Got Potions","floor":5.0,"gold_loss":0.0,"damage_taken":0.0},{"damage_healed":0.0,"max_hp_gain":0.0,"max_hp_loss":0.0,"gold_gain":0.0,"cards_transformed":["Sweeping Beam"],"event_name":"Transmorgrifier","player_choice":"Transformed","floor":20.0,"gold_loss":0.0,"damage_taken":0.0,"cards_obtained":["Consume"]},{"damage_healed":0.0,"max_hp_gain":0.0,"max_hp_loss":0.0,"gold_gain":0.0,"event_name":"Addict","player_choice":"Obtained Relic","floor":30.0,"gold_loss":85.0,"damage_taken":0.0,"relics_obtained":["Pen Nib"]},{"cards_removed":["Machine Learning"],"damage_healed":0.0,"max_hp_gain":0.0,"max_hp_loss":0.0,"gold_gain":0.0,"event_name":"Falling","player_choice":"Removed Power","floor":36.0,"gold_loss":0.0,"damage_taken":0.0},{"damage_healed":0.0,"max_hp_gain":0.0,"max_hp_loss":0.0,"gold_gain":0.0,"event_name":"Match and Keep!","player_choice":"0 cards matched","floor":37.0,"gold_loss":0.0,"damage_taken":0.0,"cards_obtained":[]}],"is_beta":false,"boss_relics":[{"not_picked":["Calling Bell","FrozenCore"],"picked":"Pandora\u0027s Box"},{"not_picked":["Eternal Feather","Inserter"],"picked":"Cursed Key"}],"items_purged_floors":[21,39],"is_endless":false,"potions_floor_spawned":[1,4,7,12,19,23,31,33,35,40,42,46,48],"ascension_level":20}