{"gold_per_floor":[112,112,112,130,154,154,179,179,179,195,221,242,35,58,58,186,186,207,79,95,95,108,108,128,128,128,128,143,143,143,178,178,178],"floor_reached":33,"playtime":1489,"items_purged":["Strike_R","Strike_R"],"score":239,"play_id":"637b7b91-7b4e-429c-867a-93a0f13796b4","local_time":"20190313190946","is_ascension_mode":false,"campfire_choices":[{"data":"Metallicize","floor":6,"key":"SMITH"},{"data":"Clothesline","floor":8,"key":"SMITH"},{"data":"Metallicize","floor":15,"key":"SMITH"},{"data":"Spot Weakness","floor":23,"key":"SMITH"},{"data":"Uppercut","floor":25,"key":"SMITH"},{"data":"Double Tap","floor":32,"key":"SMITH"}],"neow_cost":"NONE","seed_source_timestamp":1409558325786,"circlet_count":0,"master_deck":["Strike_R","Strike_R","Strike_R","Defend_R","Defend_R","Defend_R","Defend_R","Bash","Armaments+1","Clothesline+1","Metallicize+1","Headbutt","Iron Wave","Metallicize+1","Clothesline","Double Tap+1","Spot Weakness+1","Uppercut+1","Brutality","Shame","Thunderclap+1"],"relics":["Burning Blood","NeowsBlessing","Golden Idol","Question Card","Anchor","Velvet Choker","Nloth\u0027s Gift","Juzu Bracelet","Gambling Chip","Red Mask"],"potions_floor_usage":[17,20,31,31,31],"damage_taken":[{"damage":0,"enemies":"Small Slimes","floor":1,"turns":1},{"damage":0,"enemies":"Cultist","floor":4,"turns":1},{"damage":0,"enemies":"2 Louse","floor":5,"turns":1},{"damage":14,"enemies":"Exordium Thugs","floor":7,"turns":6},{"damage":4,"enemies":"Red Slaver","floor":10,"turns":6},{"damage":1,"enemies":"3 Louse","floor":12,"turns":5},{"damage":15,"enemies":"Large Slime","floor":14,"turns":7},{"damage":13,"enemies":"The Guardian","floor":16,"turns":16},{"damage":9,"enemies":"Spheric Guardian","floor":18,"turns":4},{"damage":16,"enemies":"3 Byrds","floor":20,"turns":8},{"damage":9,"enemies":"Snake Plant","floor":22,"turns":4},{"damage":39,"enemies":"3 Cultists","floor":24,"turns":8},{"damage":0,"enemies":"Centurion and Healer","floor":28,"turns":7},{"damage":12,"enemies":"Masked Bandits","floor":31,"turns":4},{"damage":63,"enemies":"Collector","floor":33,"turns":8}],"seed_played":"-5346632830314348763","potions_obtained":[{"floor":5,"key":"Poison Potion"},{"floor":10,"key":"Block Potion"},{"floor":16,"key":"Fruit Juice"},{"floor":28,"key":"Fire Potion"},{"floor":31,"key":"Fruit Juice"}],"is_trial":false,"path_per_floor":["M","?","?","M","M","R","M","R","T","M","T","M","$","M","R","B",null,"M","$","M","?","M","R","M","R","T","$","M","?","?","?","R","B"],"character_chosen":"IRONCLAD","items_purchased":["Anchor","Uppercut"],"campfire_rested":0,"item_purchase_floors":[13,19],"current_hp_per_floor":[80,74,74,74,74,74,66,66,66,68,68,73,73,64,64,57,79,76,76,66,66,63,63,30,30,30,30,36,36,62,61,61,0],"gold":178,"neow_bonus":"THREE_ENEMY_KILL","is_prod":false,"is_daily":false,"chose_seed":false,"campfire_upgraded":6,"win_rate":0,"timestamp":1552525786,"path_taken":["M","?","?","M","M","R","M","R","T","?","?","M","$","M","R","BOSS","M","$","M","?","M","R","M","R","T","?","M","?","?","?","R","BOSS"],"build_version":"2019-01-23","purchased_purges":2,"victory":false,"max_hp_per_floor":[80,74,74,74,74,74,74,74,74,74,74,74,74,74,74,74,79,79,79,79,79,79,79,79,79,79,79,79,79,79,84,84,84],"card_choices":[{"not_picked":["Perfected Strike","Sentinel"],"picked":"Armaments","floor":1},{"not_picked":["Wild Strike","Dual Wield"],"picked":"Clothesline","floor":4},{"not_picked":["Reaper","Clash"],"picked":"Metallicize","floor":5},{"not_picked":["Intimidate","Warcry"],"picked":"Headbutt","floor":7},{"not_picked":["Corruption","Thunderclap","Pommel Strike"],"picked":"Iron Wave","floor":10},{"not_picked":["Armaments","Perfected Strike","Cleave"],"picked":"Metallicize","floor":12},{"not_picked":["Iron Wave","Seeing Red","Combust"],"picked":"Clothesline","floor":14},{"not_picked":["Exhume","Dark Embrace","Brutality"],"picked":"Double Tap","floor":16},{"not_picked":["True Grit","Bloodletting","Twin Strike+1"],"picked":"Spot Weakness","floor":18},{"not_picked":["Burning Pact","Hemokinesis","Heavy Blade","Iron Wave"],"picked":"SKIP","floor":20},{"not_picked":["Rupture+1","Warcry","Dual Wield","Thunderclap+1"],"picked":"SKIP","floor":22},{"not_picked":["Hemokinesis","Brutality","Dropkick","Headbutt"],"picked":"SKIP","floor":24},{"not_picked":["Hemokinesis","Brutality","Dropkick","Headbutt"],"picked":"SKIP","floor":24},{"not_picked":["Hemokinesis","Dropkick","Headbutt"],"picked":"Brutality","floor":24},{"not_picked":["Havoc","Sentinel","Hemokinesis","Armaments"],"picked":"SKIP","floor":28},{"not_picked":["Entrench","Combust","Rupture"],"picked":"Thunderclap+1","floor":31}],"player_experience":1050809,"relics_obtained":[{"floor":9,"key":"Question Card"},{"floor":11,"key":"Smiling Mask"},{"floor":26,"key":"Juzu Bracelet"},{"floor":31,"key":"Red Mask"}],"event_choices":[{"damage_healed":0,"gold_gain":0,"player_choice":"Lose Max HP","damage_taken":0,"relics_obtained":["Golden Idol"],"max_hp_gain":0,"max_hp_loss":6,"event_name":"Golden Idol","floor":2,"gold_loss":0},{"damage_healed":0,"gold_gain":0,"player_choice":"Upgraded","damage_taken":0,"max_hp_gain":0,"max_hp_loss":0,"event_name":"Upgrade Shrine","floor":3,"gold_loss":0,"cards_upgraded":["Armaments"]},{"damage_healed":0,"gold_gain":0,"player_choice":"Traded Relic","damage_taken":0,"relics_obtained":["Nloth\u0027s Gift"],"max_hp_gain":0,"max_hp_loss":0,"event_name":"N\u0027loth","floor":21,"relics_lost":["Smiling Mask"],"gold_loss":0},{"damage_healed":0,"gold_gain":0,"player_choice":"Stole Relic","damage_taken":0,"relics_obtained":["Gambling Chip"],"max_hp_gain":0,"max_hp_loss":0,"event_name":"Addict","floor":29,"gold_loss":0,"cards_obtained":["Shame"]},{"damage_healed":26,"gold_gain":0,"player_choice":"Heal","damage_taken":0,"max_hp_gain":0,"max_hp_loss":0,"event_name":"The Library","floor":30,"gold_loss":0},{"damage_healed":0,"gold_gain":0,"player_choice":"Fought Bandits","damage_taken":0,"max_hp_gain":0,"max_hp_loss":0,"event_name":"Masked Bandits","floor":31,"gold_loss":0}],"is_beta":false,"boss_relics":[{"not_picked":["White Beast Statue","Coffee Dripper"],"picked":"Velvet Choker"}],"items_purged_floors":[13,19],"is_endless":false,"potions_floor_spawned":[5,10,16,28,31],"killed_by":"Collector","ascension_level":0}