{"gold_per_floor":[119,135,135,135,160,160,191,191,191,231,13,188,204,204,204,204],"floor_reached":16,"playtime":634,"items_purged":["Defend_B"],"score":162,"play_id":"a1bd6fc6-d5c2-49ad-b011-a4b766191648","local_time":"20190211213056","is_ascension_mode":true,"campfire_choices":[{"data":"Zap","floor":6.0,"key":"SMITH"},{"data":"Dualcast","floor":8.0,"key":"SMITH"},{"data":"Genetic Algorithm","floor":15,"key":"SMITH"}],"neow_cost":"TEN_PERCENT_HP_LOSS","seed_source_timestamp":3471009420296,"circlet_count":0,"master_deck":["AscendersBane","Strike_B","Strike_B","Defend_B","Defend_B","Defend_B","Zap+1","Dualcast+1","Cold Snap","Cold Snap","Self Repair","Genetic Algorithm+1","Doubt","Ball Lightning"],"special_seed":0,"relics":["Cracked Core","Pear","Golden Idol","Regal Pillow","Shuriken","Bottled Lightning","Centennial Puzzle"],"potions_floor_usage":[13],"damage_taken":[{"damage":8.0,"enemies":"Small Slimes","floor":1.0,"turns":4.0},{"damage":1.0,"enemies":"2 Louse","floor":2.0,"turns":3.0},{"damage":0.0,"enemies":"Cultist","floor":5.0,"turns":4.0},{"damage":17.0,"enemies":"Lagavulin","floor":7.0,"turns":7.0},{"damage":17.0,"enemies":"3 Sentries","floor":10.0,"turns":8.0},{"damage":11,"enemies":"Gremlin Gang","floor":13,"turns":5},{"damage":42,"enemies":"Slime Boss","floor":16,"turns":8}],"seed_played":"-6752715510169857935","potions_obtained":[{"floor":7.0,"key":"LiquidBronze"},{"floor":10.0,"key":"Strength Potion"}],"is_trial":false,"path_per_floor":["M","M","?","?","M","R","E","R","T","E","$","?","M","?","R","B"],"character_chosen":"DEFECT","items_purchased":["Centennial Puzzle"],"campfire_rested":0,"item_purchase_floors":[11],"current_hp_per_floor":[60,59,66,47,47,47,30,30,30,20,20,20,16,42,42,0],"gold":204,"neow_bonus":"REMOVE_TWO","is_prod":false,"is_daily":false,"chose_seed":false,"campfire_upgraded":3,"win_rate":0,"timestamp":1549917056,"path_taken":["M","M","?","?","M","R","E","R","T","E","$","?","M","?","R","BOSS"],"build_version":"2019-01-23","purchased_purges":1,"victory":false,"max_hp_per_floor":[68,68,78,78,78,78,78,78,78,78,78,78,78,78,78,78],"card_choices":[{"not_picked":["Leap","Conserve Battery"],"picked":"Cold Snap","floor":1.0},{"not_picked":["Coolheaded","Rebound"],"picked":"Cold Snap","floor":2.0},{"not_picked":["Leap","Scrape","Stack"],"picked":"SKIP","floor":5.0},{"not_picked":["Scrape","Gash"],"picked":"Self Repair","floor":7.0},{"not_picked":["Rebound","Leap"],"picked":"Genetic Algorithm","floor":10.0},{"not_picked":["Hologram","Leap"],"picked":"Ball Lightning","floor":13}],"player_experience":1048720,"relics_obtained":[{"floor":7.0,"key":"Regal Pillow"},{"floor":9.0,"key":"Shuriken"},{"floor":10.0,"key":"Bottled Lightning"}],"event_choices":[{"damage_healed":0.0,"max_hp_gain":0.0,"max_hp_loss":0.0,"gold_gain":0.0,"event_name":"Scrap Ooze","player_choice":"Success","floor":3.0,"gold_loss":0.0,"damage_taken":3.0,"relics_obtained":["Pear"]},{"damage_healed":0.0,"max_hp_gain":0.0,"max_hp_loss":0.0,"gold_gain":0.0,"event_name":"Golden Idol","player_choice":"Take Damage","floor":4.0,"gold_loss":0.0,"damage_taken":19.0,"relics_obtained":["Golden Idol"]},{"damage_healed":0.0,"max_hp_gain":0.0,"max_hp_loss":0.0,"gold_gain":175.0,"event_name":"Liars Game","player_choice":"AGREE","floor":12.0,"gold_loss":0.0,"damage_taken":0.0,"cards_obtained":["Doubt"]},{"damage_healed":26,"gold_gain":0,"player_choice":"Banana","damage_taken":0,"max_hp_gain":0,"max_hp_loss":0,"event_name":"Big Fish","floor":14,"gold_loss":0}],"is_beta":false,"boss_relics":[],"items_purged_floors":[11],"is_endless":false,"potions_floor_spawned":[7,10],"killed_by":"Slime Boss","ascension_level":10}