{"gold_per_floor":[110,124,142,142,142,142,161,171,171,171,182,25,55,66,66,163,163,183,183,201,220,238,238,338,338,365,365,365,190,204,215,215,316,316,336,356,369,381,169,169,169,196,196,213,213,227,238,265,265,265],"floor_reached":51,"playtime":4907,"items_purged":["Strike_R","Strike_R+1"],"score":815,"play_id":"3f16326c-c720-4211-ae2f-ccc07b5b2fbb","local_time":"20190317211303","is_ascension_mode":false,"campfire_choices":[{"data":"Clothesline","floor":6,"key":"SMITH"},{"data":"Infernal Blade","floor":10,"key":"SMITH"},{"data":"Uppercut","floor":15,"key":"SMITH"},{"data":"Flame Barrier","floor":23,"key":"SMITH"},{"data":"Bash","floor":25,"key":"SMITH"},{"data":"Body Slam","floor":32,"key":"SMITH"},{"data":"Fiend Fire","floor":40,"key":"SMITH"},{"data":"Bludgeon","floor":45,"key":"SMITH"},{"data":"Second Wind","floor":49,"key":"SMITH"}],"neow_cost":"PERCENT_DAMAGE","seed_source_timestamp":5059076406220,"circlet_count":0,"master_deck":["Defend_R+1","Defend_R+1","Defend_R+1","Defend_R+1","Bash+1","Clothesline+1","Flame Barrier+1","Infernal Blade+1","Spot Weakness","Uppercut+1","Metallicize","Pommel Strike","Second Wind+1","Evolve+1","Fiend Fire+1","Battle Trance","Hologram+1","Iron Wave+1","Metallicize+1","Barricade+1","Seeing Red","Bludgeon+1","Corruption+1","Thunderclap","Body Slam+1","Offering","Wild Strike","Flame Barrier+1","Flame Barrier","Metallicize+1","Pommel Strike+1","Blood for Blood+1"],"relics":["Burning Blood","Lantern","Vajra","Frozen Egg 2","Coffee Dripper","Champion Belt","Shuriken","Boot","Snecko Eye","PreservedInsect","CultistMask","Gremlin Horn","Kunai","Regal Pillow"],"potions_floor_usage":[7,14,24,50,50],"damage_taken":[{"damage":1,"enemies":"Cultist","floor":1,"turns":3},{"damage":7,"enemies":"Small Slimes","floor":2,"turns":4},{"damage":2,"enemies":"2 Louse","floor":3,"turns":4},{"damage":0,"enemies":"Lots of Slimes","floor":7,"turns":1},{"damage":2,"enemies":"Blue Slaver","floor":8,"turns":6},{"damage":6,"enemies":"3 Louse","floor":11,"turns":2},{"damage":15,"enemies":"3 Sentries","floor":13,"turns":8},{"damage":0,"enemies":"Gremlin Gang","floor":14,"turns":1},{"damage":25,"enemies":"The Guardian","floor":16,"turns":11},{"damage":5,"enemies":"3 Byrds","floor":18,"turns":4},{"damage":11,"enemies":"Spheric Guardian","floor":20,"turns":4},{"damage":0,"enemies":"Centurion and Healer","floor":21,"turns":5},{"damage":12,"enemies":"Snake Plant","floor":22,"turns":4},{"damage":13,"enemies":"Colosseum Slavers","floor":24,"turns":4},{"damage":14,"enemies":"Colosseum Nobs","floor":24,"turns":9},{"damage":7,"enemies":"Chosen and Byrds","floor":30,"turns":4},{"damage":5,"enemies":"Centurion and Healer","floor":31,"turns":6},{"damage":0,"enemies":"Champ","floor":33,"turns":7},{"damage":0,"enemies":"3 Shapes","floor":35,"turns":4},{"damage":6,"enemies":"Orb Walker","floor":36,"turns":2},{"damage":6,"enemies":"Maw","floor":37,"turns":5},{"damage":6,"enemies":"Spire Growth","floor":38,"turns":3},{"damage":0,"enemies":"Nemesis","floor":42,"turns":5},{"damage":6,"enemies":"Transient","floor":44,"turns":5},{"damage":0,"enemies":"3 Darklings","floor":46,"turns":3},{"damage":3,"enemies":"Maw","floor":47,"turns":7},{"damage":6,"enemies":"Giant Head","floor":48,"turns":4},{"damage":37,"enemies":"Donu and Deca","floor":50,"turns":4}],"seed_played":"6598222414349136802","potions_obtained":[{"floor":1,"key":"PowerPotion"},{"floor":3,"key":"Explosive Potion"},{"floor":11,"key":"Explosive Potion"},{"floor":13,"key":"Regen Potion"},{"floor":14,"key":"Poison Potion"},{"floor":21,"key":"BloodPotion"},{"floor":31,"key":"LiquidBronze"},{"floor":42,"key":"FairyPotion"}],"is_trial":false,"path_per_floor":["M","M","M","?","?","R","M","M","T","R","M","$","E","M","R","B",null,"M","?","M","M","M","R","?","R","T","?","?","$","M","M","R","B",null,"M","M","M","M","$","R","?","E","T","M","R","M","M","E","R","B",null],"character_chosen":"IRONCLAD","items_purchased":["Metallicize","Pommel Strike","Corruption+1","PreservedInsect","Metallicize+1"],"campfire_rested":0,"item_purchase_floors":[12,12,29,39,39],"current_hp_per_floor":[61,60,64,64,64,64,70,74,74,74,74,74,65,71,71,52,80,80,80,75,80,74,74,67,67,67,67,67,67,66,67,67,73,80,80,80,80,80,80,80,80,80,80,80,80,80,80,80,80,49],"gold":265,"neow_bonus":"REMOVE_TWO","is_prod":false,"is_daily":false,"chose_seed":false,"campfire_upgraded":9,"win_rate":0,"timestamp":1552878783,"path_taken":["M","?","M","?","?","R","M","M","T","R","M","$","E","?","R","BOSS","M","?","M","?","?","R","?","R","T","?","?","$","M","M","R","BOSS","M","M","?","M","$","R","?","E","T","M","R","M","?","E","R","BOSS"],"build_version":"2019-01-23","purchased_purges":2,"victory":true,"max_hp_per_floor":[80,80,80,80,80,80,80,80,80,80,80,80,80,80,80,80,80,80,80,80,80,80,80,80,80,80,80,80,80,80,80,80,80,80,80,80,80,80,80,80,80,80,80,80,80,80,80,80,80,80],"card_choices":[{"not_picked":["Power Through","Anger"],"picked":"Clothesline","floor":1},{"not_picked":["Cleave","Shockwave"],"picked":"Evolve","floor":2},{"not_picked":["True Grit","Second Wind"],"picked":"Flame Barrier","floor":3},{"not_picked":["Anger","Body Slam"],"picked":"Infernal Blade","floor":7},{"not_picked":["Body Slam","Flex"],"picked":"Spot Weakness","floor":8},{"not_picked":["Wild Strike","Iron Wave"],"picked":"Uppercut","floor":11},{"not_picked":["Havoc","Flex"],"picked":"Second Wind","floor":13},{"not_picked":["Wild Strike","Shrug It Off"],"picked":"Evolve+1","floor":14},{"not_picked":["Impervious","Brutality+1"],"picked":"Fiend Fire","floor":16},{"not_picked":["Wild Strike","Twin Strike+1"],"picked":"Battle Trance","floor":18},{"not_picked":["Body Slam","Shrug It Off"],"picked":"Iron Wave+1","floor":20},{"not_picked":["Ghostly Armor","Perfected Strike"],"picked":"Metallicize+1","floor":21},{"not_picked":["Thunderclap+1","Inflame+1"],"picked":"Barricade+1","floor":22},{"not_picked":["Havoc","Rampage"],"picked":"Seeing Red","floor":24},{"not_picked":["True Grit","Heavy Blade"],"picked":"Thunderclap","floor":30},{"not_picked":["Iron Wave","Dual Wield"],"picked":"Body Slam","floor":31},{"not_picked":["Feed","Reaper"],"picked":"Offering","floor":33},{"not_picked":["Reckless Charge+1","Clash+1"],"picked":"Wild Strike","floor":35},{"not_picked":["Uppercut+1","Headbutt+1"],"picked":"Flame Barrier+1","floor":36},{"not_picked":["Twin Strike","Iron Wave+1"],"picked":"Flame Barrier","floor":37},{"not_picked":["Rage+1","Thunderclap","Cleave+1"],"picked":"SKIP","floor":38},{"not_picked":["Wild Strike","Pommel Strike","Clothesline"],"picked":"SKIP","floor":42},{"not_picked":["True Grit","Headbutt+1"],"picked":"Pommel Strike+1","floor":44},{"not_picked":["Havoc","Pommel Strike+1"],"picked":"Blood for Blood+1","floor":46},{"not_picked":["Pommel Strike","Rupture+1","Havoc"],"picked":"SKIP","floor":47},{"not_picked":["Seeing Red+1","Reckless Charge+1","Iron Wave"],"picked":"SKIP","floor":48}],"player_experience":1053604,"relics_obtained":[{"floor":9,"key":"Vajra"},{"floor":13,"key":"Frozen Egg 2"},{"floor":24,"key":"Champion Belt"},{"floor":24,"key":"Shuriken"},{"floor":26,"key":"Boot"},{"floor":42,"key":"Gremlin Horn"},{"floor":43,"key":"Kunai"},{"floor":48,"key":"Regal Pillow"}],"event_choices":[{"damage_healed":0,"gold_gain":0,"player_choice":"Box","damage_taken":0,"relics_obtained":["Lantern"],"max_hp_gain":0,"max_hp_loss":0,"event_name":"Big Fish","floor":4,"gold_loss":0,"cards_obtained":["Regret"]},{"cards_removed":["Regret"],"damage_healed":0,"gold_gain":0,"player_choice":"Removed Curses","damage_taken":0,"max_hp_gain":0,"max_hp_loss":0,"event_name":"Fountain of Cleansing","floor":5,"gold_loss":0},{"cards_removed":["Evolve"],"damage_healed":0,"gold_gain":0,"player_choice":"Took Card","damage_taken":0,"max_hp_gain":0,"max_hp_loss":0,"event_name":"NoteForYourself","floor":19,"gold_loss":0,"cards_obtained":["Hologram"]},{"damage_healed":0,"gold_gain":0,"player_choice":"Fight","damage_taken":0,"max_hp_gain":0,"max_hp_loss":0,"event_name":"Colosseum","floor":24,"gold_loss":0},{"damage_healed":0,"gold_gain":0,"player_choice":"Fought Nobs","damage_taken":0,"max_hp_gain":0,"max_hp_loss":0,"event_name":"Colosseum","floor":24,"gold_loss":0},{"damage_healed":0,"gold_gain":0,"player_choice":"Simplicity","damage_taken":0,"max_hp_gain":0,"max_hp_loss":0,"event_name":"Back to Basics","floor":27,"gold_loss":0,"cards_upgraded":["Strike_R","Strike_R","Defend_R","Defend_R","Defend_R","Defend_R"]},{"damage_healed":0,"gold_gain":0,"cards_transformed":["Strike_R"],"player_choice":"Transformed","damage_taken":0,"max_hp_gain":0,"max_hp_loss":0,"event_name":"Transmorgrifier","floor":28,"gold_loss":0,"cards_obtained":["Bludgeon"]},{"damage_healed":0,"gold_gain":0,"player_choice":"Trade","damage_taken":0,"relics_obtained":["CultistMask"],"max_hp_gain":0,"max_hp_loss":0,"event_name":"FaceTrader","floor":41,"gold_loss":0}],"is_beta":false,"boss_relics":[{"not_picked":["Black Blood","Ectoplasm"],"picked":"Coffee Dripper"},{"not_picked":["Fusion Hammer","Pandora\u0027s Box"],"picked":"Snecko Eye"}],"items_purged_floors":[12,29],"is_endless":false,"potions_floor_spawned":[1,3,11,13,14,21,22,31,33,35,42,44,46,48],"ascension_level":0}