{"gold_per_floor":[112,112,112,129,54,54,84,98,98,98,198,215,215,230,230,327,327,342,242,274,189,189,201,241,253,288,300,327,350,362,409,421,536,548,580,605,8,18,31,31,62,62,86,119,119,129,144,157,157,157],"floor_reached":51,"playtime":1199,"items_purged":["Shame","Strike_G","Defend_G"],"score":987,"play_id":"5aa09039-2dfe-4bae-ad36-a108f2957110","local_time":"20190219004113","is_ascension_mode":true,"campfire_choices":[{"data":"Dagger Throw","floor":6,"key":"SMITH"},{"data":"1","floor":10,"key":"LIFT"},{"data":"2","floor":13,"key":"LIFT"},{"data":"3","floor":15,"key":"LIFT"},{"data":"Finisher","floor":23,"key":"SMITH"},{"data":"Neutralize","floor":25,"key":"SMITH"},{"data":"Backstab","floor":27,"key":"SMITH"},{"data":"Backstab","floor":30,"key":"SMITH"},{"data":"Slice","floor":32,"key":"SMITH"},{"data":"Flash of Steel","floor":40,"key":"SMITH"},{"data":"Strike_G","floor":49,"key":"SMITH"}],"neow_cost":"CURSE","seed_source_timestamp":274416703641846,"circlet_count":0,"master_deck":["Defend_G+1","Defend_G","Defend_G+1","Defend_G","Strike_G","Strike_G","Strike_G+1","Strike_G","Survivor","Neutralize+1","Dagger Throw+1","Slice+1","Dark Shackles","Finisher+1","Backstab+1","Concentrate","Backstab+1","Prepared","Deflect+1","Outmaneuver+1","Infinite Blades+1","Flash of Steel+1","Cloak And Dagger+1","Slice+1"],"relics":["Ring of the Snake","Unceasing Top","Ginger","Vajra","Girya","Cursed Key","Red Mask","Omamori","MawBank","Lantern","Regal Pillow","War Paint","WristBlade","Bag of Marbles","Mercury Hourglass","Dream Catcher","Art of War","Pen Nib"],"potions_floor_usage":[50,50,50],"damage_taken":[{"damage":0,"enemies":"Small Slimes","floor":1,"turns":4},{"damage":0,"enemies":"Cultist","floor":4,"turns":4},{"damage":23,"enemies":"3 Sentries","floor":7,"turns":8},{"damage":0,"enemies":"2 Louse","floor":8,"turns":1},{"damage":0,"enemies":"Blue Slaver","floor":12,"turns":2},{"damage":0,"enemies":"Large Slime","floor":14,"turns":1},{"damage":22,"enemies":"The Guardian","floor":16,"turns":7},{"damage":0,"enemies":"Spheric Guardian","floor":18,"turns":2},{"damage":4,"enemies":"Masked Bandits","floor":20,"turns":4},{"damage":0,"enemies":"Slavers","floor":24,"turns":4},{"damage":0,"enemies":"Chosen","floor":28,"turns":1},{"damage":0,"enemies":"Snake Plant","floor":29,"turns":1},{"damage":0,"enemies":"Gremlin Leader","floor":31,"turns":3},{"damage":0,"enemies":"Automaton","floor":33,"turns":5},{"damage":0,"enemies":"Orb Walker","floor":35,"turns":2},{"damage":0,"enemies":"3 Darklings","floor":36,"turns":3},{"damage":0,"enemies":"Sphere and 2 Shapes","floor":38,"turns":1},{"damage":0,"enemies":"Maw","floor":39,"turns":2},{"damage":0,"enemies":"Giant Head","floor":41,"turns":3},{"damage":0,"enemies":"Nemesis","floor":44,"turns":1},{"damage":0,"enemies":"3 Darklings","floor":46,"turns":1},{"damage":0,"enemies":"4 Shapes","floor":47,"turns":1},{"damage":0,"enemies":"Maw","floor":48,"turns":2},{"damage":20,"enemies":"Donu and Deca","floor":50,"turns":3}],"seed_played":"-7130128620529914008","potions_obtained":[{"floor":4,"key":"FearPotion"},{"floor":14,"key":"Strength Potion"},{"floor":24,"key":"LiquidBronze"},{"floor":28,"key":"FearPotion"},{"floor":35,"key":"AttackPotion"}],"is_trial":false,"path_per_floor":["M","?","?","M","$","R","E","M","T","R","?","M","R","M","R","B",null,"M","$","?","?","?","R","E","R","T","R","M","M","R","E","R","B",null,"M","M","$","M","M","R","E","$","T","E","?","M","M","M","R","B",null],"character_chosen":"THE_SILENT","items_purchased":["Bag of Marbles","Mercury Hourglass","Flash of Steel"],"campfire_rested":0,"item_purchase_floors":[37,37,37],"current_hp_per_floor":[70,63,63,63,63,63,40,40,40,40,40,40,40,40,40,18,70,70,70,66,66,66,66,66,66,66,66,66,66,66,66,66,66,70,70,70,70,70,70,70,70,70,70,70,70,70,70,70,70,50],"gold":157,"neow_bonus":"ONE_RARE_RELIC","is_prod":false,"is_daily":false,"chose_seed":false,"campfire_upgraded":8,"win_rate":0,"timestamp":1550533273,"path_taken":["M","?","?","?","?","R","E","M","T","R","?","?","R","M","R","BOSS","M","$","?","?","?","R","E","R","T","R","M","M","R","E","R","BOSS","M","M","$","M","M","R","E","$","T","E","?","M","M","M","R","BOSS"],"build_version":"2019-01-23","purchased_purges":3,"victory":true,"max_hp_per_floor":[70,70,70,70,70,70,70,70,70,70,70,70,70,70,70,70,70,70,70,70,70,70,70,70,70,70,70,70,70,70,70,70,70,70,70,70,70,70,70,70,70,70,70,70,70,70,70,70,70,70],"card_choices":[{"not_picked":["Sucker Punch","Bane"],"picked":"Dagger Throw","floor":1},{"not_picked":["Outmaneuver","Tactician"],"picked":"Finisher","floor":4},{"not_picked":["Sucker Punch","Deflect"],"picked":"Backstab","floor":7},{"not_picked":["Outmaneuver","Sucker Punch"],"picked":"Concentrate","floor":8},{"not_picked":["Dagger Spray","Catalyst"],"picked":"Backstab","floor":12},{"not_picked":["Masterful Stab","Malaise"],"picked":"Prepared","floor":14},{"not_picked":["Dagger Throw","Deadly Poison"],"picked":"Deflect+1","floor":18},{"not_picked":["Dagger Spray","Choke"],"picked":"Outmaneuver+1","floor":24},{"not_picked":["Distraction","Underhanded Strike+1"],"picked":"Infinite Blades+1","floor":28},{"not_picked":["Malaise","Outmaneuver","PiercingWail"],"picked":"SKIP","floor":29},{"not_picked":["Envenom","Dagger Throw","Deadly Poison"],"picked":"SKIP","floor":31},{"not_picked":["Crippling Poison","Backflip+1","Dagger Throw"],"picked":"SKIP","floor":35},{"not_picked":["Catalyst","Cloak And Dagger","Heel Hook+1"],"picked":"SKIP","floor":36},{"not_picked":["Expertise","Choke"],"picked":"Cloak And Dagger+1","floor":38},{"not_picked":["Crippling Poison","Quick Slash+1"],"picked":"Slice+1","floor":39},{"not_picked":["Dagger Spray+1","Blade Dance","Catalyst"],"picked":"SKIP","floor":41},{"not_picked":["Crippling Poison+1","Calculated Gamble+1","PiercingWail"],"picked":"SKIP","floor":44},{"not_picked":["Quick Slash","Poisoned Stab+1","Dodge and Roll+1"],"picked":"SKIP","floor":46},{"not_picked":["Flechettes+1","Dagger Throw","Choke"],"picked":"SKIP","floor":47},{"not_picked":["Dagger Throw","Riddle With Holes","Phantasmal Killer"],"picked":"SKIP","floor":48}],"player_experience":1107174,"relics_obtained":[{"floor":7,"key":"Vajra"},{"floor":9,"key":"Girya"},{"floor":20,"key":"Red Mask"},{"floor":24,"key":"Lantern"},{"floor":26,"key":"Regal Pillow"},{"floor":31,"key":"War Paint"},{"floor":41,"key":"Dream Catcher"},{"floor":43,"key":"Art of War"},{"floor":44,"key":"Pen Nib"}],"event_choices":[{"damage_healed":0,"gold_gain":0,"player_choice":"Success","damage_taken":7,"relics_obtained":["Ginger"],"max_hp_gain":0,"max_hp_loss":0,"event_name":"Scrap Ooze","floor":2,"gold_loss":0},{"damage_healed":0,"gold_gain":0,"player_choice":"2 cards matched","damage_taken":0,"max_hp_gain":0,"max_hp_loss":0,"event_name":"Match and Keep!","floor":3,"gold_loss":0,"cards_obtained":["Slice","Dark Shackles"]},{"damage_healed":0,"gold_gain":100,"player_choice":"Pray","damage_taken":0,"max_hp_gain":0,"max_hp_loss":0,"event_name":"Golden Shrine","floor":11,"gold_loss":0},{"damage_healed":0,"gold_gain":0,"player_choice":"Fought Bandits","damage_taken":0,"max_hp_gain":0,"max_hp_loss":0,"event_name":"Masked Bandits","floor":20,"gold_loss":0},{"damage_healed":0,"gold_gain":0,"player_choice":"Obtained Relic","damage_taken":0,"relics_obtained":["Omamori"],"max_hp_gain":0,"max_hp_loss":0,"event_name":"Addict","floor":21,"gold_loss":85},{"damage_healed":0,"gold_gain":0,"player_choice":"Opened","damage_taken":0,"relics_obtained":["MawBank"],"max_hp_gain":0,"max_hp_loss":0,"event_name":"The Mausoleum","floor":22,"gold_loss":0},{"damage_healed":0,"gold_gain":0,"player_choice":"Bought 0 Potions","damage_taken":0,"max_hp_gain":0,"max_hp_loss":0,"event_name":"The Woman in Blue","floor":45,"gold_loss":0}],"is_beta":false,"boss_relics":[{"not_picked":["Sozu","Snecko Eye"],"picked":"Cursed Key"},{"not_picked":["Black Star","Runic Dome"],"picked":"WristBlade"}],"items_purged_floors":[5,19,37],"is_endless":false,"potions_floor_spawned":[4,14,24,28,29,31,35,38,48],"ascension_level":1}