{"gold_per_floor":[114,126,51,51,71,99,99,110,134,167,183,198,198,215,215,286,286,296,314,330,330],"floor_reached":21,"playtime":1469,"items_purged":[],"score":380,"play_id":"9e3a2df2-5576-4121-8755-6062842c4839","local_time":"20190124123515","is_ascension_mode":true,"campfire_choices":[{"data":"Havoc","floor":7.0,"key":"SMITH"},{"data":"Infernal Blade","floor":13.0,"key":"SMITH"},{"data":"Disarm","floor":15.0,"key":"SMITH"}],"neow_cost":"NONE","seed_source_timestamp":1271206963441686,"circlet_count":0,"master_deck":["AscendersBane","Strike_R","Strike_R","Strike_R","Strike_R","Strike_R","Defend_R","Defend_R","Bash","Flame Barrier","Havoc+1","Shrug It Off","Disarm+1","Havoc","Infernal Blade+1","Battle Trance","Demon Form","Hemokinesis+1","Combust+1"],"special_seed":0,"relics":["Burning Blood","Lantern","Bag of Marbles","Blood Vial","White Beast Statue"],"potions_floor_usage":[],"damage_taken":[{"damage":6.0,"enemies":"Cultist","floor":1.0,"turns":3.0},{"damage":8.0,"enemies":"Small Slimes","floor":2.0,"turns":5.0},{"damage":2.0,"enemies":"2 Louse","floor":5.0,"turns":2.0},{"damage":30.0,"enemies":"3 Sentries","floor":6.0,"turns":12.0},{"damage":11.0,"enemies":"Looter","floor":8.0,"turns":3.0},{"damage":26.0,"enemies":"Lagavulin","floor":10.0,"turns":7.0},{"damage":11.0,"enemies":"Exordium Thugs","floor":11.0,"turns":5.0},{"damage":3.0,"enemies":"Blue Slaver","floor":12.0,"turns":4.0},{"damage":4.0,"enemies":"Gremlin Gang","floor":14.0,"turns":5.0},{"damage":25.0,"enemies":"The Guardian","floor":16.0,"turns":14.0},{"damage":30.0,"enemies":"2 Thieves","floor":18.0,"turns":5.0},{"damage":17.0,"enemies":"3 Byrds","floor":19.0,"turns":6.0},{"damage":14.0,"enemies":"Centurion and Healer","floor":20.0,"turns":7.0},{"damage":41,"enemies":"3 Cultists","floor":21,"turns":4}],"seed_played":"-6439778650072442097","potions_obtained":[{"floor":1.0,"key":"EntropicBrew"},{"floor":4.0,"key":"Fire Potion"},{"floor":4.0,"key":"Fire Potion"},{"floor":11.0,"key":"EssenceOfSteel"},{"floor":12.0,"key":"Dexterity Potion"},{"floor":14.0,"key":"BloodPotion"},{"floor":16.0,"key":"SneckoOil"},{"floor":18.0,"key":"FearPotion"},{"floor":19.0,"key":"EssenceOfSteel"},{"floor":20.0,"key":"Ancient Potion"}],"is_trial":false,"path_per_floor":["M","M","?","?","M","E","R","M","T","E","M","M","R","M","R","B",null,"M","M","M","M"],"character_chosen":"IRONCLAD","items_purchased":[],"campfire_rested":0,"item_purchase_floors":[],"current_hp_per_floor":[68,66,66,66,70,46,46,41,41,21,18,23,23,27,27,17,61,39,30,24,0],"gold":330,"neow_bonus":"REMOVE_CARD","is_prod":false,"is_daily":false,"chose_seed":false,"campfire_upgraded":3,"win_rate":0,"timestamp":1548329715,"path_taken":["M","M","?","?","?","E","R","M","T","E","M","M","R","M","R","BOSS","M","?","M","?"],"build_version":"2019-01-23","purchased_purges":0,"victory":false,"max_hp_per_floor":[75,75,75,75,75,75,75,75,75,75,75,75,75,75,75,75,75,75,75,75,75],"card_choices":[{"not_picked":["Burning Pact","Warcry"],"picked":"Flame Barrier","floor":1.0},{"not_picked":["Heavy Blade","Pommel Strike"],"picked":"Havoc","floor":2.0},{"not_picked":["Flex","Thunderclap"],"picked":"Shrug It Off","floor":5.0},{"not_picked":["Armaments","Clothesline"],"picked":"Disarm","floor":6.0},{"not_picked":["True Grit","Wild Strike"],"picked":"Havoc","floor":8.0},{"not_picked":["Anger","Power Through"],"picked":"Infernal Blade","floor":10.0},{"not_picked":["Thunderclap","Anger"],"picked":"Battle Trance","floor":11.0},{"not_picked":["Double Tap","Havoc","Corruption"],"picked":"SKIP","floor":12.0},{"not_picked":["Pommel Strike","Iron Wave","Rampage"],"picked":"SKIP","floor":14.0},{"not_picked":["Offering","Brutality"],"picked":"Demon Form","floor":16.0},{"not_picked":["Shrug It Off","Spot Weakness"],"picked":"Hemokinesis+1","floor":18.0},{"not_picked":["Headbutt+1","Shrug It Off","Twin Strike"],"picked":"SKIP","floor":19.0},{"not_picked":["Clothesline","Rupture"],"picked":"Combust+1","floor":20.0}],"player_experience":931572,"relics_obtained":[{"floor":6.0,"key":"Lantern"},{"floor":9.0,"key":"Bag of Marbles"},{"floor":10.0,"key":"Blood Vial"}],"event_choices":[{"cards_removed":["Defend_R"],"damage_healed":0.0,"max_hp_gain":0.0,"max_hp_loss":0.0,"gold_gain":0.0,"event_name":"The Cleric","player_choice":"Card Removal","floor":3.0,"gold_loss":75.0,"damage_taken":0.0},{"damage_healed":0.0,"max_hp_gain":0.0,"max_hp_loss":0.0,"gold_gain":0.0,"event_name":"Lab","player_choice":"Got Potions","floor":4.0,"gold_loss":0.0,"damage_taken":0.0}],"is_beta":false,"boss_relics":[{"not_picked":["Empty Cage","Coffee Dripper"],"picked":"White Beast Statue"}],"items_purged_floors":[],"is_endless":false,"potions_floor_spawned":[1,11,12,14,16,18,19,20],"killed_by":"3 Cultists","ascension_level":19}