{"gold_per_floor":[114,114,134,134,134,169,183,183,183,183,193,211,211,211,211,211],"floor_reached":16,"playtime":363,"items_purged":[],"score":250,"play_id":"74a3bad4-d01d-4244-8991-8ff25dd0ef8c","local_time":"20181206110830","is_ascension_mode":true,"campfire_choices":[{"floor":8,"key":"REST"},{"data":"Skewer","floor":10,"key":"SMITH"},{"data":"Cloak And Dagger","floor":13,"key":"SMITH"},{"data":"Endless Agony","floor":15,"key":"SMITH"}],"neow_cost":"NONE","seed_source_timestamp":576865208113555,"circlet_count":0,"master_deck":["AscendersBane","Defend_G","Defend_G","Defend_G","Defend_G","Defend_G","Strike_G","Strike_G","Strike_G+1","Strike_G","Survivor","Neutralize","Flying Knee+1","Cloak And Dagger+1","Skewer+1","Backflip","Endless Agony+1","Dash"],"relics":["Ring of the Snake","NeowsBlessing","Pantograph","Snake Skull","Bottled Flame"],"potions_floor_usage":[12],"damage_taken":[{"damage":0,"enemies":"Small Slimes","floor":1,"turns":1},{"damage":0,"enemies":"2 Louse","floor":3,"turns":1},{"damage":0,"enemies":"Gremlin Nob","floor":6,"turns":1},{"damage":1,"enemies":"Jaw Worm","floor":7,"turns":3},{"damage":2,"enemies":"3 Louse","floor":11,"turns":2},{"damage":0,"enemies":"2 Fungi Beasts","floor":12,"turns":4},{"damage":66,"enemies":"Slime Boss","floor":16,"turns":13}],"seed_played":"-9173168800456970840","potions_obtained":[{"floor":6,"key":"SneckoOil"},{"floor":11,"key":"Regen Potion"}],"is_trial":false,"path_per_floor":["M","?","M","?","?","E","M","R","T","R","M","M","R","?","R","B"],"character_chosen":"THE_SILENT","items_purchased":[],"campfire_rested":1,"item_purchase_floors":[],"current_hp_per_floor":[59,33,33,26,6,6,5,24,24,24,22,34,34,39,39,0],"gold":211,"neow_bonus":"THREE_ENEMY_KILL","is_prod":false,"is_daily":false,"chose_seed":false,"campfire_upgraded":3,"win_rate":0,"timestamp":1544090910,"path_taken":["M","?","M","?","?","E","M","R","T","R","M","?","R","?","R","BOSS"],"build_version":"2018-11-15","purchased_purges":0,"victory":false,"max_hp_per_floor":[66,66,66,66,66,66,66,66,66,66,66,66,66,71,71,71],"card_choices":[{"not_picked":["Underhanded Strike","Outmaneuver"],"picked":"Flying Knee","floor":1},{"not_picked":["PiercingWail","Catalyst"],"picked":"Cloak And Dagger","floor":3},{"not_picked":["Cloak And Dagger","Outmaneuver"],"picked":"Skewer","floor":6},{"not_picked":["Choke","Sucker Punch"],"picked":"Backflip","floor":7},{"not_picked":["Flying Knee","Quick Slash"],"picked":"Endless Agony","floor":11},{"not_picked":["Heel Hook","Blade Dance"],"picked":"Dash","floor":12}],"player_experience":883443,"relics_obtained":[{"floor":6,"key":"Snake Skull"},{"floor":9,"key":"Bottled Flame"}],"event_choices":[{"damage_healed":0,"gold_gain":0,"player_choice":"Success","damage_taken":26,"relics_obtained":["Pantograph"],"max_hp_gain":0,"max_hp_loss":0,"event_name":"Scrap Ooze","floor":2,"gold_loss":0},{"cards_removed":["Strike_G"],"damage_healed":0,"gold_gain":0,"player_choice":"Card Removal","damage_taken":7,"max_hp_gain":0,"max_hp_loss":0,"event_name":"Golden Wing","floor":4,"gold_loss":0},{"damage_healed":0,"gold_gain":0,"player_choice":"Entered Light","damage_taken":20,"max_hp_gain":0,"max_hp_loss":0,"event_name":"Shining Light","floor":5,"gold_loss":0,"cards_upgraded":["Strike_G","Flying Knee"]},{"damage_healed":0,"gold_gain":0,"player_choice":"Donut","damage_taken":0,"max_hp_gain":5,"max_hp_loss":0,"event_name":"Big Fish","floor":14,"gold_loss":0}],"is_beta":false,"boss_relics":[],"items_purged_floors":[],"is_endless":false,"potions_floor_spawned":[6,11],"killed_by":"Slime Boss","ascension_level":20}