{"gold_per_floor":[112,62,62,62,62,62,73,73,97,108,108,124,124,153,153,249,249,215,225,240,240,240,240,240,240,267,279,279,153,153,53,53,154,154,166,184,184,59,0,0,0,18,18,18,18,18,52,72,72,72],"floor_reached":51,"playtime":5275,"items_purged":["Defend_G","Defend_G","Strike_G"],"score":1019,"play_id":"977312ce-facd-478e-8ca6-80b019a22224","local_time":"20180717155547","is_ascension_mode":false,"campfire_choices":[{"data":"Cloak And Dagger","floor":6,"key":"SMITH"},{"data":"Dagger Spray","floor":11,"key":"SMITH"},{"data":"Tools of the Trade","floor":15,"key":"SMITH"},{"data":"Tactician","floor":25,"key":"SMITH"},{"data":"Survivor","floor":28,"key":"SMITH"},{"floor":30,"key":"REST"},{"data":"Backflip","floor":32,"key":"SMITH"},{"data":"Backstab","floor":40,"key":"SMITH"},{"data":"Strike_G","floor":44,"key":"SMITH"},{"floor":49,"key":"REST"}],"neow_cost":"NONE","seed_source_timestamp":243818615699826,"circlet_count":0,"master_deck":["Defend_G","Strike_G+1","Survivor+1","Neutralize+1","Cloak And Dagger+1","Infinite Blades","Dagger Spray+1","Tools of the Trade+1","Tactician+1","Underhanded Strike+1","Backstab+1","Necronomicurse","Backflip+1","After Image","Sucker Punch+1","Quick Slash+1","Predator","Bouncing Flask+1"],"relics":["Ring of the Snake","Regal Pillow","Girya","Mercury Hourglass","Empty Cage","Necronomicon","Omamori","Lizard Tail","Red Mask","Ice Cream","The Specimen","Lantern"],"potions_floor_usage":[16,16,27,50,50,50],"damage_taken":[{"damage":0,"enemies":"Jaw Worm","floor":1,"turns":4},{"damage":0,"enemies":"Small Slimes","floor":7,"turns":3},{"damage":0,"enemies":"2 Louse","floor":10,"turns":4},{"damage":0,"enemies":"Blue Slaver","floor":12,"turns":3},{"damage":11,"enemies":"3 Sentries","floor":14,"turns":7},{"damage":13,"enemies":"Hexaghost","floor":16,"turns":7},{"damage":8,"enemies":"2 Thieves","floor":18,"turns":5},{"damage":7,"enemies":"Shell Parasite","floor":19,"turns":7},{"damage":20,"enemies":"Snake Plant","floor":20,"turns":6},{"damage":13,"enemies":"Snecko","floor":27,"turns":5},{"damage":17,"enemies":"Collector","floor":33,"turns":11},{"damage":6,"enemies":"3 Shapes","floor":35,"turns":7},{"damage":14,"enemies":"Flame Bruiser 1 Orb","floor":36,"turns":6},{"damage":0,"floor":41,"turns":8},{"damage":3,"enemies":"3 Darklings","floor":42,"turns":6},{"damage":0,"enemies":"Giant Head","floor":47,"turns":7},{"damage":0,"enemies":"Maw","floor":48,"turns":6},{"damage":48,"enemies":"Time Eater","floor":50,"turns":10}],"seed_played":"3991736396968256974","potions_obtained":[{"floor":7,"key":"Strength Potion"},{"floor":10,"key":"SmokeBomb"},{"floor":14,"key":"PowerPotion"},{"floor":20,"key":"Weak Potion"},{"floor":36,"key":"Poison Potion"},{"floor":41,"key":"Dexterity Potion"},{"floor":47,"key":"Fire Potion"}],"is_trial":false,"path_per_floor":["M","?","$","?","?","R","M","$","T","M","R","M","T","E","R","B",null,"M","M","M","?","?","?","?","R","T","M","R","$","R","$","R","B",null,"M","M","?","$","?","R","?","M","T","R","?","$","E","M","R","B"],"character_chosen":"THE_SILENT","items_purchased":["Backflip"],"campfire_rested":2,"item_purchase_floors":[29],"current_hp_per_floor":[70,70,70,63,68,68,68,68,68,68,68,68,68,57,57,44,75,67,60,40,24,49,49,35,35,35,22,22,22,61,61,61,44,80,74,60,60,60,60,60,60,57,57,57,57,57,57,57,80,32],"gold":72,"neow_bonus":"UPGRADE_CARD","is_prod":false,"is_daily":false,"chose_seed":false,"campfire_upgraded":8,"win_rate":0,"timestamp":1531857347,"path_taken":["M","?","$","?","?","R","M","?","T","M","R","?","?","E","R","BOSS","M","M","M","?","?","?","?","R","T","M","R","$","R","$","R","BOSS","M","?","?","$","?","R","?","M","T","R","?","?","E","M","R","BOSS"],"build_version":"2018-07-12","purchased_purges":3,"victory":true,"max_hp_per_floor":[70,70,70,70,75,75,75,75,75,75,75,75,75,75,75,75,75,75,75,75,75,75,75,80,80,80,80,80,80,80,80,80,80,80,80,80,80,80,80,80,80,80,80,80,80,80,80,80,80,80],"card_choices":[{"not_picked":["Poisoned Stab","Skewer"],"picked":"Cloak And Dagger","floor":1},{"not_picked":["Underhanded Strike","Dodge and Roll"],"picked":"Infinite Blades","floor":7},{"not_picked":["Underhanded Strike","Poisoned Stab"],"picked":"Dagger Spray","floor":10},{"not_picked":["Dodge and Roll","Catalyst"],"picked":"Tools of the Trade","floor":12},{"not_picked":["Endless Agony","Dagger Throw","Bouncing Flask"],"picked":"SKIP","floor":14},{"not_picked":["Adrenaline","Doppelganger"],"picked":"Tactician","floor":16},{"not_picked":["Deflect+1","Sucker Punch","Bane+1"],"picked":"SKIP","floor":18},{"not_picked":["Bane","Dagger Throw"],"picked":"Underhanded Strike+1","floor":19},{"not_picked":["PiercingWail","Caltrops"],"picked":"Backstab","floor":20},{"not_picked":["After Image","Deflect","PiercingWail"],"picked":"SKIP","floor":27},{"not_picked":["Envenom","Unload"],"picked":"After Image","floor":33},{"not_picked":["Flechettes+1","Acrobatics","Deadly Poison+1"],"picked":"SKIP","floor":35},{"not_picked":["Heel Hook","All Out Attack"],"picked":"Sucker Punch+1","floor":36},{"not_picked":["Underhanded Strike+1","Dagger Spray+1"],"picked":"Quick Slash+1","floor":41},{"not_picked":["Catalyst","Flying Knee+1","Escape Plan"],"picked":"SKIP","floor":42},{"not_picked":["After Image","Backflip"],"picked":"Predator","floor":47},{"not_picked":["Prepared","Outmaneuver+1"],"picked":"Bouncing Flask+1","floor":48}],"player_experience":78687,"relics_obtained":[{"floor":9,"key":"Regal Pillow"},{"floor":13,"key":"Girya"},{"floor":14,"key":"Mercury Hourglass"},{"floor":21,"key":"Necronomicon"},{"floor":26,"key":"Omamori"},{"floor":41,"key":"Ice Cream"},{"floor":43,"key":"The Specimen"},{"floor":47,"key":"Lantern"}],"event_choices":[{"event_name":"The Cleric","player_choice":"Card Removal","floor":2,"damage_taken":0},{"event_name":"Golden Wing","player_choice":"Card Removal","floor":4,"damage_taken":0},{"event_name":"Big Fish","player_choice":"Donut","floor":5,"damage_taken":0},{"event_name":"Cursed Tome","player_choice":"Obtained Book","floor":21,"damage_taken":0},{"event_name":"The Library","player_choice":"Heal","floor":22,"damage_taken":0},{"event_name":"Vampires","player_choice":"Ignored","floor":23,"damage_taken":0},{"event_name":"Forgotten Altar","player_choice":"Shed Blood","floor":24,"damage_taken":0},{"event_name":"SecretPortal","player_choice":"Rejected Portal.","floor":37,"damage_taken":0},{"event_name":"Tomb of Lord Red Mask","player_choice":"Paid","floor":39,"damage_taken":0},{"event_name":"MindBloom","player_choice":"Fight","floor":41,"damage_taken":0},{"event_name":"Falling","player_choice":"Removed Skill","floor":45,"damage_taken":0}],"boss_relics":[{"not_picked":["Velvet Choker","Calling Bell"],"picked":"Empty Cage"},{"not_picked":["Sozu","Runic Pyramid"],"picked":"Lizard Tail"}],"items_purged_floors":[29,31,38],"is_endless":false,"potions_floor_spawned":[7,10,14,20,36,41,42,47],"ascension_level":0}