{"gold_per_floor":[119,119,132,143,318,318,336,61,61,81,132,150,183,207,207,309,309,329,340,356,456,246,246,246,246,314,333,353,353,353,415,415,510,510,524,524,524,569,211,211,237,252,329,364,132,144,174,190,190,190],"floor_reached":51,"playtime":4439,"items_purged":["Pain","Doubt"],"score":938,"play_id":"ad3f3b20-e59b-4e30-81b5-b693cd14eda2","local_time":"20190212202857","is_ascension_mode":true,"campfire_choices":[{"data":"Redo","floor":6.0,"key":"SMITH"},{"data":"Streamline","floor":15.0,"key":"SMITH"},{"floor":23.0,"key":"REST"},{"data":"Thunder Strike","floor":25.0,"key":"SMITH"},{"data":"Sunder","floor":29.0,"key":"SMITH"},{"floor":32.0,"key":"REST"},{"floor":40.0,"key":"REST"},{"data":"Heatsinks","floor":49,"key":"SMITH"}],"neow_cost":"NONE","seed_source_timestamp":1378468240248933,"circlet_count":0,"master_deck":["Defend_B","Defend_B","Defend_B","Defend_B","Zap","Dualcast","Redo","Redo+1","Double Energy","Streamline+1","Ball Lightning","Conserve Battery","Thunder Strike+1","Ball Lightning","Static Discharge+1","Heatsinks+1","Sunder+1","Redo+1","Thunder Strike","Sweeping Beam+1","Sunder+1","Hologram+1","Self Repair+1","Secret Weapon","Static Discharge","Master of Strategy","Self Repair","Seek","Force Field+1","Loop","White Noise"],"special_seed":0,"relics":["Cracked Core","NeowsBlessing","WarpedTongs","Lantern","Pocketwatch","Bag of Preparation","Mango","Boot","Philosopher\u0027s Stone","Incense Burner","Mummified Hand","Meat on the Bone","Tiny Chest","Astrolabe","Nunchaku","Kunai","Gremlin Horn","Potion Belt","PreservedInsect","Happy Flower"],"potions_floor_usage":[50,50,50,50],"damage_taken":[{"damage":0.0,"enemies":"2 Louse","floor":1.0,"turns":1.0},{"damage":0.0,"enemies":"Cultist","floor":3.0,"turns":1.0},{"damage":1.0,"enemies":"Jaw Worm","floor":4.0,"turns":1.0},{"damage":22.0,"enemies":"Blue Slaver","floor":7.0,"turns":5.0},{"damage":0.0,"enemies":"Exordium Wildlife","floor":10.0,"turns":2.0},{"damage":4.0,"enemies":"2 Fungi Beasts","floor":12.0,"turns":2.0},{"damage":5.0,"enemies":"Gremlin Nob","floor":13.0,"turns":3.0},{"damage":28.0,"enemies":"The Guardian","floor":16.0,"turns":8.0},{"damage":3.0,"enemies":"Shell Parasite","floor":18.0,"turns":2.0},{"damage":4.0,"enemies":"Chosen","floor":19.0,"turns":3.0},{"damage":0.0,"enemies":"Centurion and Healer","floor":20.0,"turns":3.0},{"damage":8.0,"enemies":"Colosseum Slavers","floor":21.0,"turns":2.0},{"damage":33.0,"enemies":"Colosseum Nobs","floor":21.0,"turns":4.0},{"damage":7.0,"enemies":"3 Cultists","floor":27.0,"turns":3.0},{"damage":14.0,"enemies":"Cultist and Chosen","floor":28.0,"turns":3.0},{"damage":45.0,"enemies":"Book of Stabbing","floor":31.0,"turns":3.0},{"damage":56.0,"enemies":"Collector","floor":33.0,"turns":7.0},{"damage":2.0,"enemies":"Orb Walker","floor":35.0,"turns":2.0},{"damage":22.0,"enemies":"2 Orb Walkers","floor":38.0,"turns":3.0},{"damage":30.0,"enemies":"Reptomancer","floor":41.0,"turns":4.0},{"damage":0.0,"enemies":"3 Shapes","floor":42.0,"turns":2.0},{"damage":14.0,"enemies":"Nemesis","floor":44.0,"turns":4.0},{"damage":14.0,"enemies":"Transient","floor":46.0,"turns":5.0},{"damage":0.0,"enemies":"Reptomancer","floor":47.0,"turns":3.0},{"damage":5,"enemies":"3 Darklings","floor":48,"turns":2},{"damage":27,"enemies":"Donu and Deca","floor":50,"turns":5}],"seed_played":"-2053897488729288721","potions_obtained":[{"floor":4.0,"key":"PowerPotion"},{"floor":10.0,"key":"AttackPotion"},{"floor":16.0,"key":"Energy Potion"},{"floor":19.0,"key":"FearPotion"},{"floor":20.0,"key":"Fire Potion"},{"floor":27.0,"key":"SkillPotion"},{"floor":31.0,"key":"AttackPotion"},{"floor":33.0,"key":"GamblersBrew"},{"floor":38.0,"key":"Explosive Potion"},{"floor":41.0,"key":"FocusPotion"},{"floor":46.0,"key":"PowerPotion"},{"floor":47.0,"key":"SkillPotion"},{"floor":48,"key":"SkillPotion"}],"is_trial":false,"path_per_floor":["M","?","M","M","?","R","M","$","T","M","T","M","E","T","R","B",null,"M","M","M","?","$","R","?","R","T","M","M","R","?","E","R","B",null,"M","?","?","?","$","R","E","M","T","E","$","M","E","M","R","B",null],"character_chosen":"DEFECT","items_purchased":["Lantern","Energy Potion","Heatsinks","Sunder","Master of Strategy","Self Repair","Seek","Loop","PreservedInsect"],"campfire_rested":3,"item_purchase_floors":[8,8,22,22,39,39,39,45,45],"current_hp_per_floor":[75,75,75,74,74,74,52,52,52,52,52,48,57,57,57,29,74,71,67,67,26,26,52,52,52,52,45,43,43,72,39,65,21,72,70,70,70,48,48,73,60,70,70,73,73,76,85,85,85,75],"gold":190,"neow_bonus":"THREE_ENEMY_KILL","is_prod":false,"is_daily":false,"chose_seed":false,"campfire_upgraded":5,"win_rate":0,"timestamp":1550021337,"path_taken":["M","?","M","?","?","R","M","$","T","M","?","M","E","?","R","BOSS","M","M","M","?","$","R","?","R","T","?","M","R","?","E","R","BOSS","M","?","?","?","$","R","E","M","T","E","$","M","E","M","R","BOSS"],"build_version":"2019-01-23","purchased_purges":2,"victory":true,"max_hp_per_floor":[75,75,75,75,75,75,75,75,75,75,75,75,89,89,89,89,89,89,89,89,89,89,89,89,89,89,89,89,89,89,89,89,89,89,89,89,85,85,85,85,85,85,85,85,85,85,85,85,85,85],"card_choices":[{"not_picked":["Conserve Battery","Scrape"],"picked":"Redo","floor":1.0},{"not_picked":["Go for the Eyes","Recycle"],"picked":"Redo","floor":3.0},{"not_picked":["Beam Cell","Scrape"],"picked":"Double Energy","floor":4.0},{"not_picked":["Compile Driver","Leap"],"picked":"Streamline","floor":7.0},{"not_picked":["Force Field","Go for the Eyes"],"picked":"Ball Lightning","floor":10.0},{"not_picked":["Coolheaded","Rebound"],"picked":"Conserve Battery","floor":12.0},{"not_picked":["Chaos","Buffer","Steam"],"picked":"SKIP","floor":13.0},{"not_picked":["Hyperbeam","Seek"],"picked":"Thunder Strike","floor":16.0},{"not_picked":["Leap","Storm+1","Steam+1"],"picked":"SKIP","floor":18.0},{"not_picked":["Self Repair","Barrage"],"picked":"Ball Lightning","floor":19.0},{"not_picked":["White Noise","Beam Cell","Conserve Battery"],"picked":"SKIP","floor":20.0},{"not_picked":["Coolheaded","Go for the Eyes+1"],"picked":"Static Discharge+1","floor":21.0},{"not_picked":["Steam","Conserve Battery+1"],"picked":"Redo+1","floor":27.0},{"not_picked":["Compile Driver","Fission","Barrage"],"picked":"SKIP","floor":28.0},{"not_picked":["Rebound","Barrage","Go for the Eyes"],"picked":"SKIP","floor":31.0},{"not_picked":["Hyperbeam","Rainbow"],"picked":"Thunder Strike","floor":33.0},{"not_picked":["Genetic Algorithm","Ball Lightning+1"],"picked":"Self Repair+1","floor":35.0},{"not_picked":["Apotheosis","Deep Breath"],"picked":"Secret Weapon","floor":36.0},{"not_picked":["Consume","Go for the Eyes+1"],"picked":"Static Discharge","floor":38.0},{"not_picked":["Turbo+1","Stack","Redo"],"picked":"SKIP","floor":41.0},{"not_picked":["Sweeping Beam","Beam Cell+1","Steam+1"],"picked":"SKIP","floor":42.0},{"not_picked":["Streamline+1","Stack"],"picked":"Force Field+1","floor":44.0},{"not_picked":["BootSequence","Streamline+1","Biased Cognition"],"picked":"SKIP","floor":46.0},{"not_picked":["Steam+1","Fusion","Steam Power"],"picked":"SKIP","floor":47.0},{"not_picked":["Compile Driver","Conserve Battery+1"],"picked":"White Noise","floor":48}],"player_experience":439685,"relics_obtained":[{"floor":9.0,"key":"Pocketwatch"},{"floor":11.0,"key":"Bag of Preparation"},{"floor":13.0,"key":"Mango"},{"floor":14.0,"key":"Boot"},{"floor":21.0,"key":"Incense Burner"},{"floor":21.0,"key":"Mummified Hand"},{"floor":26.0,"key":"Meat on the Bone"},{"floor":31.0,"key":"Tiny Chest"},{"floor":38.0,"key":"Nunchaku"},{"floor":41.0,"key":"Kunai"},{"floor":43.0,"key":"Gremlin Horn"},{"floor":44.0,"key":"Potion Belt"},{"floor":47.0,"key":"Happy Flower"}],"event_choices":[{"damage_healed":0.0,"max_hp_gain":0.0,"max_hp_loss":0.0,"gold_gain":0.0,"event_name":"Accursed Blacksmith","player_choice":"Rummage","floor":2.0,"gold_loss":0.0,"damage_taken":0.0,"relics_obtained":["WarpedTongs"],"cards_obtained":["Pain"]},{"damage_healed":0.0,"max_hp_gain":0.0,"max_hp_loss":0.0,"gold_gain":175.0,"event_name":"Liars Game","player_choice":"AGREE","floor":5.0,"gold_loss":0.0,"damage_taken":0.0,"cards_obtained":["Doubt"]},{"damage_healed":0.0,"max_hp_gain":0.0,"max_hp_loss":0.0,"gold_gain":0.0,"event_name":"Colosseum","player_choice":"Fight","floor":21.0,"gold_loss":0.0,"damage_taken":0.0},{"damage_healed":0.0,"max_hp_gain":0.0,"max_hp_loss":0.0,"gold_gain":0.0,"event_name":"Colosseum","player_choice":"Fought Nobs","floor":21.0,"gold_loss":0.0,"damage_taken":0.0},{"cards_removed":["Strike_B"],"damage_healed":0.0,"max_hp_gain":0.0,"max_hp_loss":0.0,"gold_gain":0.0,"event_name":"Purifier","player_choice":"Purged","floor":24.0,"gold_loss":0.0,"damage_taken":0.0},{"damage_healed":29.0,"max_hp_gain":0.0,"max_hp_loss":0.0,"gold_gain":0.0,"event_name":"The Library","player_choice":"Heal","floor":30.0,"gold_loss":0.0,"damage_taken":0.0},{"damage_healed":0.0,"max_hp_gain":0.0,"max_hp_loss":0.0,"gold_gain":0.0,"event_name":"SensoryStone","player_choice":"Memory 1","floor":36.0,"gold_loss":0.0,"damage_taken":0.0},{"damage_healed":0.0,"max_hp_gain":0.0,"max_hp_loss":4.0,"gold_gain":0.0,"event_name":"Winding Halls","player_choice":"Max HP","floor":37.0,"gold_loss":0.0,"damage_taken":0.0},{"damage_healed":0.0,"max_hp_gain":0.0,"max_hp_loss":0.0,"gold_gain":0.0,"event_name":"Mysterious Sphere","player_choice":"Fight","floor":38.0,"gold_loss":0.0,"damage_taken":0.0}],"is_beta":false,"boss_relics":[{"not_picked":["Lizard Tail","Coffee Dripper"],"picked":"Philosopher\u0027s Stone"},{"not_picked":["Eternal Feather","Inserter"],"picked":"Astrolabe"}],"items_purged_floors":[8,22],"is_endless":false,"potions_floor_spawned":[4,10,16,19,20,27,31,33,38,41,46,47,48],"ascension_level":5}