{"gold_per_floor":[114,114,39,39,49,84,84,84,133,133,133,8,8,59,59,134,134,145,70,82,98,13,42,62,62,62,72,72,72,87,101,101,178,228,246,246,246,246,257,257,271,288,334,334,364,364,464,476,476,476],"floor_reached":51,"playtime":4802,"items_purged":["Strike_R","Strike_R"],"score":1425,"play_id":"366a6d6c-522a-45ad-9af3-08cb02fe42b5","local_time":"20190317191341","is_ascension_mode":true,"campfire_choices":[{"data":"Bash","floor":8.0,"key":"SMITH"},{"data":"Shockwave","floor":10.0,"key":"SMITH"},{"data":"Shrug It Off","floor":13.0,"key":"SMITH"},{"data":"Flame Barrier","floor":15.0,"key":"SMITH"},{"data":"True Grit","floor":25.0,"key":"SMITH"},{"data":"Dropkick","floor":29.0,"key":"SMITH"},{"data":"Pommel Strike","floor":32.0,"key":"SMITH"},{"data":"Madness","floor":40.0,"key":"SMITH"},{"floor":44.0,"key":"REST"},{"data":"Madness","floor":49,"key":"SMITH"}],"neow_cost":"NONE","seed_source_timestamp":0,"circlet_count":0,"master_deck":["AscendersBane","Defend_R","Bash+1","Flame Barrier+1","Shockwave+1","Shrug It Off+1","Limit Break","Carnage+1","Fiend Fire+1","Infernal Blade+1","Pommel Strike+1","Dropkick+1","True Grit+1","Ghostly Armor+1","Brutality+1","Warcry+1","Dark Embrace+1","Madness+1","Madness+1","Pommel Strike+1","Finesse","Bloodletting+1"],"special_seed":0,"relics":["Burning Blood","NeowsBlessing","Pantograph","Blood Vial","Art of War","Astrolabe","Ornamental Fan","Happy Flower","StoneCalendar","FaceOfCleric","Tiny House","Mummified Hand","PreservedInsect","Potion Belt","Nunchaku"],"potions_floor_usage":[45,50,50],"damage_taken":[{"damage":0.0,"enemies":"Small Slimes","floor":1.0,"turns":1.0},{"damage":0.0,"enemies":"2 Louse","floor":5.0,"turns":1.0},{"damage":0.0,"enemies":"Lagavulin","floor":6.0,"turns":1.0},{"damage":73.0,"enemies":"Slime Boss","floor":16.0,"turns":16.0},{"damage":7.0,"enemies":"Chosen","floor":18.0,"turns":4.0},{"damage":30.0,"enemies":"Shell Parasite","floor":20.0,"turns":4.0},{"damage":12.0,"enemies":"Centurion and Healer","floor":21.0,"turns":12.0},{"damage":18.0,"enemies":"Gremlin Leader","floor":23.0,"turns":6.0},{"damage":8.0,"enemies":"Chosen and Byrds","floor":24.0,"turns":4.0},{"damage":12.0,"enemies":"Snake Plant","floor":27.0,"turns":3.0},{"damage":2.0,"enemies":"Snecko","floor":30.0,"turns":4.0},{"damage":1.0,"enemies":"Centurion and Healer","floor":31.0,"turns":5.0},{"damage":38.0,"enemies":"Champ","floor":33.0,"turns":8.0},{"damage":2.0,"enemies":"Orb Walker","floor":35.0,"turns":3.0},{"damage":42.0,"enemies":"3 Darklings","floor":39.0,"turns":5.0},{"damage":2.0,"enemies":"Sphere and 2 Shapes","floor":41.0,"turns":3.0},{"damage":27.0,"enemies":"Spire Growth","floor":42.0,"turns":3.0},{"damage":1,"enemies":"Reptomancer","floor":45,"turns":2},{"damage":2,"enemies":"Mind Bloom Boss Battle","floor":47,"turns":3},{"damage":4,"enemies":"Transient","floor":48,"turns":5},{"damage":42,"enemies":"Donu and Deca","floor":50,"turns":5}],"seed_played":"-3737866553351094784","potions_obtained":[{"floor":1.0,"key":"AttackPotion"},{"floor":4.0,"key":"SkillPotion"},{"floor":16.0,"key":"PowerPotion"},{"floor":21.0,"key":"GamblersBrew"},{"floor":24.0,"key":"SpeedPotion"},{"floor":30.0,"key":"BloodPotion"},{"floor":34.0,"key":"Fire Potion"},{"floor":41.0,"key":"SteroidPotion"},{"floor":47,"key":"LiquidBronze"},{"floor":48,"key":"GamblersBrew"}],"is_trial":false,"path_per_floor":["M","?","$","?","M","E","$","R","T","R","?","$","R","T","R","B",null,"M","?","M","M","?","E","M","R","T","M","?","R","M","M","R","B",null,"M","T","?","?","M","R","M","M","T","R","E","?","?","M","R","B",null],"character_chosen":"IRONCLAD","items_purchased":["Shrug It Off"],"campfire_rested":1,"item_purchase_floors":[12],"current_hp_per_floor":[74,67,67,67,73,75,75,75,75,75,75,75,75,75,75,8,58,59,59,37,33,33,23,23,23,23,19,19,19,26,34,34,30,71,78,78,63,63,38,38,45,27,27,53,61,61,89,90,90,55],"gold":476,"neow_bonus":"THREE_ENEMY_KILL","is_prod":false,"is_daily":false,"chose_seed":false,"campfire_upgraded":9,"win_rate":0,"timestamp":1552864421,"path_taken":["M","?","$","?","?","E","?","R","T","R","?","$","R","?","R","BOSS","M","?","M","M","?","E","M","R","T","M","?","R","M","?","R","BOSS","M","?","?","?","?","R","M","M","T","R","E","?","?","M","R","BOSS"],"build_version":"2019-01-23","purchased_purges":2,"victory":true,"max_hp_per_floor":[75,75,75,75,75,75,75,75,75,75,75,75,75,75,75,75,75,75,75,75,75,75,75,75,75,75,75,75,75,76,77,77,78,83,84,84,84,84,85,85,86,87,87,87,88,88,89,90,90,91],"card_choices":[{"not_picked":["Havoc","Power Through"],"picked":"Flame Barrier","floor":1.0},{"not_picked":["Twin Strike","Shrug It Off"],"picked":"Shockwave","floor":5.0},{"not_picked":["Flex","Second Wind","Combust"],"picked":"SKIP","floor":6.0},{"not_picked":["Double Tap","Dark Embrace"],"picked":"Limit Break","floor":16.0},{"not_picked":["Heavy Blade","Shrug It Off"],"picked":"Pommel Strike","floor":18.0},{"not_picked":["Cleave","Sword Boomerang"],"picked":"Dropkick","floor":20.0},{"not_picked":["Havoc","Armaments","Flame Barrier"],"picked":"SKIP","floor":21.0},{"not_picked":["Bludgeon","Clothesline"],"picked":"True Grit","floor":23.0},{"not_picked":["Havoc","Anger","Cleave"],"picked":"SKIP","floor":24.0},{"not_picked":["Perfected Strike","Twin Strike","Reckless Charge"],"picked":"SKIP","floor":27.0},{"not_picked":["Shrug It Off","Corruption+1"],"picked":"Ghostly Armor+1","floor":30.0},{"not_picked":["Bloodletting","Power Through","Uppercut"],"picked":"SKIP","floor":31.0},{"not_picked":["Fiend Fire","Limit Break"],"picked":"Brutality","floor":33.0},{"not_picked":["Armaments","Cleave"],"picked":"Warcry+1","floor":34.0},{"not_picked":["True Grit","Perfected Strike"],"picked":"Dark Embrace","floor":35.0},{"not_picked":["Flex","Twin Strike","Anger"],"picked":"SKIP","floor":39.0},{"not_picked":["Perfected Strike","True Grit","Clothesline"],"picked":"SKIP","floor":41.0},{"not_picked":["Clothesline","Exhume"],"picked":"Pommel Strike+1","floor":42.0},{"not_picked":["Flex","Battle Trance","Anger"],"picked":"SKIP","floor":45},{"not_picked":["Sadistic Nature","Forethought"],"picked":"Finesse","floor":46},{"not_picked":["Intimidate","Reckless Charge"],"picked":"Bloodletting+1","floor":48}],"player_experience":385042,"relics_obtained":[{"floor":6.0,"key":"Pantograph"},{"floor":9.0,"key":"Blood Vial"},{"floor":14.0,"key":"Art of War"},{"floor":23.0,"key":"Happy Flower"},{"floor":26.0,"key":"StoneCalendar"},{"floor":36.0,"key":"Mummified Hand"},{"floor":43.0,"key":"PreservedInsect"},{"floor":45,"key":"Potion Belt"},{"floor":47,"key":"Nunchaku"}],"event_choices":[{"cards_removed":["Strike_R"],"damage_healed":0.0,"max_hp_gain":0.0,"max_hp_loss":0.0,"gold_gain":0.0,"event_name":"Golden Wing","player_choice":"Card Removal","floor":2.0,"gold_loss":0.0,"damage_taken":7.0},{"damage_healed":0.0,"max_hp_gain":0.0,"max_hp_loss":0.0,"gold_gain":0.0,"event_name":"Lab","player_choice":"Got Potions","floor":4.0,"gold_loss":0.0,"damage_taken":0.0},{"cards_removed":["Defend_R"],"damage_healed":0.0,"max_hp_gain":0.0,"max_hp_loss":0.0,"gold_gain":0.0,"event_name":"Living Wall","player_choice":"Forget","floor":11.0,"gold_loss":0.0,"damage_taken":0.0},{"cards_removed":["Defend_R"],"damage_healed":0.0,"max_hp_gain":0.0,"max_hp_loss":0.0,"gold_gain":0.0,"event_name":"Beggar","player_choice":"Gave Gold","floor":19.0,"gold_loss":75.0,"damage_taken":0.0},{"damage_healed":0.0,"max_hp_gain":0.0,"max_hp_loss":0.0,"gold_gain":0.0,"event_name":"Addict","player_choice":"Obtained Relic","floor":22.0,"gold_loss":85.0,"damage_taken":0.0,"relics_obtained":["Ornamental Fan"]},{"damage_healed":0.0,"max_hp_gain":0.0,"max_hp_loss":0.0,"gold_gain":0.0,"event_name":"FaceTrader","player_choice":"Trade","floor":28.0,"gold_loss":0.0,"damage_taken":0.0,"relics_obtained":["FaceOfCleric"]},{"damage_healed":0.0,"max_hp_gain":0.0,"max_hp_loss":0.0,"gold_gain":0.0,"event_name":"Winding Halls","player_choice":"Embrace Madness","floor":37.0,"gold_loss":0.0,"damage_taken":15.0,"cards_obtained":["Madness","Madness"]},{"damage_healed":0.0,"max_hp_gain":0.0,"max_hp_loss":0.0,"gold_gain":0.0,"event_name":"Accursed Blacksmith","player_choice":"Forge","floor":38.0,"gold_loss":0.0,"damage_taken":0.0,"cards_upgraded":["Dark Embrace"]},{"damage_healed":0,"gold_gain":0,"player_choice":"Memory 1","damage_taken":0,"max_hp_gain":0,"max_hp_loss":0,"event_name":"SensoryStone","floor":46,"gold_loss":0},{"damage_healed":0,"gold_gain":0,"player_choice":"Fight","damage_taken":0,"max_hp_gain":0,"max_hp_loss":0,"event_name":"MindBloom","floor":47,"gold_loss":0}],"is_beta":false,"boss_relics":[{"not_picked":["Velvet Choker","Calling Bell"],"picked":"Astrolabe"},{"not_picked":["White Beast Statue","Runic Cube"],"picked":"Tiny House"}],"items_purged_floors":[3,12],"is_endless":false,"potions_floor_spawned":[1,16,21,24,30,41,47,48],"ascension_level":19}