{"gold_per_floor":[209,227,73,73,73,73,107,107,107,130,144,144,163,196,196,286,286,300,300,319,339,339],"floor_reached":22,"playtime":628,"items_purged":["Strike_B"],"score":431,"play_id":"f9ec2bc7-261a-4723-b869-a759df6e2074","local_time":"20181015113120","is_ascension_mode":true,"campfire_choices":[{"data":"Zap","floor":6,"key":"SMITH"},{"data":"Dualcast","floor":8,"key":"SMITH"},{"data":"Ball Lightning","floor":12,"key":"SMITH"},{"data":"Defragment","floor":15,"key":"SMITH"}],"neow_cost":"NONE","seed_source_timestamp":325927363714573,"circlet_count":0,"master_deck":["Strike_B","Strike_B","Strike_B","Defend_B","Defend_B","Defend_B","Defend_B","Zap+1","Dualcast+1","AscendersBane","Ball Lightning","Steam","Rainbow","Ball Lightning+1","White Noise","Defragment+1","Seek+1","Defragment","Conserve Battery"],"relics":["Cracked Core","Golden Idol","Happy Flower","Bottled Flame","Smiling Mask","Sozu"],"potions_floor_usage":[7,14,20,22],"damage_taken":[{"damage":5,"enemies":"Small Slimes","floor":1,"turns":4},{"damage":4,"enemies":"Jaw Worm","floor":2,"turns":3},{"damage":22,"enemies":"3 Sentries","floor":7,"turns":6},{"damage":0,"enemies":"Cultist","floor":10,"turns":2},{"damage":5,"enemies":"Blue Slaver","floor":11,"turns":3},{"damage":4,"enemies":"Red Slaver","floor":13,"turns":3},{"damage":0,"enemies":"Gremlin Nob","floor":14,"turns":3},{"damage":14,"enemies":"The Guardian","floor":16,"turns":9},{"damage":2,"enemies":"Spheric Guardian","floor":18,"turns":3},{"damage":12,"enemies":"Shell Parasite","floor":20,"turns":3},{"damage":20,"enemies":"Snake Plant","floor":21,"turns":3},{"damage":28,"enemies":"Cultist and Chosen","floor":22,"turns":3}],"seed_played":"6016972982222689680","potions_obtained":[{"floor":2,"key":"SkillPotion"},{"floor":7,"key":"Block Potion"},{"floor":11,"key":"Block Potion"},{"floor":14,"key":"Explosive Potion"}],"is_trial":false,"path_per_floor":["M","M","$","?","?","R","E","R","T","M","M","R","M","E","R","B",null,"M","?","M","M"],"character_chosen":"DEFECT","items_purchased":["Rainbow"],"campfire_rested":0,"item_purchase_floors":[3],"current_hp_per_floor":[59,55,55,55,55,55,33,33,33,33,28,28,24,24,24,10,56,54,54,42,22,0],"gold":339,"neow_bonus":"HUNDRED_GOLD","is_prod":false,"is_daily":false,"chose_seed":false,"campfire_upgraded":4,"win_rate":0,"timestamp":1539595880,"path_taken":["M","M","$","?","?","R","E","R","T","M","?","R","M","E","R","BOSS","M","?","M","M","M"],"build_version":"2018-10-11","purchased_purges":1,"victory":false,"max_hp_per_floor":[71,71,71,71,71,71,71,71,71,71,71,71,71,71,71,71,71,71,71,71,71,71],"card_choices":[{"not_picked":["Steam","Conserve Battery"],"picked":"Ball Lightning","floor":1},{"not_picked":["Stack","Sweeping Beam"],"picked":"Steam","floor":2},{"not_picked":["Conserve Battery","Go for the Eyes"],"picked":"Ball Lightning","floor":7},{"not_picked":["Hologram","Ball Lightning"],"picked":"White Noise","floor":10},{"not_picked":["Barrage","Compile Driver","Sweeping Beam"],"picked":"SKIP","floor":11},{"not_picked":["Conserve Battery","Rebound"],"picked":"Defragment","floor":13},{"not_picked":["Self Repair","Sunder","Consume"],"picked":"SKIP","floor":14},{"not_picked":["Echo Form","Rainbow"],"picked":"Seek","floor":16},{"not_picked":["Consume","Sweeping Beam","Gash+1"],"picked":"SKIP","floor":18},{"not_picked":["Leap","Barrage"],"picked":"Defragment","floor":20},{"not_picked":["Streamline","Coolheaded"],"picked":"Conserve Battery","floor":21}],"player_experience":831077,"relics_obtained":[{"floor":7,"key":"Happy Flower"},{"floor":9,"key":"Bottled Flame"},{"floor":14,"key":"Smiling Mask"}],"event_choices":[{"event_name":"Golden Idol","player_choice":"Take Wound","floor":4,"damage_taken":0},{"event_name":"Purifier","player_choice":"One Purge","floor":5,"damage_taken":0},{"event_name":"Upgrade Shrine","player_choice":"Upgraded","floor":19,"damage_taken":0}],"is_beta":false,"boss_relics":[{"not_picked":["Ectoplasm","Fusion Hammer"],"picked":"Sozu"}],"items_purged_floors":[3],"is_endless":false,"potions_floor_spawned":[2,7,11,13,14],"killed_by":"Cultist and Chosen","ascension_level":19}