{"gold_per_floor":[119,119,135,161,8,8,42,42,89,120,134,62,62,74,74,174,174,186,186,186,196,78,108,108,123,123,155,174,174,185,203,203,203],"floor_reached":33,"playtime":2739,"items_purged":["Regret"],"score":574,"play_id":"52a596e3-6630-4f63-a865-10aa695d4519","local_time":"20190308210541","is_ascension_mode":true,"campfire_choices":[{"data":"Zap","floor":6.0,"key":"SMITH"},{"data":"Ball Lightning","floor":8.0,"key":"SMITH"},{"data":"Defragment","floor":13.0,"key":"SMITH"},{"floor":15.0,"key":"REST"},{"floor":24.0,"key":"REST"},{"data":"Chaos","floor":29.0,"key":"SMITH"},{"floor":32.0,"key":"REST"}],"neow_cost":"NONE","seed_source_timestamp":1898073695645634,"circlet_count":0,"master_deck":["AscendersBane","Strike_B","Strike_B","Strike_B","Strike_B","Defend_B","Defend_B","Defend_B","Defend_B","Zap+1","Dualcast","Conserve Battery","Ball Lightning+1","Auto Shields","Ball Lightning","Defragment+1","Chaos+1","Biased Cognition","Injury","Decay","Sweeping Beam","Coolheaded","Sweeping Beam","White Noise+1","Coolheaded+1","Reprogram"],"special_seed":0,"relics":["Cracked Core","NeowsBlessing","Regal Pillow","Lantern","Turnip","Potion Belt","Cables","Calling Bell","PreservedInsect","The Courier","Girya","Art of War","Thread and Needle","Bag of Marbles","Meat on the Bone"],"potions_floor_usage":[33,33],"damage_taken":[{"damage":0.0,"enemies":"2 Louse","floor":1.0,"turns":1.0},{"damage":0.0,"enemies":"Cultist","floor":3.0,"turns":1.0},{"damage":0.0,"enemies":"3 Sentries","floor":7.0,"turns":1.0},{"damage":26.0,"enemies":"Gremlin Nob","floor":10.0,"turns":4.0},{"damage":0.0,"enemies":"Jaw Worm","floor":11.0,"turns":3.0},{"damage":17.0,"enemies":"Gremlin Gang","floor":14.0,"turns":4.0},{"damage":0.0,"enemies":"Slime Boss","floor":16.0,"turns":8.0},{"damage":20.0,"enemies":"3 Byrds","floor":18.0,"turns":4.0},{"damage":4.0,"enemies":"Chosen","floor":21.0,"turns":4.0},{"damage":28.0,"enemies":"Gremlin Leader","floor":23.0,"turns":6.0},{"damage":12.0,"enemies":"Snake Plant","floor":25.0,"turns":4.0},{"damage":15.0,"enemies":"Book of Stabbing","floor":27.0,"turns":4.0},{"damage":2.0,"enemies":"3 Cultists","floor":28.0,"turns":4.0},{"damage":0.0,"enemies":"Centurion and Healer","floor":30.0,"turns":5.0},{"damage":1.0,"enemies":"Snecko","floor":31.0,"turns":4.0},{"damage":91,"enemies":"Collector","floor":33,"turns":8}],"seed_played":"-5748153112338772245","potions_obtained":[{"floor":1.0,"key":"Energy Potion"},{"floor":2.0,"key":"Poison Potion"},{"floor":14.0,"key":"Swift Potion"},{"floor":16.0,"key":"EssenceOfSteel"},{"floor":18.0,"key":"SteroidPotion"},{"floor":21.0,"key":"PowerPotion"},{"floor":27.0,"key":"Poison Potion"},{"floor":31.0,"key":"Regen Potion"}],"is_trial":false,"path_per_floor":["M","?","M","T","$","R","E","R","T","E","M","$","R","M","R","B",null,"M","?","?","M","$","E","R","M","T","E","M","R","M","M","R","B"],"character_chosen":"DEFECT","items_purchased":["Lantern","Defragment","Ancient Potion"],"campfire_rested":3,"item_purchase_floors":[5,12,22],"current_hp_per_floor":[68,68,68,68,68,68,68,68,68,42,42,42,42,25,62,62,72,52,52,52,48,48,20,57,45,45,30,40,40,40,39,75,0],"gold":203,"neow_bonus":"THREE_ENEMY_KILL","is_prod":false,"is_daily":false,"chose_seed":false,"campfire_upgraded":4,"win_rate":0,"timestamp":1552097141,"path_taken":["M","?","?","?","?","R","E","R","T","E","M","$","R","M","R","BOSS","M","?","?","M","$","E","R","M","T","E","M","R","?","M","R","BOSS"],"build_version":"2019-01-23","purchased_purges":1,"victory":false,"max_hp_per_floor":[75,75,75,75,75,75,75,75,75,75,75,75,75,75,75,75,75,75,75,75,75,75,75,75,75,75,75,75,75,75,75,75,75],"card_choices":[{"not_picked":["Loop","Genetic Algorithm"],"picked":"Conserve Battery","floor":1.0},{"not_picked":["Turbo","Tempest"],"picked":"Ball Lightning","floor":3.0},{"not_picked":["Redo","Undo","Double Energy"],"picked":"SKIP","floor":7.0},{"not_picked":["Creative AI","Steam"],"picked":"Auto Shields","floor":10.0},{"not_picked":["Stack","Fusion"],"picked":"Ball Lightning","floor":11.0},{"not_picked":["Gash","Darkness"],"picked":"Chaos","floor":14.0},{"not_picked":["Thunder Strike","Amplify"],"picked":"Biased Cognition","floor":16.0},{"not_picked":["Cold Snap","Hologram"],"picked":"Sweeping Beam","floor":18.0},{"not_picked":["Skim","Beam Cell"],"picked":"Sweeping Beam","floor":21.0},{"not_picked":["Stack","Steam Power"],"picked":"White Noise+1","floor":23.0},{"not_picked":["Ball Lightning","Streamline","Aggregate+1"],"picked":"SKIP","floor":25.0},{"not_picked":["Consume","Beam Cell","Steam"],"picked":"SKIP","floor":27.0},{"not_picked":["Streamline","Hello World+1"],"picked":"Coolheaded+1","floor":28.0},{"not_picked":["Loop","Tempest"],"picked":"Reprogram","floor":30.0},{"not_picked":["Reinforced Body","Sweeping Beam+1","Rebound"],"picked":"SKIP","floor":31.0}],"player_experience":654162,"relics_obtained":[{"floor":4.0,"key":"Regal Pillow"},{"floor":7.0,"key":"Turnip"},{"floor":9.0,"key":"Potion Belt"},{"floor":10.0,"key":"Cables"},{"floor":17.0,"key":"PreservedInsect"},{"floor":17.0,"key":"The Courier"},{"floor":17.0,"key":"Girya"},{"floor":23.0,"key":"Thread and Needle"},{"floor":26.0,"key":"Bag of Marbles"},{"floor":27.0,"key":"Meat on the Bone"}],"event_choices":[{"damage_healed":0.0,"max_hp_gain":0.0,"max_hp_loss":0.0,"gold_gain":0.0,"event_name":"Lab","player_choice":"Got Potions","floor":2.0,"gold_loss":0.0,"damage_taken":0.0},{"damage_healed":0.0,"max_hp_gain":0.0,"max_hp_loss":0.0,"gold_gain":0.0,"event_name":"The Library","player_choice":"Read","floor":19.0,"gold_loss":0.0,"damage_taken":0.0,"cards_obtained":["Coolheaded"]},{"damage_healed":0.0,"max_hp_gain":0.0,"max_hp_loss":0.0,"gold_gain":0.0,"event_name":"WeMeetAgain","player_choice":"Gave Potion","floor":20.0,"gold_loss":0.0,"damage_taken":0.0,"relics_obtained":["Art of War"]}],"is_beta":false,"boss_relics":[{"not_picked":["Runic Pyramid","Lizard Tail"],"picked":"Calling Bell"}],"items_purged_floors":[22],"is_endless":false,"potions_floor_spawned":[1,3,14,16,18,21,27,31],"killed_by":"Collector","ascension_level":11}