{"gold_per_floor":[19,36,36,52,67,97,97,97,97,116,116,149,163,183,183,256,256,275,293,1,1,17,17,48,82,109,109,144,144,170,120,120,197,197,211,47,47,63,73,73,102,118,118,418,450,450,460,472,472,472],"floor_reached":51,"playtime":2154,"items_purged":["Strike_R"],"score":1454,"play_id":"66ef14f1-0748-4540-8b6f-4cf1afe9f442","local_time":"20181028182556","is_ascension_mode":true,"campfire_choices":[{"data":"Uppercut","floor":8.0,"key":"SMITH"},{"data":"Wild Strike","floor":11.0,"key":"SMITH"},{"data":"Inflame","floor":15.0,"key":"SMITH"},{"data":"Double Tap","floor":23.0,"key":"SMITH"},{"data":"Body Slam","floor":29.0,"key":"SMITH"},{"data":"Pummel","floor":32.0,"key":"SMITH"},{"data":"Fiend Fire","floor":40.0,"key":"SMITH"},{"data":"Limit Break","floor":46.0,"key":"SMITH"},{"data":"Entrench","floor":49.0,"key":"SMITH"}],"neow_cost":"NO_GOLD","seed_source_timestamp":1475685117942877,"circlet_count":0,"master_deck":["Strike_R","Strike_R","Defend_R","Defend_R","Defend_R","Bash","AscendersBane","Ghostly Armor","Twin Strike","Pummel+1","Wild Strike+1","Uppercut+1","Battle Trance","Inflame+1","Double Tap+1","Spot Weakness","Limit Break+1","Body Slam+1","Armaments+1","Metallicize","Shrug It Off","Havoc+1","Fiend Fire+1","True Grit+1","Flash of Steel","Inflame","Metallicize","Body Slam+1","Regret","Shrug It Off+1","Entrench+1"],"special_seed":0,"relics":["Burning Blood","Oddly Smooth Stone","Pen Nib","Mercury Hourglass","Cursed Key","Calipers","Red Mask","Dead Branch","Happy Flower","Nilry\u0027s Codex","Prayer Wheel","Dream Catcher","Empty Cage","Nunchaku","Matryoshka","Letter Opener"],"potions_floor_usage":[50,50],"damage_taken":[{"damage":14.0,"enemies":"Jaw Worm","floor":1.0,"turns":3.0},{"damage":0.0,"enemies":"2 Louse","floor":2.0,"turns":2.0},{"damage":0.0,"enemies":"Small Slimes","floor":4.0,"turns":3.0},{"damage":10.0,"enemies":"3 Louse","floor":5.0,"turns":6.0},{"damage":16.0,"enemies":"Gremlin Nob","floor":6.0,"turns":4.0},{"damage":1.0,"enemies":"Blue Slaver","floor":10.0,"turns":3.0},{"damage":14.0,"enemies":"3 Sentries","floor":12.0,"turns":6.0},{"damage":4.0,"enemies":"Exordium Thugs","floor":13.0,"turns":3.0},{"damage":0.0,"enemies":"Large Slime","floor":14.0,"turns":3.0},{"damage":23.0,"enemies":"The Guardian","floor":16.0,"turns":6.0},{"damage":5.0,"enemies":"Spheric Guardian","floor":18.0,"turns":3.0},{"damage":4.0,"enemies":"Shell Parasite","floor":19.0,"turns":3.0},{"damage":9.0,"enemies":"Shelled Parasite and Fungi","floor":22.0,"turns":3.0},{"damage":0.0,"enemies":"Masked Bandits","floor":24.0,"turns":2.0},{"damage":23.0,"enemies":"Slavers","floor":25.0,"turns":6.0},{"damage":10.0,"enemies":"Book of Stabbing","floor":28.0,"turns":4.0},{"damage":0.0,"enemies":"Gremlin Leader","floor":30.0,"turns":7.0},{"damage":20.0,"enemies":"Automaton","floor":33.0,"turns":6.0},{"damage":24.0,"enemies":"3 Darklings","floor":35.0,"turns":4.0},{"damage":4.0,"enemies":"Orb Walker","floor":38.0,"turns":3.0},{"damage":0.0,"enemies":"Spire Growth","floor":39.0,"turns":2.0},{"damage":0.0,"enemies":"Nemesis","floor":41.0,"turns":3.0},{"damage":6.0,"enemies":"Sphere and 2 Shapes","floor":42.0,"turns":4.0},{"damage":8.0,"enemies":"Giant Head","floor":45.0,"turns":5.0},{"damage":20.0,"enemies":"Transient","floor":47.0,"turns":5.0},{"damage":4.0,"enemies":"Spire Growth","floor":48.0,"turns":5.0},{"damage":15,"enemies":"Donu and Deca","floor":50,"turns":8}],"seed_played":"-2918062677506030236","potions_obtained":[{"floor":1.0,"key":"Weak Potion"},{"floor":4.0,"key":"Explosive Potion"},{"floor":10.0,"key":"Regen Potion"},{"floor":13.0,"key":"GamblersBrew"},{"floor":14.0,"key":"Weak Potion"},{"floor":19.0,"key":"Weak Potion"},{"floor":25.0,"key":"Weak Potion"},{"floor":28.0,"key":"SkillPotion"},{"floor":33.0,"key":"SteroidPotion"},{"floor":39.0,"key":"Weak Potion"},{"floor":45.0,"key":"Weak Potion"},{"floor":48.0,"key":"PowerPotion"}],"is_trial":false,"path_per_floor":["M","M","?","M","M","E","?","R","T","M","R","E","M","M","R","B",null,"M","M","$","?","M","R","?","E","T","?","E","R","E","?","R","B",null,"M","$","?","M","M","R","E","M","T","?","E","R","M","M","R","B"],"character_chosen":"IRONCLAD","items_purchased":["Calipers","Flash of Steel"],"campfire_rested":0,"item_purchase_floors":[20,36],"current_hp_per_floor":[60,66,66,72,68,58,63,63,63,68,68,60,62,68,68,51,73,74,80,80,80,77,77,80,63,63,42,38,38,44,44,44,30,68,50,50,50,52,58,58,64,64,64,64,62,62,48,50,50,41],"gold":472,"neow_bonus":"REMOVE_TWO","is_prod":false,"is_daily":false,"chose_seed":false,"campfire_upgraded":9,"win_rate":0,"timestamp":1540747556,"path_taken":["M","M","?","M","?","E","?","R","T","M","R","E","M","M","R","BOSS","M","M","$","?","M","R","?","E","T","?","E","R","E","?","R","BOSS","M","$","?","M","M","R","E","M","T","?","E","R","M","M","R","BOSS"],"build_version":"2018-10-25v2","purchased_purges":1,"victory":true,"max_hp_per_floor":[75,75,75,75,75,75,80,80,80,80,80,80,80,80,80,80,80,80,80,80,80,80,80,80,80,80,80,80,80,80,80,80,80,80,80,80,80,80,80,80,80,80,80,80,80,80,80,80,80,80],"card_choices":[{"not_picked":["True Grit","Fire Breathing"],"picked":"Ghostly Armor","floor":1.0},{"not_picked":["Anger","Clothesline"],"picked":"Twin Strike","floor":2.0},{"not_picked":["Power Through","Clothesline"],"picked":"Pummel","floor":4.0},{"not_picked":["Battle Trance","Sword Boomerang"],"picked":"Wild Strike","floor":5.0},{"not_picked":["Second Wind","Clothesline"],"picked":"Uppercut","floor":6.0},{"not_picked":["Uppercut","Twin Strike"],"picked":"Battle Trance","floor":10.0},{"not_picked":["Twin Strike","Armaments"],"picked":"Inflame","floor":12.0},{"not_picked":["Armaments","Flex"],"picked":"Double Tap","floor":13.0},{"not_picked":["Dual Wield","Entrench"],"picked":"Spot Weakness","floor":14.0},{"not_picked":["Berserk","Feed"],"picked":"Limit Break","floor":16.0},{"not_picked":["Evolve","Havoc"],"picked":"Body Slam","floor":18.0},{"not_picked":["Fire Breathing","Thunderclap"],"picked":"Armaments+1","floor":19.0},{"not_picked":["Clash","Double Tap","Sword Boomerang"],"picked":"SKIP","floor":22.0},{"not_picked":["Flex","Rampage"],"picked":"Shrug It Off","floor":24.0},{"not_picked":["Rupture","Pummel","Perfected Strike+1"],"picked":"SKIP","floor":25.0},{"not_picked":["Perfected Strike","Twin Strike","Sever Soul"],"picked":"SKIP","floor":28.0},{"not_picked":["Burning Pact","Thunderclap"],"picked":"Havoc+1","floor":30.0},{"not_picked":["Barricade","Dark Embrace"],"picked":"Fiend Fire","floor":33.0},{"not_picked":["Clothesline","Shrug It Off"],"picked":"True Grit+1","floor":35.0},{"not_picked":["Twin Strike+1","Sword Boomerang","Warcry"],"picked":"SKIP","floor":35.0},{"not_picked":["Corruption","Flex"],"picked":"Inflame","floor":38.0},{"not_picked":["Entrench","Searing Blow"],"picked":"Metallicize","floor":38.0},{"not_picked":["Corruption","Double Tap"],"picked":"Body Slam+1","floor":39.0},{"not_picked":["Havoc","Headbutt","Clothesline"],"picked":"SKIP","floor":39.0},{"not_picked":["Thunderclap+1","True Grit","Armaments"],"picked":"SKIP","floor":41.0},{"not_picked":["Iron Wave","Headbutt","Havoc"],"picked":"SKIP","floor":42.0},{"not_picked":["Perfected Strike","Uppercut+1","Clash"],"picked":"SKIP","floor":42.0},{"not_picked":["Flex","Wild Strike","Burning Pact"],"picked":"SKIP","floor":45.0},{"not_picked":["Dual Wield","Heavy Blade"],"picked":"Shrug It Off+1","floor":47.0},{"not_picked":["Heavy Blade","Warcry"],"picked":"Entrench","floor":47.0},{"not_picked":["Juggernaut","Hemokinesis","Twin Strike"],"picked":"SKIP","floor":48.0},{"not_picked":["Flex","Entrench","Blood for Blood+1"],"picked":"SKIP","floor":48.0}],"player_experience":864952,"relics_obtained":[{"floor":6.0,"key":"Oddly Smooth Stone"},{"floor":9.0,"key":"Pen Nib"},{"floor":12.0,"key":"Mercury Hourglass"},{"floor":24.0,"key":"Red Mask"},{"floor":25.0,"key":"Dead Branch"},{"floor":26.0,"key":"Happy Flower"},{"floor":27.0,"key":"Nilry\u0027s Codex"},{"floor":28.0,"key":"Prayer Wheel"},{"floor":30.0,"key":"Dream Catcher"},{"floor":41.0,"key":"Nunchaku"},{"floor":43.0,"key":"Matryoshka"},{"floor":45.0,"key":"Letter Opener"}],"event_choices":[{"damage_healed":0.0,"max_hp_gain":0.0,"max_hp_loss":0.0,"gold_gain":0.0,"event_name":"The Cleric","player_choice":"Leave","floor":3.0,"gold_loss":0.0,"damage_taken":0.0},{"damage_healed":0.0,"max_hp_gain":5.0,"max_hp_loss":0.0,"gold_gain":0.0,"event_name":"Big Fish","player_choice":"Donut","floor":7.0,"gold_loss":0.0,"damage_taken":0.0},{"damage_healed":0.0,"max_hp_gain":0.0,"max_hp_loss":0.0,"gold_gain":0.0,"event_name":"The Library","player_choice":"Read","floor":21.0,"gold_loss":0.0,"damage_taken":0.0,"cards_obtained":["Metallicize"]},{"damage_healed":0.0,"max_hp_gain":0.0,"max_hp_loss":0.0,"gold_gain":0.0,"event_name":"Masked Bandits","player_choice":"Fought Bandits","floor":24.0,"gold_loss":0.0,"damage_taken":0.0},{"damage_healed":0.0,"max_hp_gain":0.0,"max_hp_loss":0.0,"gold_gain":0.0,"event_name":"Cursed Tome","player_choice":"Obtained Book","floor":27.0,"gold_loss":0.0,"damage_taken":21.0},{"damage_healed":0.0,"max_hp_gain":0.0,"max_hp_loss":0.0,"gold_gain":0.0,"event_name":"The Joust","player_choice":"Bet on Murderer","floor":31.0,"gold_loss":50.0,"damage_taken":0.0},{"damage_healed":0.0,"max_hp_gain":0.0,"max_hp_loss":0.0,"gold_gain":0.0,"event_name":"SecretPortal","player_choice":"Ignored","floor":37.0,"gold_loss":0.0,"damage_taken":0.0},{"damage_healed":0.0,"max_hp_gain":0.0,"max_hp_loss":0.0,"gold_gain":300.0,"event_name":"Wheel of Change","player_choice":"Gold","floor":44.0,"gold_loss":0.0,"damage_taken":0.0}],"is_beta":false,"boss_relics":[{"not_picked":["Black Star","Calling Bell"],"picked":"Cursed Key"},{"not_picked":["Fusion Hammer","Orrery"],"picked":"Empty Cage"}],"items_purged_floors":[36],"is_endless":false,"potions_floor_spawned":[1,4,10,13,14,19,25,28,33,39,45,48],"ascension_level":15}