{"gold_per_floor":[115,126,76,96,21,21,21,21,21,32,62,62,62,76,76,173,173],"floor_reached":17,"playtime":422,"items_purged":["Strike_B"],"score":163,"play_id":"1bfa8b1a-b041-400b-91ed-3a0e418149a1","local_time":"20190215202933","is_ascension_mode":true,"campfire_choices":[{"data":"Fission","floor":6,"key":"SMITH"},{"data":"Zap","floor":8,"key":"SMITH"},{"data":"Creative AI","floor":13,"key":"SMITH"},{"data":"Dualcast","floor":15,"key":"SMITH"}],"neow_cost":"CURSE","seed_source_timestamp":897182204717,"circlet_count":0,"master_deck":["Strike_B","Strike_B","Defend_B","Defend_B","Defend_B","Defend_B","Zap+1","Dualcast+1","Fission+1","Ball Lightning","Doom and Gloom","Creative AI+1","FTL","All For One"],"relics":["Cracked Core","Bottled Lightning","Matryoshka","Ectoplasm"],"potions_floor_usage":[11,11,16,16,16],"damage_taken":[{"damage":3,"enemies":"Small Slimes","floor":1,"turns":2},{"damage":1,"enemies":"Jaw Worm","floor":2,"turns":3},{"damage":6,"enemies":"2 Louse","floor":4,"turns":2},{"damage":0,"enemies":"Exordium Thugs","floor":10,"turns":2},{"damage":3,"enemies":"Lagavulin","floor":11,"turns":3},{"damage":1,"enemies":"Exordium Wildlife","floor":14,"turns":2},{"damage":19,"enemies":"Hexaghost","floor":16,"turns":9}],"seed_played":"-4128057602449671975","potions_obtained":[{"floor":1,"key":"EntropicBrew"},{"floor":14,"key":"Strength Potion"}],"is_trial":false,"path_per_floor":["M","M","?","M","$","R","?","R","T","M","E","$","R","M","R","B",null],"character_chosen":"DEFECT","items_purchased":[],"campfire_rested":0,"item_purchase_floors":[],"current_hp_per_floor":[72,71,71,65,65,65,58,58,58,58,55,55,55,54,54,35,72],"gold":173,"neow_bonus":"THREE_RARE_CARDS","is_prod":false,"is_daily":false,"chose_seed":false,"campfire_upgraded":4,"win_rate":0,"timestamp":1550258973,"path_taken":["M","M","?","M","$","R","?","R","T","M","E","$","R","M","R","BOSS"],"build_version":"2019-01-23","purchased_purges":1,"victory":false,"max_hp_per_floor":[75,75,72,72,72,72,72,72,72,72,72,72,72,72,72,72,72],"card_choices":[{"not_picked":["Thunder Strike","Machine Learning"],"picked":"Fission","floor":0},{"not_picked":["Turbo","Rebound"],"picked":"Ball Lightning","floor":1},{"not_picked":["Hologram","Rip and Tear"],"picked":"Doom and Gloom","floor":2},{"not_picked":["Compile Driver","Double Energy","Leap"],"picked":"SKIP","floor":4},{"not_picked":["Go for the Eyes","Barrage","Stack"],"picked":"SKIP","floor":10},{"not_picked":["Stack","Barrage"],"picked":"Creative AI","floor":11},{"not_picked":["Sweeping Beam","Stack"],"picked":"FTL","floor":14},{"not_picked":["Echo Form","Biased Cognition"],"picked":"All For One","floor":16}],"player_experience":1085422,"relics_obtained":[{"floor":9,"key":"Bottled Lightning"},{"floor":11,"key":"Matryoshka"}],"event_choices":[{"cards_removed":["Parasite"],"damage_healed":0,"gold_gain":0,"player_choice":"Card Removal","damage_taken":0,"max_hp_gain":0,"max_hp_loss":0,"event_name":"The Cleric","floor":3,"gold_loss":50},{"cards_removed":["Strike_B"],"damage_healed":0,"gold_gain":0,"player_choice":"Card Removal","damage_taken":7,"max_hp_gain":0,"max_hp_loss":0,"event_name":"Golden Wing","floor":7,"gold_loss":0}],"is_beta":false,"boss_relics":[{"not_picked":["Runic Pyramid","Lizard Tail"],"picked":"Ectoplasm"}],"items_purged_floors":[5],"is_endless":false,"potions_floor_spawned":[1,14],"ascension_level":1}