{"gold_per_floor":[115,290,290,365,377,396,406,425,425,435,435,48,66,76,76,180,180,197,217,217,232,88,121,135,67,67,67,84,102,102,201,201,303,303,323,335,382,397,397,397,397,397,420,121,121,150,169,182,182,182],"floor_reached":50,"playtime":8622,"items_purged":[],"score":538,"play_id":"3a60a29b-3f88-4244-abd0-adbd1232ce61","local_time":"20180627021734","is_ascension_mode":false,"campfire_choices":[{"floor":15,"key":"REST"},{"floor":27,"key":"REST"},{"data":"Catalyst","floor":32,"key":"SMITH"},{"data":"1","floor":40,"key":"LIFT"},{"data":"2","floor":45,"key":"LIFT"},{"floor":49,"key":"REST"}],"neow_cost":"NONE","seed_source_timestamp":1201166819119329,"circlet_count":0,"master_deck":["Defend_G","Defend_G","Defend_G","Defend_G","Defend_G","Strike_G","Strike_G","Strike_G","Strike_G","Survivor","Neutralize","Endless Agony","Deflect","Sucker Punch","Blur","Bouncing Flask","Backstab","Noxious Fumes","Dagger Spray","Deflect","Dagger Spray","Die Die Die","Poisoned Stab","Noxious Fumes","PiercingWail+1","Well Laid Plans","Backstab","Skewer+1","PiercingWail+1","Catalyst+1","Envenom","Envenom","Poisoned Stab+1","Dagger Spray+1","Noxious Fumes+1","Choke","Mind Blast","Catalyst","Bane","Leg Sweep","Deflect","Sucker Punch+1"],"relics":["Ring of the Snake","Snake Skull","Mummified Hand","Mercury Hourglass","Thread and Needle","Lizard Tail","Pear","Pantograph","Nilry\u0027s Codex","White Beast Statue","Girya","Anchor","Darkstone Periapt"],"potions_floor_usage":[7,16,23,33,33,33,37,37,46,47,48,48,50],"damage_taken":[{"damage":0,"enemies":"Small Slimes","floor":1,"turns":7},{"damage":1,"enemies":"Cultist","floor":5,"turns":4},{"damage":0,"enemies":"Jaw Worm","floor":6,"turns":4},{"damage":5,"enemies":"Large Slime","floor":7,"turns":9},{"damage":0,"enemies":"Blue Slaver","floor":8,"turns":5},{"damage":5,"enemies":"Exordium Wildlife","floor":10,"turns":8},{"damage":0,"enemies":"Looter","floor":13,"turns":2},{"damage":8,"enemies":"Gremlin Gang","floor":14,"turns":4},{"damage":2,"enemies":"Slime Boss","floor":16,"turns":9},{"damage":0,"enemies":"3 Byrds","floor":18,"turns":3},{"damage":15,"enemies":"Spheric Guardian","floor":19,"turns":4},{"damage":0,"enemies":"Centurion and Healer","floor":21,"turns":5},{"damage":24,"enemies":"Book of Stabbing","floor":23,"turns":6},{"damage":4,"enemies":"Snake Plant","floor":24,"turns":3},{"damage":0,"enemies":"Cultist and Chosen","floor":28,"turns":6},{"damage":0,"enemies":"Snecko","floor":29,"turns":5},{"damage":28,"enemies":"Automaton","floor":33,"turns":9},{"damage":1,"enemies":"3 Shapes","floor":35,"turns":3},{"damage":0,"enemies":"Orb Walker","floor":36,"turns":3},{"damage":24,"floor":37,"turns":4},{"damage":9,"enemies":"4 Shapes","floor":38,"turns":5},{"damage":11,"enemies":"2 Orb Walkers","floor":46,"turns":5},{"damage":9,"enemies":"3 Darklings","floor":47,"turns":3},{"damage":11,"enemies":"Sphere and 2 Shapes","floor":48,"turns":6},{"damage":111,"enemies":"Awakened One","floor":50,"turns":13}],"seed_played":"5512689805613113732","potions_obtained":[{"floor":5,"key":"Dexterity Potion"},{"floor":6,"key":"GamblersBrew"},{"floor":8,"key":"SkillPotion"},{"floor":10,"key":"Poison Potion"},{"floor":16,"key":"AttackPotion"},{"floor":24,"key":"FearPotion"},{"floor":29,"key":"Poison Potion"},{"floor":33,"key":"Energy Potion"},{"floor":35,"key":"LiquidBronze"},{"floor":36,"key":"AttackPotion"},{"floor":37,"key":"GhostInAJar"},{"floor":38,"key":"SkillPotion"},{"floor":46,"key":"Swift Potion"},{"floor":47,"key":"Weak Potion"},{"floor":48,"key":"SteroidPotion"}],"is_trial":false,"path_per_floor":["M","?","?","?","M","M","M","M","T","M","T","$","M","M","R","B",null,"M","M","?","M","$","E","M","$","T","R","M","M","?","?","R","B",null,"M","M","?","M","?","R","?","$","T","$","R","E","M","M","R"],"character_chosen":"THE_SILENT","items_purchased":["Noxious Fumes","Thread and Needle","Dagger Spray","Well Laid Plans","Backstab","Catalyst","Mind Blast","Catalyst","Poison Potion","Bane","Leg Sweep"],"campfire_rested":3,"item_purchase_floors":[12,12,12,22,22,25,44,44,44,44,44],"current_hp_per_floor":[70,70,70,59,58,58,53,53,53,48,48,48,48,40,61,59,70,70,55,55,55,55,41,37,37,37,61,61,61,45,45,45,42,80,79,79,55,46,46,46,46,46,46,46,46,35,26,15,39,0],"gold":182,"neow_bonus":"RANDOM_COMMON_RELIC","is_prod":false,"is_daily":false,"chose_seed":false,"campfire_upgraded":1,"win_rate":0.0,"timestamp":1530080254,"path_taken":["M","?","?","?","M","M","M","M","T","M","?","$","?","M","R","BOSS","M","M","?","M","?","E","M","$","T","R","M","M","?","?","R","BOSS","M","M","?","M","?","R","?","$","T","$","R","E","?","M","R","BOSS"],"build_version":"2018-06-21v2","purchased_purges":0,"victory":false,"max_hp_per_floor":[70,70,70,70,70,70,70,70,70,70,70,70,70,70,70,70,70,70,70,70,70,70,80,80,80,80,80,80,80,80,80,80,80,80,80,80,80,80,80,80,80,80,80,80,80,80,80,80,80,80],"card_choices":[{"not_picked":["Flying Knee","Caltrops"],"picked":"Endless Agony","floor":1},{"not_picked":["Dodge and Roll","Quick Slash"],"picked":"Deflect","floor":5},{"not_picked":["Quick Slash","Prepared"],"picked":"Sucker Punch","floor":6},{"not_picked":["Outmaneuver","Caltrops"],"picked":"Blur","floor":7},{"not_picked":["Flying Knee","PiercingWail"],"picked":"Bouncing Flask","floor":8},{"not_picked":["Flying Knee","Prepared"],"picked":"Backstab","floor":10},{"not_picked":["Underhanded Strike","Flying Knee"],"picked":"Deflect","floor":13},{"not_picked":["Masterful Stab","Infinite Blades"],"picked":"Dagger Spray","floor":14},{"not_picked":["Venomology","Adrenaline"],"picked":"Die Die Die","floor":16},{"not_picked":["Acrobatics","Terror+1"],"picked":"Poisoned Stab","floor":18},{"not_picked":["Prepared","Sucker Punch"],"picked":"Noxious Fumes","floor":19},{"not_picked":["Blade Dance+1","Quick Slash"],"picked":"PiercingWail+1","floor":21},{"not_picked":["Dodge and Roll+1","Outmaneuver"],"picked":"Skewer+1","floor":23},{"not_picked":["Quick Slash","Blade Dance"],"picked":"PiercingWail+1","floor":24},{"not_picked":["Quick Slash","Underhanded Strike"],"picked":"Envenom","floor":28},{"not_picked":["Acrobatics","Dagger Spray"],"picked":"Flying Knee+1","floor":29},{"not_picked":["Adrenaline","Doppelganger"],"picked":"Envenom","floor":33},{"not_picked":["Endless Agony+1","Flying Knee+1"],"picked":"Poisoned Stab+1","floor":35},{"not_picked":["Prepared","Dagger Throw+1"],"picked":"Dagger Spray+1","floor":36},{"not_picked":["Deflect+1","Poisoned Stab"],"picked":"Noxious Fumes+1","floor":38},{"not_picked":["Slice","All Out Attack+1"],"picked":"Deflect","floor":46},{"not_picked":["Well Laid Plans+1","Infinite Blades+1"],"picked":"Sucker Punch+1","floor":47},{"not_picked":["Acrobatics+1","Caltrops","Terror"],"picked":"SKIP","floor":48}],"player_experience":17353,"relics_obtained":[{"floor":9,"key":"Mummified Hand"},{"floor":11,"key":"Mercury Hourglass"},{"floor":23,"key":"Pear"},{"floor":26,"key":"Pantograph"},{"floor":30,"key":"Nilry\u0027s Codex"},{"floor":37,"key":"Girya"},{"floor":43,"key":"Anchor"},{"floor":46,"key":"Darkstone Periapt"}],"event_choices":[{"event_name":"Liars Game","player_choice":"agreed","floor":2,"damage_taken":0},{"event_name":"Fountain of Cleansing","player_choice":"Removed Curse","floor":3,"damage_taken":0},{"event_name":"World of Goop","player_choice":"Gather Gold","floor":4,"damage_taken":0},{"event_name":"Vampires","player_choice":"Ignored","floor":20,"damage_taken":0},{"event_name":"Cursed Tome","player_choice":"Obtained Book","floor":30,"damage_taken":0},{"event_name":"Nest","player_choice":"Stole From Cult","floor":31,"damage_taken":0},{"event_name":"Mysterious Sphere","player_choice":"Fight","floor":37,"damage_taken":0},{"event_name":"Purifier","player_choice":"One Purge","floor":39,"damage_taken":0},{"event_name":"Transmorgrifier","player_choice":"Transform","floor":41,"damage_taken":0}],"boss_relics":[{"not_picked":["Busted Crown","Coffee Dripper"],"picked":"Lizard Tail"},{"not_picked":["Sozu","Runic Pyramid"],"picked":"White Beast Statue"}],"items_purged_floors":[],"is_endless":false,"potions_floor_spawned":[5,6,8,10,16,24,29,33,35,36,37,38,46,47,48],"killed_by":"Awakened One","ascension_level":0}