{"gold_per_floor":[119,119,21,41,54,54,20,56,56,6,6,30,30,51,51,171,171,184,184,208,308,132,132,156,156,203,203,58,58,76,94,94,215,215,235,259,259,134,159,159,172,190,213,213,213,14,14,57,57,57],"floor_reached":51,"playtime":3909,"items_purged":["Strike_R","Defend_R","Defend_R","Strike_R+1"],"score":1046,"play_id":"f2e92f4e-21f1-473a-9dd2-1fcdc5465e5d","local_time":"20190308004725","is_ascension_mode":true,"campfire_choices":[{"data":"True Grit","floor":6,"key":"SMITH"},{"data":"Bash","floor":11,"key":"SMITH"},{"data":"Ghostly Armor","floor":13,"key":"SMITH"},{"data":"Metallicize","floor":15,"key":"SMITH"},{"data":"Body Slam","floor":23,"key":"SMITH"},{"data":"Metallicize","floor":25,"key":"SMITH"},{"data":"Metallicize","floor":27,"key":"SMITH"},{"data":"Infernal Blade","floor":29,"key":"SMITH"},{"data":"Body Slam","floor":32,"key":"SMITH"},{"data":"Shrug It Off","floor":40,"key":"SMITH"},{"data":"Shrug It Off","floor":44,"key":"SMITH"},{"data":"Feed","floor":47,"key":"SMITH"},{"data":"Shrug It Off","floor":49,"key":"SMITH"}],"neow_cost":"NONE","seed_source_timestamp":23625783805931,"circlet_count":0,"master_deck":["AscendersBane","Strike_R+1","Bash+1","Infernal Blade+1","True Grit+1","Battle Trance+1","Metallicize+1","Metallicize+1","Ghostly Armor+1","Impervious+1","Bludgeon+1","Burning Pact+1","Ghostly Armor+1","Body Slam+1","Metallicize+1","Rampage+1","Body Slam+1","Feed+1","Shrug It Off+1","Infernal Blade+1","Shrug It Off+1","Dual Wield+1","Shrug It Off+1"],"relics":["Burning Blood","Whetstone","Golden Idol","Calipers","Question Card","Astrolabe","Pen Nib","Happy Flower","Sozu","Smiling Mask","Mercury Hourglass","War Paint","Red Skull"],"potions_floor_usage":[14,33,50],"damage_taken":[{"damage":1,"enemies":"Small Slimes","floor":1,"turns":3},{"damage":1,"enemies":"2 Louse","floor":4,"turns":2},{"damage":0,"enemies":"Cultist","floor":5,"turns":3},{"damage":37,"enemies":"Lagavulin","floor":8,"turns":7},{"damage":1,"enemies":"2 Fungi Beasts","floor":12,"turns":5},{"damage":1,"enemies":"Exordium Thugs","floor":14,"turns":10},{"damage":6,"enemies":"The Guardian","floor":16,"turns":14},{"damage":0,"enemies":"Shell Parasite","floor":18,"turns":13},{"damage":2,"enemies":"Chosen","floor":20,"turns":7},{"damage":0,"enemies":"Shelled Parasite and Fungi","floor":24,"turns":7},{"damage":0,"enemies":"Chosen and Byrds","floor":30,"turns":7},{"damage":0,"enemies":"Snecko","floor":31,"turns":5},{"damage":14,"enemies":"Collector","floor":33,"turns":10},{"damage":7,"enemies":"Orb Walker","floor":35,"turns":3},{"damage":0,"enemies":"3 Darklings","floor":36,"turns":5},{"damage":5,"enemies":"Maw","floor":39,"turns":9},{"damage":8,"enemies":"Writhing Mass","floor":41,"turns":6},{"damage":0,"enemies":"Spire Growth","floor":42,"turns":10},{"damage":0,"enemies":"Giant Head","floor":48,"turns":5},{"damage":30,"enemies":"Awakened One","floor":50,"turns":10}],"seed_played":"-4586324327016401390","potions_obtained":[{"floor":1,"key":"EssenceOfSteel"},{"floor":8,"key":"Weak Potion"},{"floor":18,"key":"EssenceOfSteel"}],"is_trial":false,"path_per_floor":["M","?","$","M","M","R","$","E","T","?","R","M","R","M","R","B",null,"M","?","M","?","$","R","M","R","T","R","$","R","M","M","R","B",null,"M","M","?","$","M","R","M","M","T","R","T","$","R","E","R","B",null],"character_chosen":"IRONCLAD","items_purchased":["True Grit","Metallicize","Metallicize","Happy Flower","War Paint"],"campfire_rested":0,"item_purchase_floors":[3,7,22,28,46],"current_hp_per_floor":[77,57,57,62,68,68,68,37,37,37,37,42,42,47,47,47,72,78,78,80,80,80,80,80,80,80,80,80,80,80,80,80,72,78,77,80,80,80,80,80,78,83,83,83,83,83,83,83,83,63],"gold":57,"neow_bonus":"RANDOM_COMMON_RELIC","is_prod":false,"is_daily":false,"chose_seed":false,"campfire_upgraded":13,"win_rate":0,"timestamp":1552024045,"path_taken":["M","?","$","M","M","R","$","E","T","?","R","M","R","M","R","BOSS","M","?","?","?","$","R","M","R","T","R","?","R","M","?","R","BOSS","M","M","?","?","M","R","M","M","T","R","?","$","R","E","R","BOSS"],"build_version":"2019-01-23","purchased_purges":4,"victory":true,"max_hp_per_floor":[80,80,80,80,80,80,80,80,80,80,80,80,80,80,80,80,80,80,80,80,80,80,80,80,80,80,80,80,80,80,80,80,80,80,80,80,80,80,80,80,80,83,83,83,83,83,83,83,83,87],"card_choices":[{"not_picked":["Twin Strike","Evolve"],"picked":"Infernal Blade","floor":1},{"not_picked":["Warcry","Clothesline"],"picked":"Battle Trance","floor":4},{"not_picked":["Clash","Armaments","Clothesline"],"picked":"SKIP","floor":5},{"not_picked":["Twin Strike","Reckless Charge"],"picked":"Metallicize","floor":8},{"not_picked":["Anger","Spot Weakness","Corruption"],"picked":"Ghostly Armor","floor":12},{"not_picked":["Twin Strike","Perfected Strike","Heavy Blade","Evolve"],"picked":"SKIP","floor":14},{"not_picked":["Immolate","Fiend Fire","Reaper"],"picked":"Impervious","floor":16},{"not_picked":["Pommel Strike","Clothesline+1","True Grit"],"picked":"Body Slam","floor":18},{"not_picked":["Blood for Blood","Evolve","Cleave","Headbutt+1"],"picked":"SKIP","floor":20},{"not_picked":["Dual Wield","Havoc+1","Shrug It Off"],"picked":"Rampage+1","floor":24},{"not_picked":["Immolate","Heavy Blade","Havoc"],"picked":"Body Slam","floor":30},{"not_picked":["Sword Boomerang","Headbutt","Armaments+1","Anger"],"picked":"SKIP","floor":31},{"not_picked":["Barricade","Dark Embrace","Berserk"],"picked":"Feed","floor":33},{"not_picked":["Pummel+1","Dropkick","Clash+1"],"picked":"Shrug It Off","floor":35},{"not_picked":["Power Through","Blood for Blood","Clothesline+1"],"picked":"Infernal Blade+1","floor":36},{"not_picked":["Body Slam+1","Ghostly Armor","Blood for Blood+1"],"picked":"Shrug It Off","floor":39},{"not_picked":["Hemokinesis+1","Battle Trance","Exhume","Warcry"],"picked":"SKIP","floor":41},{"not_picked":["Twin Strike","Fire Breathing","Rampage"],"picked":"Dual Wield+1","floor":42},{"not_picked":["Intimidate+1","Searing Blow+1","Armaments"],"picked":"Shrug It Off","floor":48}],"player_experience":336654,"relics_obtained":[{"floor":8,"key":"Calipers"},{"floor":9,"key":"Question Card"},{"floor":26,"key":"Pen Nib"},{"floor":43,"key":"Smiling Mask"},{"floor":45,"key":"Mercury Hourglass"},{"floor":48,"key":"Red Skull"}],"event_choices":[{"damage_healed":0,"gold_gain":0,"player_choice":"Take Damage","damage_taken":20,"relics_obtained":["Golden Idol"],"max_hp_gain":0,"max_hp_loss":0,"event_name":"Golden Idol","floor":2,"gold_loss":0},{"cards_removed":["Strike_R"],"damage_healed":0,"gold_gain":0,"player_choice":"Card Removal","damage_taken":0,"max_hp_gain":0,"max_hp_loss":0,"event_name":"The Cleric","floor":10,"gold_loss":50},{"damage_healed":0,"gold_gain":0,"player_choice":"Got Potions","damage_taken":0,"max_hp_gain":0,"max_hp_loss":0,"event_name":"Lab","floor":19,"gold_loss":0},{"damage_healed":0,"gold_gain":100,"player_choice":"Pray","damage_taken":0,"max_hp_gain":0,"max_hp_loss":0,"event_name":"Golden Shrine","floor":21,"gold_loss":0},{"damage_healed":0,"gold_gain":0,"player_choice":"Bought 0 Potions","damage_taken":0,"max_hp_gain":0,"max_hp_loss":0,"event_name":"The Woman in Blue","floor":37,"gold_loss":0}],"is_beta":false,"boss_relics":[{"not_picked":["Black Blood","Pandora\u0027s Box"],"picked":"Astrolabe"},{"not_picked":["Fusion Hammer","Lizard Tail"],"picked":"Sozu"}],"items_purged_floors":[3,22,38,46],"is_endless":false,"potions_floor_spawned":[1,8,12,18,39,42,48],"ascension_level":11}