{"gold_per_floor":[15,29,47,60,235,235,267,147,193,204,204,215,215,233,233,333,333,347,365,384,38,49,49,49,66,92,92,112,122,132,57,57,152,202,216,236,236,236,236,236,26,126,126,142,142,142,94,110,110,110],"floor_reached":50,"playtime":3952,"items_purged":["Doubt","Strike_B"],"score":585,"play_id":"bf6ea2b4-468c-44eb-924d-ffc800401d56","local_time":"20190214235545","is_ascension_mode":true,"campfire_choices":[{"floor":6.0,"key":"REST"},{"data":"Redo","floor":11.0,"key":"SMITH"},{"floor":15.0,"key":"REST"},{"floor":24.0,"key":"REST"},{"floor":27.0,"key":"REST"},{"floor":32.0,"key":"REST"},{"floor":40.0,"key":"REST"},{"floor":46.0,"key":"REST"},{"floor":49.0,"key":"REST"}],"neow_cost":"NO_GOLD","seed_source_timestamp":0,"circlet_count":0,"master_deck":["Strike_B","Defend_B","Defend_B","Defend_B","Defend_B+1","Zap","Dualcast","Biased Cognition","Ball Lightning","Doom and Gloom","Hologram","Go for the Eyes","Conserve Battery","Ball Lightning","Redo+1","Core Surge","Thunder Strike","Genetic Algorithm+1","Go for the Eyes+1","Sweeping Beam+1","Steam","Echo Form","Double Energy","Echo Form","Hologram","Ball Lightning+1","Self Repair","Secret Technique","Steam+1"],"special_seed":0,"relics":["Cracked Core","Question Card","Lizard Tail","Runic Capacitor","Ancient Tea Set","Tiny House","ClockworkSouvenir","Girya","Bag of Preparation"],"potions_floor_usage":[50,50],"damage_taken":[{"damage":1.0,"enemies":"Cultist","floor":1.0,"turns":3.0},{"damage":7.0,"enemies":"Jaw Worm","floor":2.0,"turns":2.0},{"damage":10.0,"enemies":"Small Slimes","floor":3.0,"turns":3.0},{"damage":3.0,"enemies":"Exordium Wildlife","floor":4.0,"turns":2.0},{"damage":25.0,"enemies":"3 Sentries","floor":7.0,"turns":5.0},{"damage":0.0,"enemies":"Large Slime","floor":10.0,"turns":2.0},{"damage":0.0,"enemies":"3 Louse","floor":12.0,"turns":2.0},{"damage":14.0,"enemies":"Lots of Slimes","floor":14.0,"turns":3.0},{"damage":16.0,"enemies":"Hexaghost","floor":16.0,"turns":7.0},{"damage":18.0,"enemies":"Shell Parasite","floor":18.0,"turns":4.0},{"damage":1.0,"enemies":"Spheric Guardian","floor":19.0,"turns":3.0},{"damage":35.0,"enemies":"Centurion and Healer","floor":20.0,"turns":6.0},{"damage":19.0,"enemies":"Sentry and Sphere","floor":22.0,"turns":5.0},{"damage":20.0,"enemies":"3 Cultists","floor":25.0,"turns":4.0},{"damage":9.0,"enemies":"Shelled Parasite and Fungi","floor":28.0,"turns":4.0},{"damage":6.0,"enemies":"Cultist and Chosen","floor":29.0,"turns":4.0},{"damage":21.0,"enemies":"3 Cultists","floor":30.0,"turns":4.0},{"damage":32.0,"enemies":"Collector","floor":33.0,"turns":8.0},{"damage":29.0,"enemies":"Orb Walker","floor":35.0,"turns":5.0},{"damage":7.0,"enemies":"3 Shapes","floor":36.0,"turns":5.0},{"damage":0.0,"enemies":"Writhing Mass","floor":38.0,"turns":1.0},{"damage":37.0,"enemies":"Jaw Worm Horde","floor":44.0,"turns":5.0},{"damage":7.0,"enemies":"Spire Growth","floor":48.0,"turns":5.0},{"damage":83,"enemies":"Time Eater","floor":50,"turns":6}],"seed_played":"-5371111741185856932","potions_obtained":[{"floor":3.0,"key":"Ancient Potion"},{"floor":4.0,"key":"GamblersBrew"},{"floor":12.0,"key":"Strength Potion"},{"floor":16.0,"key":"Poison Potion"},{"floor":18.0,"key":"EssenceOfSteel"},{"floor":29.0,"key":"SmokeBomb"},{"floor":30.0,"key":"Energy Potion"},{"floor":33.0,"key":"Regen Potion"},{"floor":34.0,"key":"Fire Potion"},{"floor":44.0,"key":"Energy Potion"}],"is_trial":false,"path_per_floor":["M","M","M","M","?","R","E","$","T","M","R","M","?","M","R","B",null,"M","M","M","$","M","$","R","M","T","R","M","M","M","?","R","B",null,"M","M","?","M","?","R","$","?","T","M","T","R","$","M","R","B"],"character_chosen":"DEFECT","items_purchased":["Ball Lightning","Runic Capacitor","Fire Potion","ClockworkSouvenir","Energy Potion"],"campfire_rested":8,"item_purchase_floors":[8,21,21,41,47],"current_hp_per_floor":[67,60,50,47,47,69,44,44,44,44,44,44,37,23,45,29,64,46,45,10,10,28,28,50,30,30,52,43,37,16,16,38,6,63,34,27,27,27,27,51,51,51,51,21,21,45,45,38,62,0],"gold":110,"neow_bonus":"THREE_RARE_CARDS","is_prod":false,"is_daily":false,"chose_seed":false,"campfire_upgraded":1,"win_rate":0,"timestamp":1550206545,"path_taken":["M","?","M","M","?","R","E","$","T","M","R","M","?","M","R","BOSS","M","M","M","$","M","$","R","M","T","R","M","M","M","?","R","BOSS","M","M","?","M","?","R","$","?","T","?","?","R","$","M","R","BOSS"],"build_version":"2019-01-23","purchased_purges":2,"victory":false,"max_hp_per_floor":[75,75,75,75,75,75,75,75,75,75,75,75,75,75,75,75,75,75,75,75,75,75,75,75,75,75,75,75,75,75,75,75,75,80,80,80,80,80,80,80,80,80,80,80,80,80,80,80,80,80],"card_choices":[{"not_picked":["Multi-Cast","Meteor Strike"],"picked":"Biased Cognition","floor":0.0},{"not_picked":["Beam Cell","Recycle"],"picked":"Ball Lightning","floor":1.0},{"not_picked":["Rebound","Double Energy"],"picked":"Doom and Gloom","floor":2.0},{"not_picked":["Stack","Fission"],"picked":"Hologram","floor":3.0},{"not_picked":["Compile Driver","Loop"],"picked":"Go for the Eyes","floor":4.0},{"not_picked":["Leap","Sweeping Beam"],"picked":"Conserve Battery","floor":7.0},{"not_picked":["Beam Cell","Cold Snap","Streamline"],"picked":"Redo","floor":10.0},{"not_picked":["Double Energy","Steam","Hello World","Redo"],"picked":"SKIP","floor":12.0},{"not_picked":["BootSequence","Doom and Gloom","Gash"],"picked":"Core Surge","floor":14.0},{"not_picked":["Rainbow","Creative AI","Core Surge"],"picked":"Thunder Strike","floor":16.0},{"not_picked":["Barrage","Chaos+1","Scrape"],"picked":"Genetic Algorithm+1","floor":18.0},{"not_picked":["Coolheaded","Stack","Recycle+1"],"picked":"Go for the Eyes+1","floor":19.0},{"not_picked":["Steam","Aggregate","Cold Snap+1","Reinforced Body"],"picked":"SKIP","floor":20.0},{"not_picked":["Leap","Blizzard","Go for the Eyes"],"picked":"Sweeping Beam+1","floor":22.0},{"not_picked":["Barrage","Ball Lightning","Scrape","Aggregate+1"],"picked":"SKIP","floor":25.0},{"not_picked":["Stack+1","Genetic Algorithm","Rebound"],"picked":"Steam","floor":28.0},{"not_picked":["Rebound","Beam Cell","Coolheaded+1"],"picked":"Echo Form","floor":29.0},{"not_picked":["Go for the Eyes+1","Loop","Ball Lightning"],"picked":"Double Energy","floor":30.0},{"not_picked":["Hyperbeam","Machine Learning","All For One"],"picked":"Echo Form","floor":33.0},{"not_picked":["Barrage","Cold Snap","Fusion"],"picked":"Hologram","floor":34.0},{"not_picked":["Sweeping Beam","Melter+1","Recycle"],"picked":"Ball Lightning+1","floor":35.0},{"not_picked":["Hologram+1","Leap","Compile Driver+1"],"picked":"Self Repair","floor":36.0},{"not_picked":["Apotheosis","Trip","Blind"],"picked":"Secret Technique","floor":37.0},{"not_picked":["Ball Lightning","Chaos","Streamline"],"picked":"Steam+1","floor":44.0},{"not_picked":["Streamline+1","Hello World","Leap+1","Compile Driver"],"picked":"SKIP","floor":48.0}],"player_experience":469477,"relics_obtained":[{"floor":7.0,"key":"Question Card"},{"floor":26.0,"key":"Ancient Tea Set"},{"floor":43.0,"key":"Girya"},{"floor":45.0,"key":"Bag of Preparation"}],"event_choices":[{"damage_healed":0.0,"max_hp_gain":0.0,"max_hp_loss":0.0,"gold_gain":175.0,"event_name":"Liars Game","player_choice":"AGREE","floor":5.0,"gold_loss":0.0,"damage_taken":0.0,"cards_obtained":["Doubt"]},{"cards_removed":["Strike_B"],"damage_healed":0.0,"max_hp_gain":0.0,"max_hp_loss":0.0,"gold_gain":0.0,"event_name":"Golden Wing","player_choice":"Card Removal","floor":13.0,"gold_loss":0.0,"damage_taken":7.0},{"cards_removed":["Strike_B"],"damage_healed":0.0,"max_hp_gain":0.0,"max_hp_loss":0.0,"gold_gain":0.0,"event_name":"Beggar","player_choice":"Gave Gold","floor":31.0,"gold_loss":75.0,"damage_taken":0.0},{"damage_healed":0.0,"max_hp_gain":0.0,"max_hp_loss":0.0,"gold_gain":0.0,"event_name":"SensoryStone","player_choice":"Memory 1","floor":37.0,"gold_loss":0.0,"damage_taken":0.0},{"damage_healed":0.0,"max_hp_gain":0.0,"max_hp_loss":0.0,"gold_gain":0.0,"event_name":"Mysterious Sphere","player_choice":"Ignored","floor":39.0,"gold_loss":0.0,"damage_taken":0.0},{"damage_healed":0.0,"max_hp_gain":0.0,"max_hp_loss":0.0,"gold_gain":100.0,"event_name":"Golden Shrine","player_choice":"Pray","floor":42.0,"gold_loss":0.0,"damage_taken":0.0}],"is_beta":false,"boss_relics":[{"not_picked":["Ectoplasm","Coffee Dripper"],"picked":"Lizard Tail"},{"not_picked":["Runic Dome","FrozenCore"],"picked":"Tiny House"}],"items_purged_floors":[8,21],"is_endless":false,"potions_floor_spawned":[3,4,12,16,18,29,30,33,38,44,48],"killed_by":"Time Eater","ascension_level":6}