{"gold_per_floor":[115,133,133,58,58,92,109,124,124,124,158,158,123,133,133,231,231,246,264,264,264,19,19,53,53],"floor_reached":25,"playtime":1339,"items_purged":[],"score":346,"play_id":"7da3744c-4f16-458f-b6bf-8576374942f9","local_time":"20190209134447","is_ascension_mode":true,"campfire_choices":[{"floor":12,"key":"REST"},{"data":"Buffer","floor":15,"key":"SMITH"},{"floor":23,"key":"REST"}],"neow_cost":"NONE","seed_source_timestamp":241277111691181,"circlet_count":0,"master_deck":["Strike_B","Strike_B","Strike_B","Strike_B","Defend_B","Defend_B","Defend_B","Defend_B","Zap+1","Dualcast","Darkness","Static Discharge","Self Repair","Buffer+1","Conserve Battery","Force Field+1","Hello World","Electrodynamics","Capacitor+1","Gash+1","Cold Snap"],"relics":["Cracked Core","Pear","Toxic Egg 2","Omamori","White Beast Statue","Necronomicon","Symbiotic Virus","Bottled Tornado","Meat on the Bone"],"potions_floor_usage":[8,8,16,16,19,24,25],"damage_taken":[{"damage":7,"enemies":"2 Louse","floor":1,"turns":3},{"damage":6,"enemies":"Cultist","floor":2,"turns":3},{"damage":30,"enemies":"Lagavulin","floor":6,"turns":6},{"damage":11,"enemies":"Small Slimes","floor":7,"turns":3},{"damage":0,"enemies":"Looter","floor":8,"turns":1},{"damage":13,"enemies":"Gremlin Nob","floor":11,"turns":4},{"damage":13,"enemies":"Exordium Thugs","floor":14,"turns":5},{"damage":0,"enemies":"Slime Boss","floor":16,"turns":6},{"damage":25,"enemies":"Spheric Guardian","floor":18,"turns":5},{"damage":32,"enemies":"3 Byrds","floor":19,"turns":4},{"damage":43,"enemies":"Book of Stabbing","floor":24,"turns":6},{"damage":10,"enemies":"Sentry and Sphere","floor":25,"turns":2}],"seed_played":"1593661603010519587","potions_obtained":[{"floor":0,"key":"Dexterity Potion"},{"floor":0,"key":"Fire Potion"},{"floor":0,"key":"Explosive Potion"},{"floor":11,"key":"Poison Potion"},{"floor":18,"key":"Explosive Potion"},{"floor":19,"key":"AttackPotion"},{"floor":24,"key":"EssenceOfSteel"}],"is_trial":false,"path_per_floor":["M","M","?","$","?","E","M","M","T","?","E","R","?","M","R","B",null,"M","M","?","T","$","R","E","M"],"character_chosen":"DEFECT","items_purchased":["Static Discharge","Bottled Tornado"],"campfire_rested":2,"item_purchase_floors":[4,22],"current_hp_per_floor":[68,62,62,62,67,47,43,43,43,43,30,57,79,73,73,80,90,65,40,24,24,24,51,8,0],"gold":53,"neow_bonus":"THREE_SMALL_POTIONS","is_prod":false,"is_daily":false,"chose_seed":false,"campfire_upgraded":1,"win_rate":0,"timestamp":1549680287,"path_taken":["M","M","?","$","?","E","M","M","T","?","E","R","?","M","R","BOSS","M","M","?","?","$","R","E","M"],"build_version":"2019-01-23","purchased_purges":0,"victory":false,"max_hp_per_floor":[75,75,75,75,80,90,90,90,90,90,90,90,90,90,90,90,90,90,90,90,90,90,90,90,90],"card_choices":[{"not_picked":["Rebound","Compile Driver","Streamline"],"picked":"SKIP","floor":1},{"not_picked":["Coolheaded","Chill"],"picked":"Darkness","floor":2},{"not_picked":["Cold Snap","Auto Shields"],"picked":"Self Repair","floor":6},{"not_picked":["Redo","Barrage"],"picked":"Buffer","floor":7},{"not_picked":["Streamline","Double Energy"],"picked":"Conserve Battery","floor":8},{"not_picked":["Leap+1","Glacier+1"],"picked":"Force Field+1","floor":11},{"not_picked":["Steam+1","Sweeping Beam"],"picked":"Hello World","floor":14},{"not_picked":["Meteor Strike","Thunder Strike"],"picked":"Electrodynamics","floor":16},{"not_picked":["Skim+1","Beam Cell"],"picked":"Capacitor+1","floor":18},{"not_picked":["Hologram+1","Aggregate+1"],"picked":"Gash+1","floor":19},{"not_picked":["Turbo+1","Skim+1"],"picked":"Cold Snap","floor":24}],"player_experience":169995,"relics_obtained":[{"floor":6,"key":"Pear"},{"floor":9,"key":"Toxic Egg 2"},{"floor":11,"key":"Omamori"},{"floor":20,"key":"Necronomicon"},{"floor":21,"key":"Symbiotic Virus"},{"floor":24,"key":"Meat on the Bone"}],"event_choices":[{"damage_healed":0,"gold_gain":0,"player_choice":"Forge","damage_taken":0,"max_hp_gain":0,"max_hp_loss":0,"event_name":"Accursed Blacksmith","floor":3,"gold_loss":0,"cards_upgraded":["Zap"]},{"damage_healed":0,"gold_gain":0,"player_choice":"Donut","damage_taken":0,"max_hp_gain":5,"max_hp_loss":0,"event_name":"Big Fish","floor":5,"gold_loss":0},{"damage_healed":0,"gold_gain":0,"player_choice":"Ignored","damage_taken":0,"max_hp_gain":0,"max_hp_loss":0,"event_name":"Golden Wing","floor":10,"gold_loss":0},{"damage_healed":22,"gold_gain":0,"player_choice":"Healed","damage_taken":0,"max_hp_gain":0,"max_hp_loss":0,"event_name":"The Cleric","floor":13,"gold_loss":35},{"damage_healed":0,"gold_gain":0,"player_choice":"Obtained Book","damage_taken":16,"max_hp_gain":0,"max_hp_loss":0,"event_name":"Cursed Tome","floor":20,"gold_loss":0}],"is_beta":false,"boss_relics":[{"not_picked":["Busted Crown","Cursed Key"],"picked":"White Beast Statue"}],"items_purged_floors":[],"is_endless":false,"potions_floor_spawned":[1,7,11,18,19,24],"killed_by":"Sentry and Sphere","ascension_level":3}