{"gold_per_floor":[115,33,33,33,108,143,160,193,193,193,45,45,75,75,75,200,200,225,225,238,253,272,316,231,272,272,272,308,327,347,388,388,513,513,529,33,57,78,78,109,109,142,142,142,160,160,226,247,247,247],"floor_reached":51,"playtime":4890,"items_purged":["Regret"],"score":1314,"play_id":"8c0fb92b-c918-4f92-bbd2-de17b57a4cf2","local_time":"20190214004716","is_ascension_mode":true,"campfire_choices":[{"floor":10.0,"key":"REST"},{"data":"Uppercut","floor":12.0,"key":"SMITH"},{"floor":15.0,"key":"REST"},{"floor":27.0,"key":"REST"},{"floor":32.0,"key":"REST"},{"floor":41.0,"key":"REST"},{"floor":44.0,"key":"REST"},{"floor":46,"key":"REST"},{"data":"Defend_R","floor":49,"key":"PURGE"}],"neow_cost":"NONE","seed_source_timestamp":7828681171337,"circlet_count":0,"master_deck":["AscendersBane","Strike_R","Strike_R","Strike_R","Strike_R","Strike_R","Defend_R","Defend_R","Bash","True Grit","Blind+1","Whirlwind","Uppercut+1","Inflame+1","Anger","Injury","Cleave","Pommel Strike","Metallicize+1","Heavy Blade+1","Parasite","Berserk+1","Twin Strike+1","Flame Barrier+1","Double Tap","Anger+1","Sadistic Nature+1","Reaper","Limit Break","Perfected Strike+1","Flex+1","Shockwave+1","Evolve+1","Shame","Uppercut+1"],"special_seed":0,"relics":["Burning Blood","NeowsBlessing","Du-Vu Doll","Centennial Puzzle","Frozen Egg 2","Magic Flower","Pen Nib","Golden Idol","Cursed Key","Juzu Bracelet","Bronze Scales","Strawberry","Mummified Hand","Pear","Question Card","Fusion Hammer","Mercury Hourglass","Regal Pillow","Self Forming Clay","Peace Pipe"],"potions_floor_usage":[45,50,50],"damage_taken":[{"damage":0.0,"enemies":"Jaw Worm","floor":1.0,"turns":1.0},{"damage":0.0,"enemies":"Lagavulin","floor":6.0,"turns":1.0},{"damage":0.0,"enemies":"2 Louse","floor":7.0,"turns":1.0},{"damage":49.0,"enemies":"3 Sentries","floor":8.0,"turns":9.0},{"damage":24.0,"enemies":"Gremlin Nob","floor":13.0,"turns":4.0},{"damage":36.0,"enemies":"Hexaghost","floor":16.0,"turns":7.0},{"damage":12.0,"enemies":"Chosen","floor":18.0,"turns":3.0},{"damage":17.0,"enemies":"2 Thieves","floor":20.0,"turns":3.0},{"damage":7.0,"enemies":"3 Cultists","floor":21.0,"turns":3.0},{"damage":3.0,"enemies":"Snecko","floor":22.0,"turns":3.0},{"damage":42.0,"enemies":"Gremlin Leader","floor":23.0,"turns":5.0},{"damage":14.0,"enemies":"Book of Stabbing","floor":25.0,"turns":3.0},{"damage":0.0,"enemies":"Gremlin Leader","floor":28.0,"turns":3.0},{"damage":5.0,"enemies":"Cultist and Chosen","floor":29.0,"turns":3.0},{"damage":19.0,"enemies":"Centurion and Healer","floor":30.0,"turns":2.0},{"damage":30.0,"enemies":"Slavers","floor":31.0,"turns":2.0},{"damage":20.0,"enemies":"Champ","floor":33.0,"turns":7.0},{"damage":7.0,"enemies":"Orb Walker","floor":35.0,"turns":3.0},{"damage":21.0,"enemies":"3 Darklings","floor":37.0,"turns":4.0},{"damage":10.0,"enemies":"Jaw Worm Horde","floor":38.0,"turns":3.0},{"damage":35.0,"enemies":"Giant Head","floor":40.0,"turns":5.0},{"damage":84.0,"enemies":"Nemesis","floor":42.0,"turns":5.0},{"damage":7,"enemies":"Writhing Mass","floor":45,"turns":4},{"damage":16,"enemies":"2 Orb Walkers","floor":47,"turns":2},{"damage":13,"enemies":"Spire Growth","floor":48,"turns":3},{"damage":73,"enemies":"Donu and Deca","floor":50,"turns":7}],"seed_played":"6858306943041398616","potions_obtained":[{"floor":13.0,"key":"EssenceOfSteel"},{"floor":18.0,"key":"Weak Potion"},{"floor":21.0,"key":"Weak Potion"},{"floor":25.0,"key":"Fire Potion"},{"floor":28.0,"key":"PowerPotion"},{"floor":35.0,"key":"AttackPotion"},{"floor":38.0,"key":"Dexterity Potion"},{"floor":40.0,"key":"LiquidBronze"},{"floor":47,"key":"Ancient Potion"}],"is_trial":false,"path_per_floor":["M","$","?","?","?","E","M","E","T","R","$","R","E","?","R","B",null,"M","?","M","M","M","E","?","E","T","R","E","M","M","E","R","B",null,"M","$","M","M","?","E","R","E","T","R","M","R","?","M","R","B",null],"character_chosen":"IRONCLAD","items_purchased":["Blind","Inflame+1","Sadistic Nature+1","Reaper","Limit Break"],"campfire_rested":7,"item_purchase_floors":[2,11,36,36,36],"current_hp_per_floor":[78,78,78,78,67,73,79,36,36,60,60,60,45,45,69,42,71,68,68,60,62,68,35,35,37,37,63,82,86,76,55,84,73,91,93,93,85,84,84,58,87,12,12,56,81,97,97,93,93,53],"gold":247,"neow_bonus":"THREE_ENEMY_KILL","is_prod":false,"is_daily":false,"chose_seed":false,"campfire_upgraded":1,"win_rate":0,"timestamp":1550123236,"path_taken":["M","$","?","?","?","E","M","E","T","R","$","R","E","?","R","BOSS","M","?","M","M","?","E","?","E","T","R","E","M","M","E","R","BOSS","M","$","M","M","?","E","R","E","T","R","M","R","?","M","R","BOSS"],"build_version":"2019-01-23","purchased_purges":1,"victory":true,"max_hp_per_floor":[80,80,80,80,80,80,80,80,80,80,80,80,80,80,80,80,80,80,80,80,80,80,80,80,87,87,87,97,97,97,97,97,97,97,97,97,97,97,97,97,97,97,97,97,97,97,97,97,97,97],"card_choices":[{"not_picked":["Flex","Clash"],"picked":"True Grit","floor":1.0},{"not_picked":["Perfected Strike","Wild Strike","Body Slam"],"picked":"SKIP","floor":6.0},{"not_picked":["Anger","Pommel Strike"],"picked":"Whirlwind","floor":7.0},{"not_picked":["Flex","Combust"],"picked":"Uppercut","floor":8.0},{"not_picked":["Pommel Strike","True Grit"],"picked":"Anger","floor":13.0},{"not_picked":["Flex","True Grit+1","Iron Wave"],"picked":"SKIP","floor":18.0},{"not_picked":["Clash","Spot Weakness"],"picked":"Cleave","floor":20.0},{"not_picked":["Body Slam","Perfected Strike"],"picked":"Pommel Strike","floor":21.0},{"not_picked":["Pommel Strike+1","Anger"],"picked":"Metallicize+1","floor":22.0},{"not_picked":["Bloodletting","Warcry","Iron Wave"],"picked":"SKIP","floor":23.0},{"not_picked":["Rupture+1","Entrench+1"],"picked":"Heavy Blade+1","floor":25.0},{"not_picked":["Reckless Charge","Power Through"],"picked":"Berserk+1","floor":28.0},{"not_picked":["Armaments","Iron Wave+1","Corruption+1"],"picked":"SKIP","floor":29.0},{"not_picked":["Ghostly Armor+1","Flex"],"picked":"Twin Strike+1","floor":30.0},{"not_picked":["Berserk+1","Perfected Strike"],"picked":"Flame Barrier+1","floor":31.0},{"not_picked":["Barricade+1","Immolate","Feed"],"picked":"Double Tap","floor":33.0},{"not_picked":["Power Through+1","Rage+1","True Grit"],"picked":"Anger+1","floor":35.0},{"not_picked":["Flex+1","Twin Strike","Sever Soul"],"picked":"Perfected Strike+1","floor":37.0},{"not_picked":["Warcry+1","Body Slam","Clash+1"],"picked":"Flex+1","floor":38.0},{"not_picked":["Sword Boomerang","Armaments","Dropkick"],"picked":"Shockwave+1","floor":40.0},{"not_picked":["Rampage","Spot Weakness","Blood for Blood+1"],"picked":"Evolve+1","floor":42.0},{"not_picked":["Ghostly Armor","Iron Wave+1","Fiend Fire"],"picked":"Uppercut+1","floor":45},{"not_picked":["Cleave","Perfected Strike+1","Shockwave","Sword Boomerang"],"picked":"SKIP","floor":48}],"player_experience":462290,"relics_obtained":[{"floor":6.0,"key":"Centennial Puzzle"},{"floor":8.0,"key":"Frozen Egg 2"},{"floor":9.0,"key":"Magic Flower"},{"floor":13.0,"key":"Pen Nib"},{"floor":23.0,"key":"Juzu Bracelet"},{"floor":25.0,"key":"Strawberry"},{"floor":26.0,"key":"Mummified Hand"},{"floor":28.0,"key":"Pear"},{"floor":31.0,"key":"Question Card"},{"floor":40.0,"key":"Mercury Hourglass"},{"floor":42.0,"key":"Regal Pillow"},{"floor":43.0,"key":"Self Forming Clay"},{"floor":47,"key":"Peace Pipe"}],"event_choices":[{"damage_healed":0.0,"max_hp_gain":0.0,"max_hp_loss":0.0,"gold_gain":0.0,"event_name":"Living Wall","player_choice":"Grow","floor":3.0,"gold_loss":0.0,"damage_taken":0.0,"cards_upgraded":["Blind"]},{"damage_healed":0.0,"max_hp_gain":0.0,"max_hp_loss":0.0,"gold_gain":0.0,"event_name":"Big Fish","player_choice":"Box","floor":4.0,"gold_loss":0.0,"damage_taken":0.0,"relics_obtained":["Du-Vu Doll"],"cards_obtained":["Regret"]},{"damage_healed":0.0,"max_hp_gain":0.0,"max_hp_loss":0.0,"gold_gain":75.0,"event_name":"World of Goop","player_choice":"Gather Gold","floor":5.0,"gold_loss":0.0,"damage_taken":11.0},{"damage_healed":0.0,"max_hp_gain":0.0,"max_hp_loss":0.0,"gold_gain":0.0,"event_name":"Golden Idol","player_choice":"Take Wound","floor":14.0,"gold_loss":0.0,"damage_taken":0.0,"relics_obtained":["Golden Idol"],"cards_obtained":["Injury"]},{"damage_healed":0.0,"max_hp_gain":0.0,"max_hp_loss":0.0,"gold_gain":0.0,"event_name":"The Woman in Blue","player_choice":"Bought 0 Potions","floor":19.0,"gold_loss":0.0,"damage_taken":0.0},{"damage_healed":0.0,"max_hp_gain":0.0,"max_hp_loss":0.0,"gold_gain":0.0,"event_name":"Addict","player_choice":"Obtained Relic","floor":24.0,"gold_loss":85.0,"damage_taken":0.0,"relics_obtained":["Bronze Scales"]},{"cards_removed":["Defend_R"],"damage_healed":0.0,"max_hp_gain":0.0,"max_hp_loss":0.0,"gold_gain":0.0,"event_name":"Falling","player_choice":"Removed Skill","floor":39.0,"gold_loss":0.0,"damage_taken":0.0},{"damage_healed":0,"gold_gain":0,"player_choice":"Fight","damage_taken":0,"max_hp_gain":0,"max_hp_loss":0,"event_name":"Mysterious Sphere","floor":47,"gold_loss":0}],"is_beta":false,"boss_relics":[{"not_picked":["Ectoplasm","Velvet Choker"],"picked":"Cursed Key"},{"not_picked":["Tiny House","Eternal Feather"],"picked":"Fusion Hammer"}],"items_purged_floors":[11],"is_endless":false,"potions_floor_spawned":[13,18,21,22,25,28,35,38,40,47],"ascension_level":10}