{"gold_per_floor":[119,119,119,136,153,153,78,78,78,95,95,20,54,54,54,126,126,138,38,50,150,163,163,163,193,265,265,190,215,226,236,236,307,307,322,342,342,362,80,114,114,133,133,233,213,2,2,15,15,15],"floor_reached":51,"playtime":2549,"items_purged":["Defend_R","Strike_R","Defend_R"],"score":1382,"play_id":"f33a56c0-47fd-4ca9-8c24-20aaee60741e","local_time":"20190120221636","is_ascension_mode":true,"campfire_choices":[{"data":"Cleave","floor":6.0,"key":"SMITH"},{"data":"Warcry","floor":8.0,"key":"SMITH"},{"data":"Bash","floor":11.0,"key":"SMITH"},{"data":"Uppercut","floor":15.0,"key":"SMITH"},{"data":"Pommel Strike","floor":23.0,"key":"SMITH"},{"data":"Metallicize","floor":27.0,"key":"SMITH"},{"data":"Headbutt","floor":32.0,"key":"SMITH"},{"data":"Fiend Fire","floor":41,"key":"SMITH"},{"floor":47,"key":"RECALL"},{"floor":49,"key":"REST"}],"neow_cost":"NONE","seed_source_timestamp":0,"circlet_count":0,"master_deck":["AscendersBane","Defend_R+1","Bash+1","Rampage+1","Warcry+1","Cleave+1","Headbutt+1","Uppercut+1","Offering+1","Havoc+1","True Grit+1","Pommel Strike+1","Flame Barrier+1","Fiend Fire+1","Body Slam+1","Dark Embrace+1","Thunderclap+1","Shrug It Off+1","Warcry+1","Double Tap+1","Normality"],"special_seed":0,"relics":["Burning Blood","Lantern","Toxic Egg 2","Bird Faced Urn","Mango","Cursed Key","Ginger","Meat on the Bone","Nunchaku","Frozen Egg 2","PreservedInsect","Astrolabe","Oddly Smooth Stone","Boot","Gambling Chip","Thread and Needle","Lee\u0027s Waffle"],"potions_floor_usage":[42,50,50],"damage_taken":[{"damage":4.0,"enemies":"Jaw Worm","floor":1.0,"turns":6.0},{"damage":0.0,"enemies":"Small Slimes","floor":4.0,"turns":3.0},{"damage":11.0,"enemies":"2 Louse","floor":5.0,"turns":2.0},{"damage":0.0,"enemies":"Blue Slaver","floor":10.0,"turns":4.0},{"damage":22.0,"enemies":"Lagavulin","floor":13.0,"turns":5.0},{"damage":28.0,"enemies":"Slime Boss","floor":16.0,"turns":7.0},{"damage":6.0,"enemies":"Chosen","floor":18.0,"turns":2.0},{"damage":18.0,"enemies":"2 Thieves","floor":20.0,"turns":3.0},{"damage":13.0,"enemies":"Colosseum Slavers","floor":21.0,"turns":4.0},{"damage":15.0,"enemies":"Colosseum Nobs","floor":21.0,"turns":4.0},{"damage":6.0,"enemies":"Cultist and Chosen","floor":22.0,"turns":3.0},{"damage":28.0,"enemies":"Slavers","floor":25.0,"turns":4.0},{"damage":6.0,"enemies":"Book of Stabbing","floor":29.0,"turns":4.0},{"damage":11.0,"enemies":"Shelled Parasite and Fungi","floor":30.0,"turns":6.0},{"damage":0.0,"enemies":"Snecko","floor":31.0,"turns":4.0},{"damage":38.0,"enemies":"Champ","floor":33.0,"turns":9.0},{"damage":40.0,"enemies":"3 Shapes","floor":35.0,"turns":6.0},{"damage":16.0,"enemies":"3 Darklings","floor":36.0,"turns":4.0},{"damage":16.0,"enemies":"Spire Growth","floor":38.0,"turns":3.0},{"damage":47,"enemies":"Reptomancer","floor":40,"turns":3},{"damage":13,"enemies":"Writhing Mass","floor":42,"turns":3},{"damage":6,"enemies":"Mind Bloom Boss Battle","floor":44,"turns":5},{"damage":4,"enemies":"3 Darklings","floor":48,"turns":4},{"damage":70,"enemies":"Awakened One","floor":50,"turns":13}],"seed_played":"-9217726620269914074","potions_obtained":[{"floor":1.0,"key":"Ancient Potion"},{"floor":13.0,"key":"Explosive Potion"},{"floor":16.0,"key":"PowerPotion"},{"floor":21.0,"key":"Swift Potion"},{"floor":25.0,"key":"EssenceOfSteel"},{"floor":33.0,"key":"EssenceOfSteel"},{"floor":38.0,"key":"Dexterity Potion"},{"floor":42,"key":"LiquidBronze"},{"floor":44,"key":"SteroidPotion"},{"floor":45,"key":"SkillPotion"}],"is_trial":false,"path_per_floor":["M","?","?","M","M","R","?","R","T","M","R","$","E","?","R","B",null,"M","$","M","?","M","R","?","E","T","R","?","E","M","M","R","B",null,"M","M","?","M","$","E","R","M","T","?","?","$","R","M","R","B",null],"character_chosen":"IRONCLAD","items_purchased":["Oddly Smooth Stone","Lee\u0027s Waffle"],"campfire_rested":1,"item_purchase_floors":[39,46],"current_hp_per_floor":[70,70,47,53,48,48,48,48,48,54,54,54,38,47,47,25,73,73,73,61,47,59,59,33,25,25,25,25,39,48,56,56,38,80,62,54,54,58,58,29,29,36,36,48,48,101,101,101,101,51],"gold":15,"neow_bonus":"RANDOM_COMMON_RELIC","is_prod":false,"is_daily":false,"chose_seed":false,"campfire_upgraded":8,"win_rate":0,"timestamp":1548018996,"path_taken":["M","?","?","M","M","R","?","R","T","M","R","$","E","?","R","BOSS","M","$","M","?","M","R","?","E","T","R","?","E","M","M","R","BOSS","M","M","?","M","$","E","R","M","T","?","?","$","R","M","R","BOSS"],"build_version":"2019-01-17v2","purchased_purges":3,"victory":true,"max_hp_per_floor":[75,75,75,75,75,75,75,75,75,75,75,75,75,89,89,89,89,89,89,89,89,89,89,94,94,94,94,94,94,94,94,94,94,94,94,94,94,94,94,94,94,94,94,94,94,101,101,101,101,101],"card_choices":[{"not_picked":["Intimidate","Sword Boomerang"],"picked":"Rampage","floor":1.0},{"not_picked":["Hemokinesis","Searing Blow"],"picked":"Warcry","floor":4.0},{"not_picked":["True Grit","Clash"],"picked":"Cleave","floor":5.0},{"not_picked":["Anger","Searing Blow"],"picked":"Headbutt","floor":10.0},{"not_picked":["Pommel Strike","Berserk"],"picked":"Uppercut","floor":13.0},{"not_picked":["Fiend Fire","Barricade"],"picked":"Offering+1","floor":16.0},{"not_picked":["Sword Boomerang","Twin Strike"],"picked":"Havoc+1","floor":18.0},{"not_picked":["Carnage","Sever Soul"],"picked":"True Grit+1","floor":20.0},{"not_picked":["Feel No Pain","Corruption"],"picked":"Metallicize","floor":21.0},{"not_picked":["Armaments+1","Feel No Pain"],"picked":"Pommel Strike","floor":22.0},{"not_picked":["Wild Strike","Dropkick","Inflame"],"picked":"SKIP","floor":25.0},{"not_picked":["Disarm+1","Power Through+1"],"picked":"Flame Barrier+1","floor":29.0},{"not_picked":["Anger","Pummel","Clothesline+1"],"picked":"SKIP","floor":30.0},{"not_picked":["Body Slam","Offering+1","Perfected Strike"],"picked":"SKIP","floor":31.0},{"not_picked":["Demon Form+1","Impervious+1"],"picked":"Fiend Fire","floor":33.0},{"not_picked":["Twin Strike","Flex+1"],"picked":"Shrug It Off+1","floor":35.0},{"not_picked":["True Grit+1","Pommel Strike","Evolve+1"],"picked":"SKIP","floor":36.0},{"not_picked":["Spot Weakness+1","Thunderclap"],"picked":"Warcry+1","floor":38.0},{"not_picked":["Havoc+1","Twin Strike+1","Dropkick"],"picked":"SKIP","floor":40},{"not_picked":["Cleave","Battle Trance+1"],"picked":"Double Tap+1","floor":42},{"not_picked":["Hemokinesis+1","Havoc+1","Second Wind+1"],"picked":"SKIP","floor":48}],"player_experience":913719,"relics_obtained":[{"floor":9.0,"key":"Toxic Egg 2"},{"floor":13.0,"key":"Bird Faced Urn"},{"floor":21.0,"key":"Ginger"},{"floor":21.0,"key":"Meat on the Bone"},{"floor":25.0,"key":"Nunchaku"},{"floor":26.0,"key":"Frozen Egg 2"},{"floor":29.0,"key":"PreservedInsect"},{"floor":40,"key":"Boot"},{"floor":43,"key":"Gambling Chip"},{"floor":44,"key":"Thread and Needle"}],"event_choices":[{"cards_removed":["Strike_R"],"damage_healed":0.0,"max_hp_gain":0.0,"max_hp_loss":0.0,"gold_gain":0.0,"event_name":"Living Wall","player_choice":"Forget","floor":2.0,"gold_loss":0.0,"damage_taken":0.0},{"damage_healed":0.0,"max_hp_gain":0.0,"max_hp_loss":0.0,"gold_gain":0.0,"event_name":"Shining Light","player_choice":"Entered Light","floor":3.0,"gold_loss":0.0,"damage_taken":23.0,"cards_upgraded":["Defend_R","Rampage"]},{"cards_removed":["Strike_R"],"damage_healed":0.0,"max_hp_gain":0.0,"max_hp_loss":0.0,"gold_gain":0.0,"event_name":"The Cleric","player_choice":"Card Removal","floor":7.0,"gold_loss":75.0,"damage_taken":0.0},{"damage_healed":0.0,"max_hp_gain":0.0,"max_hp_loss":0.0,"gold_gain":0.0,"event_name":"Scrap Ooze","player_choice":"Success","floor":14.0,"gold_loss":0.0,"damage_taken":5.0,"relics_obtained":["Mango"]},{"damage_healed":0.0,"max_hp_gain":0.0,"max_hp_loss":0.0,"gold_gain":0.0,"event_name":"Colosseum","player_choice":"Fight","floor":21.0,"gold_loss":0.0,"damage_taken":0.0},{"damage_healed":0.0,"max_hp_gain":0.0,"max_hp_loss":0.0,"gold_gain":0.0,"event_name":"Colosseum","player_choice":"Fought Nobs","floor":21.0,"gold_loss":0.0,"damage_taken":0.0},{"damage_healed":0.0,"max_hp_gain":5.0,"max_hp_loss":0.0,"gold_gain":0.0,"event_name":"Forgotten Altar","player_choice":"Shed Blood","floor":24.0,"gold_loss":0.0,"damage_taken":31.0},{"cards_removed":["Injury"],"damage_healed":0.0,"max_hp_gain":0.0,"max_hp_loss":0.0,"gold_gain":0.0,"event_name":"Beggar","player_choice":"Gave Gold","floor":28.0,"gold_loss":75.0,"damage_taken":0.0},{"cards_removed":["Metallicize"],"damage_healed":0.0,"max_hp_gain":0.0,"max_hp_loss":0.0,"gold_gain":0.0,"event_name":"Falling","player_choice":"Removed Power","floor":37.0,"gold_loss":0.0,"damage_taken":0.0},{"damage_healed":0,"gold_gain":0,"player_choice":"Fight","damage_taken":0,"max_hp_gain":0,"max_hp_loss":0,"event_name":"MindBloom","floor":44,"gold_loss":0},{"damage_healed":0,"gold_gain":0,"player_choice":"Bought 1 Potion","damage_taken":0,"max_hp_gain":0,"max_hp_loss":0,"event_name":"The Woman in Blue","floor":45,"gold_loss":0}],"is_beta":false,"boss_relics":[{"not_picked":["Runic Cube","Sozu"],"picked":"Cursed Key"},{"not_picked":["Black Blood","Fusion Hammer"],"picked":"Astrolabe"}],"items_purged_floors":[12,19,39],"is_endless":false,"potions_floor_spawned":[1,13,16,18,21,25,33,38,42,44],"ascension_level":18}