{"gold_per_floor":[217,217,231,306,321,321,356,356,356,356,372,53,53,97,97,192,192,210,224,224,224,224],"floor_reached":22,"playtime":719,"items_purged":[],"score":384,"play_id":"dc4fd3a1-f644-4f8b-a0c0-d85e224873d2","local_time":"20181208112525","is_ascension_mode":true,"campfire_choices":[{"data":"Zap","floor":6,"key":"SMITH"},{"data":"Tempest","floor":8,"key":"SMITH"},{"data":"Dualcast","floor":10,"key":"SMITH"},{"floor":13,"key":"REST"},{"data":"Double Energy","floor":15,"key":"SMITH"}],"neow_cost":"NONE","seed_source_timestamp":62254848505274,"circlet_count":0,"master_deck":["AscendersBane","Strike_B","Strike_B","Strike_B","Strike_B","Defend_B","Defend_B","Defend_B","Defend_B","Zap+1","Dualcast+1","Conserve Battery","Tempest+1","Double Energy+1","Ball Lightning","All For One","Meteor Strike","Compile Driver+1"],"relics":["Cracked Core","Bloody Idol","Happy Flower","Shuriken","Ancient Tea Set","Orichalcum","Bag of Preparation","Inserter"],"potions_floor_usage":[7,7,18,22],"damage_taken":[{"damage":0,"enemies":"2 Louse","floor":1,"turns":3},{"damage":5,"enemies":"Small Slimes","floor":3,"turns":3},{"damage":7,"enemies":"Jaw Worm","floor":5,"turns":4},{"damage":14,"enemies":"3 Sentries","floor":7,"turns":5},{"damage":6,"enemies":"Lots of Slimes","floor":11,"turns":3},{"damage":13,"enemies":"Lagavulin","floor":14,"turns":4},{"damage":13,"enemies":"Hexaghost","floor":16,"turns":8},{"damage":0,"enemies":"Spheric Guardian","floor":18,"turns":2},{"damage":22,"enemies":"2 Thieves","floor":19,"turns":4},{"damage":26,"enemies":"Colosseum Slavers","floor":21,"turns":3},{"damage":6,"enemies":"3 Cultists","floor":22,"turns":2}],"seed_played":"8836629411461054125","potions_obtained":[{"floor":3,"key":"FocusPotion"},{"floor":5,"key":"Dexterity Potion"},{"floor":11,"key":"Energy Potion"},{"floor":19,"key":"Strength Potion"}],"is_trial":false,"path_per_floor":["M","?","M","?","M","R","E","R","T","R","M","$","R","E","R","B",null,"M","M","?","?","M"],"character_chosen":"DEFECT","items_purchased":["Ancient Tea Set","Orichalcum"],"campfire_rested":1,"item_purchase_floors":[12,12],"current_hp_per_floor":[64,64,59,48,41,41,27,27,27,27,21,21,40,27,27,14,52,52,30,30,4,0],"gold":224,"neow_bonus":"HUNDRED_GOLD","is_prod":false,"is_daily":false,"chose_seed":false,"campfire_upgraded":4,"win_rate":0,"timestamp":1544264725,"path_taken":["M","?","M","?","M","R","E","R","T","R","M","$","R","E","R","BOSS","M","M","?","?","M"],"build_version":"2018-12-06","purchased_purges":0,"victory":false,"max_hp_per_floor":[71,64,64,64,64,64,64,64,64,64,64,64,64,64,64,64,64,64,64,64,64,64],"card_choices":[{"not_picked":["Barrage","Leap"],"picked":"Conserve Battery","floor":1},{"not_picked":["Aggregate","Recycle"],"picked":"Tempest","floor":3},{"not_picked":["Undo","Cold Snap"],"picked":"Double Energy","floor":5},{"not_picked":["Rebound","Turbo"],"picked":"Ball Lightning","floor":7},{"not_picked":["Beam Cell","Steam","Barrage"],"picked":"SKIP","floor":11},{"not_picked":["Consume","Compile Driver"],"picked":"All For One","floor":14},{"not_picked":["Buffer","Seek"],"picked":"Meteor Strike","floor":16},{"not_picked":["Sunder","Static Discharge+1","Steam"],"picked":"SKIP","floor":18},{"not_picked":["Steam","Redo"],"picked":"Compile Driver+1","floor":19}],"player_experience":889477,"relics_obtained":[{"floor":7,"key":"Happy Flower"},{"floor":9,"key":"Shuriken"},{"floor":14,"key":"Bag of Preparation"}],"event_choices":[{"damage_healed":0,"gold_gain":0,"player_choice":"Lose Max HP","damage_taken":0,"relics_obtained":["Golden Idol"],"max_hp_gain":0,"max_hp_loss":7,"event_name":"Golden Idol","floor":2,"gold_loss":0},{"damage_healed":0,"gold_gain":75,"player_choice":"Gather Gold","damage_taken":11,"max_hp_gain":0,"max_hp_loss":0,"event_name":"World of Goop","floor":4,"gold_loss":0},{"damage_healed":0,"gold_gain":0,"player_choice":"Gave Idol","damage_taken":0,"relics_obtained":["Bloody Idol"],"max_hp_gain":0,"max_hp_loss":0,"event_name":"Forgotten Altar","floor":20,"relics_lost":["Golden Idol"],"gold_loss":0},{"damage_healed":0,"gold_gain":0,"player_choice":"Fight","damage_taken":0,"max_hp_gain":0,"max_hp_loss":0,"event_name":"Colosseum","floor":21,"gold_loss":0},{"damage_healed":0,"gold_gain":0,"player_choice":"Fled From Nobs","damage_taken":0,"max_hp_gain":0,"max_hp_loss":0,"event_name":"Colosseum","floor":21,"gold_loss":0}],"is_beta":false,"boss_relics":[{"not_picked":["Coffee Dripper","Eternal Feather"],"picked":"Inserter"}],"items_purged_floors":[],"is_endless":false,"potions_floor_spawned":[3,5,11,19],"killed_by":"3 Cultists","ascension_level":20}