{"gold_per_floor":[110,123,123,73,89,122,122,133,179,179,104,104,120,120,120,215,215,226,29,39,49,73,73,87,101,101,101,112,112,130,5,5,105,105,124,177,190,203,503,503,532,226,226,226,236,89,103,122,122,122],"floor_reached":51,"playtime":3132,"items_purged":["Strike_R","Strike_R","Strike_R+1","Wild Strike"],"score":1089,"play_id":"750c2028-bf47-4ec3-971b-44b906fa6e5f","local_time":"20180808212216","is_ascension_mode":true,"campfire_choices":[{"data":"Bash","floor":7,"key":"SMITH"},{"floor":10,"key":"REST"},{"data":"Strike_R","floor":15,"key":"SMITH"},{"floor":23,"key":"REST"},{"floor":29,"key":"REST"},{"floor":32,"key":"REST"},{"data":"Finesse","floor":40,"key":"SMITH"},{"data":"Cleave","floor":44,"key":"SMITH"},{"floor":49,"key":"REST"}],"neow_cost":"TEN_PERCENT_HP_LOSS","seed_source_timestamp":11578103386915,"circlet_count":0,"master_deck":["Bash+1","Dropkick+1","Finesse+1","Cleave+1"],"relics":["Burning Blood","Dodecahedron","Blood Vial","Black Star","Bag of Marbles","Nunchaku","Pandora\u0027s Box","Du-Vu Doll","Old Coin","Happy Flower","Boot","Vajra","Gremlin Horn","Oddly Smooth Stone"],"potions_floor_usage":[16,24,24,25,38,50,50],"damage_taken":[{"damage":3,"enemies":"Jaw Worm","floor":1,"turns":5},{"damage":0,"enemies":"Cultist","floor":2,"turns":2},{"damage":5,"enemies":"2 Louse","floor":5,"turns":3},{"damage":39,"enemies":"3 Sentries","floor":6,"turns":9},{"damage":22,"enemies":"Large Slime","floor":8,"turns":11},{"damage":0,"enemies":"2 Fungi Beasts","floor":13,"turns":2},{"damage":18,"enemies":"Slime Boss","floor":16,"turns":9},{"damage":7,"enemies":"Chosen","floor":18,"turns":3},{"damage":5,"enemies":"Shell Parasite","floor":20,"turns":2},{"damage":61,"enemies":"Sentry and Sphere","floor":21,"turns":7},{"damage":38,"enemies":"Slaver and Parasite","floor":24,"turns":8},{"damage":0,"enemies":"Cultist and Chosen","floor":25,"turns":1},{"damage":0,"enemies":"Centurion and Healer","floor":28,"turns":1},{"damage":0,"enemies":"Snecko","floor":30,"turns":1},{"damage":0,"enemies":"Collector","floor":33,"turns":1},{"damage":0,"enemies":"Flame Bruiser 1 Orb","floor":35,"turns":1},{"damage":4,"floor":36,"turns":1},{"damage":0,"enemies":"Orb Walker","floor":37,"turns":1},{"damage":0,"enemies":"Flame Bruiser 2 Orb","floor":38,"turns":1},{"damage":20,"floor":39,"turns":2},{"damage":0,"enemies":"Nemesis","floor":41,"turns":1},{"damage":0,"enemies":"Transient","floor":45,"turns":1},{"damage":4,"enemies":"4 Shapes","floor":47,"turns":1},{"damage":0,"enemies":"Sphere and 2 Shapes","floor":48,"turns":2},{"damage":76,"enemies":"Time Eater","floor":50,"turns":7}],"seed_played":"-7511078114626092336","potions_obtained":[{"floor":1,"key":"Dexterity Potion"},{"floor":6,"key":"PowerPotion"},{"floor":16,"key":"EssenceOfSteel"},{"floor":18,"key":"AttackPotion"},{"floor":24,"key":"Weak Potion"},{"floor":28,"key":"AttackPotion"},{"floor":35,"key":"SpeedPotion"},{"floor":37,"key":"Fruit Juice"},{"floor":41,"key":"Energy Potion"}],"is_trial":false,"path_per_floor":["M","M","?","?","M","E","R","M","T","R","$","?","M","?","R","B",null,"M","$","M","M","T","R","M","M","T","?","M","R","M","$","R","B",null,"M","?","M","M","?","R","E","$","T","R","M","$","M","M","R","B"],"character_chosen":"IRONCLAD","items_purchased":["Finesse","Vajra","Oddly Smooth Stone"],"campfire_rested":5,"item_purchase_floors":[19,42,46],"current_hp_per_floor":[72,72,72,72,72,39,39,23,23,44,44,44,52,52,52,42,65,66,66,69,16,16,37,7,15,15,15,23,44,52,52,72,72,72,72,72,72,77,63,63,71,71,71,71,77,77,77,77,77,7],"gold":122,"neow_bonus":"REMOVE_TWO","is_prod":false,"is_daily":false,"chose_seed":false,"campfire_upgraded":4,"win_rate":0,"timestamp":1533777736,"path_taken":["M","M","?","?","M","E","R","M","T","R","$","?","?","?","R","BOSS","M","$","M","M","?","R","M","M","T","?","M","R","M","$","R","BOSS","M","?","M","M","?","R","E","$","T","R","M","$","M","M","R","BOSS"],"build_version":"2018-08-02","purchased_purges":4,"victory":true,"max_hp_per_floor":[72,72,72,72,72,72,72,72,72,72,72,72,72,72,72,72,72,72,72,72,72,72,72,72,72,72,72,72,72,72,72,72,72,72,72,72,72,77,77,77,77,77,77,77,77,77,77,77,77,77],"card_choices":[{"not_picked":["Fire Breathing","Warcry"],"picked":"Dropkick","floor":1},{"not_picked":["Clothesline","Hemokinesis","Spot Weakness"],"picked":"SKIP","floor":2},{"not_picked":["Clothesline","Wild Strike","Entrench"],"picked":"SKIP","floor":5},{"not_picked":["Armaments","Fiend Fire","Perfected Strike"],"picked":"SKIP","floor":6},{"not_picked":["Burning Pact","Entrench","Seeing Red"],"picked":"SKIP","floor":8},{"not_picked":["Heavy Blade","Pommel Strike","Warcry"],"picked":"SKIP","floor":13},{"not_picked":["Wild Strike","Intimidate+1","Evolve"],"picked":"SKIP","floor":18},{"not_picked":["Havoc","Heavy Blade","Pommel Strike"],"picked":"SKIP","floor":20},{"not_picked":["True Grit+1","Warcry","Intimidate"],"picked":"SKIP","floor":21},{"not_picked":["Headbutt+1","Spot Weakness","Armaments"],"picked":"SKIP","floor":24},{"not_picked":["Warcry","Anger","True Grit"],"picked":"SKIP","floor":25},{"not_picked":["Immolate","Iron Wave","Armaments+1"],"picked":"SKIP","floor":28},{"not_picked":["Havoc","Perfected Strike","Clothesline"],"picked":"SKIP","floor":30},{"not_picked":["Perfected Strike+1","Body Slam","Cleave+1"],"picked":"SKIP","floor":35},{"not_picked":["Infernal Blade+1","Clothesline+1","Combust+1"],"picked":"SKIP","floor":37},{"not_picked":["Pommel Strike","Cleave+1","Shockwave"],"picked":"SKIP","floor":38},{"not_picked":["Double Tap","Havoc","Pommel Strike"],"picked":"SKIP","floor":41},{"not_picked":["Reckless Charge+1","Iron Wave","Warcry"],"picked":"SKIP","floor":45},{"not_picked":["Wild Strike","Warcry+1","Cleave+1"],"picked":"SKIP","floor":47},{"not_picked":["Warcry+1","Heavy Blade+1","Anger"],"picked":"SKIP","floor":48}],"player_experience":170264,"relics_obtained":[{"floor":6,"key":"Dodecahedron"},{"floor":9,"key":"Blood Vial"},{"floor":22,"key":"Bag of Marbles"},{"floor":26,"key":"Nunchaku"},{"floor":36,"key":"Du-Vu Doll"},{"floor":39,"key":"Old Coin"},{"floor":41,"key":"Happy Flower"},{"floor":41,"key":"Boot"},{"floor":43,"key":"Gremlin Horn"}],"event_choices":[{"event_name":"Upgrade Shrine","player_choice":"Upgraded","floor":3,"damage_taken":0},{"event_name":"The Cleric","player_choice":"Card Removal","floor":4,"damage_taken":0},{"event_name":"Bonfire Elementals","player_choice":"BASIC","floor":12,"damage_taken":0},{"event_name":"Match and Keep!","player_choice":"0 cards matched","floor":14,"damage_taken":0},{"event_name":"Ghosts","player_choice":"Ignored","floor":27,"damage_taken":0},{"event_name":"Mysterious Sphere","player_choice":"Fight","floor":36,"damage_taken":0},{"event_name":"MindBloom","player_choice":"Fight","floor":39,"damage_taken":0}],"is_beta":false,"boss_relics":[{"not_picked":["Sozu","Eternal Feather"],"picked":"Black Star"},{"not_picked":["Philosopher\u0027s Stone","Runic Cube"],"picked":"Pandora\u0027s Box"}],"items_purged_floors":[11,19,31,42],"is_endless":false,"potions_floor_spawned":[1,6,16,18,24,28,35,37,41],"ascension_level":5}