{"gold_per_floor":[116,191,191,203,217,230,230,73,73,89,89,89,89,103,103,206,206,226,226,28,28,28,28,63,63,63,80,80,80,98,116,116,116],"floor_reached":33,"playtime":3684,"items_purged":[],"score":255,"play_id":"d10ae356-b14d-4355-af62-bd0c4a7f5a3e","local_time":"20181022165308","is_ascension_mode":false,"campfire_choices":[{"data":"Neutralize","floor":7,"key":"SMITH"},{"data":"Backflip","floor":11,"key":"SMITH"},{"data":"Survivor","floor":13,"key":"SMITH"},{"data":"Poisoned Stab","floor":15,"key":"SMITH"},{"data":"PiercingWail","floor":23,"key":"SMITH"},{"floor":25,"key":"REST"},{"data":"Underhanded Strike","floor":28,"key":"SMITH"},{"floor":32,"key":"REST"}],"neow_cost":"NONE","seed_source_timestamp":53059335244655,"circlet_count":0,"master_deck":["Defend_G","Defend_G","Defend_G","Defend_G","Defend_G","Strike_G+1","Strike_G","Strike_G+1","Strike_G","Survivor+1","Neutralize+1","Underhanded Strike+1","Poisoned Stab+1","PiercingWail+1","Backflip+1","Dagger Spray+1","RitualDagger","Cloak And Dagger"],"relics":["Ring of the Snake","Boot","Whetstone","Kunai","Eternal Feather","TwistedFunnel","Letter Opener","Bronze Scales"],"potions_floor_usage":[6,16,24,24],"damage_taken":[{"damage":0,"enemies":"Small Slimes","floor":1,"turns":6},{"damage":0,"enemies":"Cultist","floor":4,"turns":3},{"damage":0,"enemies":"2 Louse","floor":5,"turns":2},{"damage":1,"enemies":"Exordium Wildlife","floor":6,"turns":7},{"damage":0,"enemies":"Red Slaver","floor":10,"turns":4},{"damage":0,"enemies":"Looter","floor":14,"turns":3},{"damage":17,"enemies":"The Guardian","floor":16,"turns":14},{"damage":0,"enemies":"3 Byrds","floor":18,"turns":6},{"damage":59,"enemies":"Gremlin Leader","floor":24,"turns":8},{"damage":12,"enemies":"2 Thieves","floor":27,"turns":4},{"damage":9,"enemies":"Centurion and Healer","floor":30,"turns":9},{"damage":3,"enemies":"3 Cultists","floor":31,"turns":5},{"damage":67,"enemies":"Automaton","floor":33,"turns":12}],"seed_played":"5907470026206072401","potions_obtained":[{"floor":1,"key":"FearPotion"},{"floor":3,"key":"FairyPotion"},{"floor":3,"key":"Block Potion"},{"floor":3,"key":"Block Potion"},{"floor":14,"key":"Energy Potion"},{"floor":16,"key":"Swift Potion"},{"floor":30,"key":"Ancient Potion"}],"is_trial":false,"path_per_floor":["M","?","?","M","M","M","R","$","T","M","R","?","R","M","R","B",null,"M","?","$","?","?","R","E","R","T","M","R","?","M","M","R"],"character_chosen":"THE_SILENT","items_purchased":["Whetstone","TwistedFunnel"],"campfire_rested":2,"item_purchase_floors":[8,20],"current_hp_per_floor":[70,63,63,63,63,62,62,62,62,62,62,67,67,67,67,50,75,75,75,75,75,75,75,16,47,47,35,44,38,29,26,57,0],"gold":116,"neow_bonus":"RANDOM_COMMON_RELIC","is_prod":false,"is_daily":false,"chose_seed":false,"campfire_upgraded":6,"win_rate":0,"timestamp":1540241588,"path_taken":["M","?","?","?","M","M","R","$","T","?","R","?","R","M","R","BOSS","M","?","$","?","?","R","E","R","T","M","R","?","?","M","R","BOSS"],"build_version":"2018-10-18","purchased_purges":0,"victory":false,"max_hp_per_floor":[70,70,70,70,70,70,70,70,70,70,70,75,75,75,75,75,75,75,75,75,75,75,75,75,75,75,75,75,75,75,75,75,75],"card_choices":[{"not_picked":["Concentrate","Setup"],"picked":"Underhanded Strike","floor":1},{"not_picked":["Underhanded Strike","Deflect"],"picked":"Poisoned Stab","floor":4},{"not_picked":["Dodge and Roll","Accuracy"],"picked":"PiercingWail","floor":5},{"not_picked":["Wraith Form v2","Expertise"],"picked":"Backflip","floor":6},{"not_picked":["PiercingWail","Poisoned Stab","Catalyst"],"picked":"SKIP","floor":10},{"not_picked":["Sucker Punch","Flying Knee","Slice"],"picked":"SKIP","floor":14},{"not_picked":["Flying Knee","Blur","Heel Hook+1"],"picked":"SKIP","floor":18},{"not_picked":["Backstab","Eviscerate","Infinite Blades"],"picked":"SKIP","floor":24},{"not_picked":["Slice","Deflect"],"picked":"Dagger Spray+1","floor":27},{"not_picked":["Concentrate","Outmaneuver","Slice"],"picked":"SKIP","floor":30},{"not_picked":["Deadly Poison","Dash"],"picked":"Cloak And Dagger","floor":31}],"player_experience":212189,"relics_obtained":[{"floor":9,"key":"Kunai"},{"floor":24,"key":"Letter Opener"},{"floor":26,"key":"Bronze Scales"}],"event_choices":[{"damage_healed":0,"gold_gain":75,"player_choice":"Touch","damage_taken":7,"max_hp_gain":0,"max_hp_loss":0,"event_name":"FaceTrader","floor":2,"gold_loss":0},{"damage_healed":0,"gold_gain":0,"player_choice":"Got Potions","damage_taken":0,"max_hp_gain":0,"max_hp_loss":0,"event_name":"The Lab","floor":3,"gold_loss":0},{"damage_healed":0,"gold_gain":0,"player_choice":"Donut","damage_taken":0,"max_hp_gain":5,"max_hp_loss":0,"event_name":"Big Fish","floor":12,"gold_loss":0},{"cards_removed":["Strike_G"],"damage_healed":0,"gold_gain":0,"player_choice":"Offered Basic","damage_taken":0,"max_hp_gain":0,"max_hp_loss":0,"event_name":"Bonfire Elementals","floor":19,"gold_loss":0},{"damage_healed":0,"gold_gain":0,"player_choice":"0 cards matched","damage_taken":0,"max_hp_gain":0,"max_hp_loss":0,"event_name":"Match and Keep!","floor":21,"gold_loss":0,"cards_obtained":[]},{"damage_healed":0,"gold_gain":0,"player_choice":"Ignored","damage_taken":0,"max_hp_gain":0,"max_hp_loss":0,"event_name":"Vampires","floor":22,"gold_loss":0},{"damage_healed":0,"gold_gain":0,"player_choice":"Joined the Cult","damage_taken":6,"max_hp_gain":0,"max_hp_loss":0,"event_name":"Nest","floor":29,"gold_loss":0,"cards_obtained":["RitualDagger"]}],"is_beta":false,"boss_relics":[{"not_picked":["Snecko Eye","Runic Pyramid"],"picked":"Eternal Feather"}],"items_purged_floors":[],"is_endless":false,"potions_floor_spawned":[1,14,16,18,30],"killed_by":"Automaton","ascension_level":0}