{"gold_per_floor":[115,115,115,190,190,190,207,227,227,247,247,16,42,52,52,152,152,167,181,181,196,196,196,96,96,123,141,141],"floor_reached":28,"playtime":1642,"items_purged":["Strike_R","Strike_R"],"score":338,"play_id":"c0c60467-934e-4d0a-8cd2-f33a912994cd","local_time":"20190307234145","is_ascension_mode":true,"campfire_choices":[{"data":"Bash","floor":6,"key":"SMITH"},{"data":"Carnage","floor":11,"key":"SMITH"},{"data":"Inflame","floor":15,"key":"SMITH"},{"floor":23,"key":"REST"},{"data":"Entrench","floor":25,"key":"SMITH"}],"neow_cost":"NONE","seed_source_timestamp":21963057557279,"circlet_count":0,"master_deck":["AscendersBane","Strike_R","Defend_R","Defend_R","Defend_R","Defend_R","Bash+1","Uppercut+1","Carnage+1","Pommel Strike","Inflame+1","Barricade","Entrench+1","Flame Barrier","Intimidate","Metallicize","Shrug It Off"],"relics":["Burning Blood","Incense Burner","Red Skull","Strawberry","Orrery","Gambling Chip","Potion Belt"],"potions_floor_usage":[10,28],"damage_taken":[{"damage":2,"enemies":"2 Louse","floor":1,"turns":4},{"damage":1,"enemies":"Small Slimes","floor":7,"turns":4},{"damage":4,"enemies":"Jaw Worm","floor":8,"turns":2},{"damage":3,"enemies":"3 Louse","floor":10,"turns":2},{"damage":16,"enemies":"Lagavulin","floor":13,"turns":5},{"damage":32,"enemies":"Lots of Slimes","floor":14,"turns":6},{"damage":29,"enemies":"The Guardian","floor":16,"turns":9},{"damage":10,"enemies":"Shell Parasite","floor":18,"turns":4},{"damage":17,"enemies":"Chosen","floor":19,"turns":7},{"damage":26,"enemies":"Shelled Parasite and Fungi","floor":21,"turns":10},{"damage":61,"enemies":"3 Cultists","floor":27,"turns":7},{"damage":18,"enemies":"Slavers","floor":28,"turns":1}],"seed_played":"5445280135205195888","potions_obtained":[{"floor":1,"key":"GamblersBrew"},{"floor":8,"key":"Explosive Potion"},{"floor":14,"key":"SmokeBomb"},{"floor":16,"key":"Poison Potion"},{"floor":18,"key":"FairyPotion"}],"is_trial":false,"path_per_floor":["M","?","?","?","?","R","M","M","T","M","R","$","E","M","R","B",null,"M","M","?","M","?","R","$","R","T","M","E"],"character_chosen":"IRONCLAD","items_purchased":["Red Skull"],"campfire_rested":1,"item_purchase_floors":[12],"current_hp_per_floor":[76,76,69,58,58,58,63,65,65,68,68,68,65,39,39,16,69,65,54,37,17,17,44,44,44,44,15,0],"gold":141,"neow_bonus":"REMOVE_CARD","is_prod":false,"is_daily":false,"chose_seed":false,"campfire_upgraded":4,"win_rate":0,"timestamp":1552020105,"path_taken":["M","?","?","?","?","R","M","M","T","M","R","$","E","M","R","BOSS","M","M","?","M","?","R","$","R","T","M","E"],"build_version":"2019-01-23","purchased_purges":2,"victory":false,"max_hp_per_floor":[80,80,80,80,80,80,80,80,80,80,80,80,87,87,87,87,87,87,87,92,92,92,92,92,92,92,92,92],"card_choices":[{"not_picked":["Headbutt","Sword Boomerang"],"picked":"Uppercut","floor":1},{"not_picked":["Anger","Heavy Blade"],"picked":"Carnage","floor":7},{"not_picked":["Twin Strike","Heavy Blade"],"picked":"Pommel Strike","floor":8},{"not_picked":["Iron Wave","Clothesline","Uppercut"],"picked":"SKIP","floor":10},{"not_picked":["Wild Strike","Clash"],"picked":"Inflame","floor":13},{"not_picked":["Armaments","Rupture","Sentinel"],"picked":"SKIP","floor":14},{"not_picked":["Fiend Fire","Berserk"],"picked":"Barricade","floor":16},{"not_picked":["Rupture","Fire Breathing"],"picked":"Entrench","floor":17},{"not_picked":["Wild Strike","Twin Strike"],"picked":"Flame Barrier","floor":17},{"not_picked":["Flex","Headbutt"],"picked":"Intimidate","floor":18},{"not_picked":["Wild Strike","Flame Barrier","Iron Wave+1"],"picked":"SKIP","floor":19},{"not_picked":["Thunderclap","Anger"],"picked":"Metallicize","floor":21},{"not_picked":["Second Wind+1","Dark Embrace"],"picked":"Shrug It Off","floor":27}],"player_experience":335012,"relics_obtained":[{"floor":9,"key":"Incense Burner"},{"floor":13,"key":"Strawberry"},{"floor":22,"key":"Gambling Chip"},{"floor":26,"key":"Potion Belt"}],"event_choices":[{"damage_healed":0,"gold_gain":0,"player_choice":"Ignored","damage_taken":0,"max_hp_gain":0,"max_hp_loss":0,"event_name":"Liars Game","floor":2,"gold_loss":0},{"cards_removed":["Strike_R"],"damage_healed":0,"gold_gain":0,"player_choice":"Card Removal","damage_taken":7,"max_hp_gain":0,"max_hp_loss":0,"event_name":"Golden Wing","floor":3,"gold_loss":0},{"damage_healed":0,"gold_gain":75,"player_choice":"Gather Gold","damage_taken":11,"max_hp_gain":0,"max_hp_loss":0,"event_name":"World of Goop","floor":4,"gold_loss":0},{"damage_healed":0,"gold_gain":0,"player_choice":"Grow","damage_taken":0,"max_hp_gain":0,"max_hp_loss":0,"event_name":"Living Wall","floor":5,"gold_loss":0,"cards_upgraded":["Uppercut"]},{"damage_healed":0,"gold_gain":0,"player_choice":"Shed Blood","damage_taken":22,"max_hp_gain":5,"max_hp_loss":0,"event_name":"Forgotten Altar","floor":20,"gold_loss":0},{"damage_healed":0,"gold_gain":0,"player_choice":"Relic","damage_taken":0,"max_hp_gain":0,"max_hp_loss":0,"event_name":"Wheel of Change","floor":22,"gold_loss":0}],"is_beta":false,"boss_relics":[{"not_picked":["Runic Dome","Cursed Key"],"picked":"Orrery"}],"items_purged_floors":[12,24],"is_endless":false,"potions_floor_spawned":[1,8,14,16,18],"killed_by":"Slavers","ascension_level":11}