{"gold_per_floor":[118,118,134,134,147,179,179,179,179,207,207,227,263,336,336,465,465,484,484,504,520,171,171,205,238,238,263,276,276,294,307,307,431,431,444,458,477,477,91,124,124,144,168,168,168,199,421,434,434,434],"floor_reached":50,"playtime":3892,"items_purged":["Injury"],"score":607,"play_id":"df8e31a0-c274-473c-b3bf-de14e0356450","local_time":"20190113154029","is_ascension_mode":false,"campfire_choices":[{"data":"Metallicize","floor":8,"key":"SMITH"},{"data":"1","floor":11,"key":"LIFT"},{"floor":15,"key":"REST"},{"data":"2","floor":23,"key":"LIFT"},{"floor":29,"key":"REST"},{"data":"3","floor":32,"key":"LIFT"},{"data":"Inflame","floor":44,"key":"SMITH"},{"floor":49,"key":"REST"}],"neow_cost":"NONE","seed_source_timestamp":242824570412097,"circlet_count":0,"master_deck":["Strike_R","Strike_R+1","Strike_R","Strike_R+1","Strike_R","Defend_R","Defend_R","Defend_R","Defend_R","Metallicize+1","Pommel Strike","Shrug It Off","Double Tap","Whirlwind","Clothesline","Demon Form","Perfected Strike","Demon Form","Inflame+1","RitualDagger","Shrug It Off","Clothesline+1","Armaments","Forethought","Heavy Blade","Flex+1","Infernal Blade+1","Perfected Strike+1","Dual Wield+1","Heavy Blade+1","Double Tap","Flame Barrier+1","Armaments","Armaments+1","Madness","Madness","Inflame","Twin Strike+1","HandOfGreed","Perfected Strike+1","Anger","Twin Strike+1"],"relics":["Black Blood","Bird Faced Urn","Golden Idol","Girya","Odd Mushroom","Bottled Tornado","Omamori","Velvet Choker","Blood Vial","Whetstone","Red Mask","Centennial Puzzle","Lee\u0027s Waffle","PreservedInsect","Dodecahedron","Ancient Tea Set","Gremlin Horn"],"potions_floor_usage":[13,13,16,16,25,31,50,50,50],"damage_taken":[{"damage":11,"enemies":"Small Slimes","floor":1,"turns":4},{"damage":8,"enemies":"Jaw Worm","floor":3,"turns":4},{"damage":7,"enemies":"2 Louse","floor":5,"turns":3},{"damage":29,"enemies":"3 Sentries","floor":6,"turns":8},{"damage":35,"enemies":"The Mushroom Lair","floor":10,"turns":5},{"damage":5,"enemies":"Blue Slaver","floor":12,"turns":4},{"damage":25,"enemies":"Lagavulin","floor":13,"turns":7},{"damage":14,"enemies":"3 Sentries","floor":14,"turns":6},{"damage":22,"enemies":"The Guardian","floor":16,"turns":10},{"damage":2,"enemies":"Chosen","floor":18,"turns":4},{"damage":11,"enemies":"3 Byrds","floor":20,"turns":3},{"damage":40,"enemies":"Centurion and Healer","floor":21,"turns":6},{"damage":29,"enemies":"Book of Stabbing","floor":24,"turns":7},{"damage":49,"enemies":"Masked Bandits","floor":25,"turns":5},{"damage":7,"enemies":"Cultist and Chosen","floor":27,"turns":7},{"damage":6,"enemies":"Snecko","floor":28,"turns":5},{"damage":15,"enemies":"Centurion and Healer","floor":30,"turns":4},{"damage":5,"enemies":"3 Cultists","floor":31,"turns":4},{"damage":21,"enemies":"Automaton","floor":33,"turns":6},{"damage":16,"enemies":"3 Shapes","floor":35,"turns":3},{"damage":11,"enemies":"Orb Walker","floor":36,"turns":3},{"damage":24,"enemies":"4 Shapes","floor":37,"turns":3},{"damage":59,"enemies":"Nemesis","floor":40,"turns":5},{"damage":16,"enemies":"Jaw Worm Horde","floor":42,"turns":4},{"damage":22,"enemies":"Giant Head","floor":46,"turns":6},{"damage":31,"enemies":"3 Darklings","floor":48,"turns":5},{"damage":70,"enemies":"Donu and Deca","floor":50,"turns":6}],"seed_played":"7029032799931443883","potions_obtained":[{"floor":5,"key":"PowerPotion"},{"floor":10,"key":"Dexterity Potion"},{"floor":12,"key":"Block Potion"},{"floor":13,"key":"SpeedPotion"},{"floor":16,"key":"GamblersBrew"},{"floor":18,"key":"Strength Potion"},{"floor":20,"key":"FearPotion"},{"floor":21,"key":"BloodPotion"},{"floor":28,"key":"Poison Potion"},{"floor":30,"key":"Block Potion"},{"floor":35,"key":"Ancient Potion"}],"is_trial":false,"path_per_floor":["M","?","M","?","M","E","?","R","T","?","R","M","E","?","R","B",null,"M","?","M","M","$","R","E","?","T","M","M","R","M","M","R","B",null,"M","M","M","?","$","E","?","M","T","R","?","E","?","M","R","B"],"character_chosen":"IRONCLAD","items_purchased":["Armaments","Forethought","Blood Vial","Inflame","Lee\u0027s Waffle","PreservedInsect"],"campfire_rested":3,"item_purchase_floors":[22,22,22,39,39,39],"current_hp_per_floor":[75,80,78,78,77,54,54,54,54,27,27,30,15,9,34,22,85,85,79,80,54,54,54,39,12,12,17,27,52,53,60,60,53,85,80,85,71,60,92,49,49,51,51,51,51,49,49,34,61,0],"gold":434,"neow_bonus":"TRANSFORM_CARD","is_prod":false,"is_daily":false,"chose_seed":false,"campfire_upgraded":2,"win_rate":0.0,"timestamp":1547354429,"path_taken":["M","?","M","?","M","E","?","R","T","?","R","?","E","?","R","BOSS","M","?","M","M","$","R","E","?","T","M","M","R","?","M","R","BOSS","M","M","M","?","$","E","?","M","T","R","?","E","?","M","R","BOSS"],"build_version":"2019-01-10","purchased_purges":1,"victory":false,"max_hp_per_floor":[80,85,85,85,85,85,85,85,85,85,85,85,85,85,85,85,85,85,85,85,85,85,85,85,85,85,85,85,85,85,85,85,85,85,85,85,85,85,92,92,92,92,92,92,92,92,92,92,92,92],"card_choices":[{"not_picked":["Body Slam","Battle Trance"],"picked":"Pommel Strike","floor":1},{"not_picked":["Headbutt","Burning Pact"],"picked":"Thunderclap","floor":3},{"not_picked":["Spot Weakness","Battle Trance"],"picked":"Shrug It Off","floor":5},{"not_picked":["Headbutt","Dual Wield"],"picked":"Double Tap","floor":6},{"not_picked":["Flex","Warcry"],"picked":"Whirlwind","floor":10},{"not_picked":["Intimidate","Combust"],"picked":"Clothesline","floor":12},{"not_picked":["Second Wind","Uppercut"],"picked":"Demon Form","floor":13},{"not_picked":["Flame Barrier","Ghostly Armor"],"picked":"Perfected Strike","floor":14},{"not_picked":["Impervious","Bludgeon"],"picked":"Demon Form","floor":16},{"not_picked":["Sever Soul","Entrench"],"picked":"Inflame","floor":18},{"not_picked":["Warcry+1","Pommel Strike"],"picked":"Shrug It Off","floor":20},{"not_picked":["Flame Barrier","Flex"],"picked":"Clothesline+1","floor":21},{"not_picked":["Body Slam","Rampage"],"picked":"Heavy Blade","floor":24},{"not_picked":["Twin Strike","Rupture"],"picked":"Flex+1","floor":25},{"not_picked":["Ghostly Armor+1","Shrug It Off"],"picked":"Infernal Blade+1","floor":27},{"not_picked":["Thunderclap+1","Pommel Strike+1"],"picked":"Perfected Strike+1","floor":28},{"not_picked":["Wild Strike+1","Twin Strike"],"picked":"Dual Wield+1","floor":30},{"not_picked":["Demon Form","Second Wind"],"picked":"Heavy Blade+1","floor":31},{"not_picked":["Fiend Fire","Impervious"],"picked":"Double Tap","floor":33},{"not_picked":["Perfected Strike","Uppercut+1"],"picked":"Flame Barrier+1","floor":35},{"not_picked":["Corruption+1","Thunderclap"],"picked":"Armaments","floor":36},{"not_picked":["Heavy Blade","Rupture+1"],"picked":"Armaments+1","floor":37},{"not_picked":["Anger","Uppercut"],"picked":"Twin Strike+1","floor":40},{"not_picked":["Deep Breath","Purity"],"picked":"HandOfGreed","floor":41},{"not_picked":["Iron Wave","Ghostly Armor"],"picked":"Perfected Strike+1","floor":42},{"not_picked":["Wild Strike","Offering"],"picked":"Anger","floor":46},{"not_picked":["Hemokinesis+1","Wild Strike"],"picked":"Twin Strike+1","floor":48}],"player_experience":42623,"relics_obtained":[{"floor":6,"key":"Bird Faced Urn"},{"floor":9,"key":"Girya"},{"floor":10,"key":"Odd Mushroom"},{"floor":13,"key":"Bottled Tornado"},{"floor":14,"key":"Omamori"},{"floor":24,"key":"Whetstone"},{"floor":25,"key":"Red Mask"},{"floor":26,"key":"Centennial Puzzle"},{"floor":40,"key":"Dodecahedron"},{"floor":43,"key":"Ancient Tea Set"},{"floor":46,"key":"Gremlin Horn"}],"event_choices":[{"damage_healed":0,"gold_gain":0,"player_choice":"Donut","damage_taken":0,"max_hp_gain":5,"max_hp_loss":0,"event_name":"Big Fish","floor":2,"gold_loss":0},{"damage_healed":0,"gold_gain":0,"player_choice":"Leave","damage_taken":0,"max_hp_gain":0,"max_hp_loss":0,"event_name":"The Cleric","floor":4,"gold_loss":0},{"damage_healed":0,"gold_gain":0,"player_choice":"Take Wound","damage_taken":0,"relics_obtained":["Golden Idol"],"max_hp_gain":0,"max_hp_loss":0,"event_name":"Golden Idol","floor":7,"gold_loss":0,"cards_obtained":["Injury"]},{"damage_healed":0,"gold_gain":0,"player_choice":"Fought Mushrooms","damage_taken":0,"max_hp_gain":0,"max_hp_loss":0,"event_name":"Mushrooms","floor":10,"gold_loss":0},{"damage_healed":0,"gold_gain":30,"player_choice":"Searched \u00273\u0027 times","damage_taken":0,"max_hp_gain":0,"max_hp_loss":0,"event_name":"Dead Adventurer","floor":14,"gold_loss":0},{"damage_healed":0,"gold_gain":0,"player_choice":"Joined the Cult","damage_taken":6,"max_hp_gain":0,"max_hp_loss":0,"event_name":"Nest","floor":19,"gold_loss":0,"cards_obtained":["RitualDagger"]},{"damage_healed":0,"gold_gain":0,"player_choice":"Fought Bandits","damage_taken":0,"max_hp_gain":0,"max_hp_loss":0,"event_name":"Masked Bandits","floor":25,"gold_loss":0},{"damage_healed":0,"gold_gain":0,"player_choice":"Embrace Madness","damage_taken":11,"max_hp_gain":0,"max_hp_loss":0,"event_name":"Winding Halls","floor":38,"gold_loss":0,"cards_obtained":["Madness","Madness"]},{"damage_healed":0,"gold_gain":0,"player_choice":"Memory 1","damage_taken":0,"max_hp_gain":0,"max_hp_loss":0,"event_name":"SensoryStone","floor":41,"gold_loss":0},{"cards_removed":["Thunderclap"],"damage_healed":0,"gold_gain":0,"player_choice":"Removed Attack","damage_taken":0,"max_hp_gain":0,"max_hp_loss":0,"event_name":"Falling","floor":45,"gold_loss":0},{"damage_healed":0,"gold_gain":222,"player_choice":"Wore Mask","damage_taken":0,"max_hp_gain":0,"max_hp_loss":0,"event_name":"Tomb of Lord Red Mask","floor":47,"gold_loss":0}],"is_beta":false,"boss_relics":[{"not_picked":["Fusion Hammer","Sozu"],"picked":"Velvet Choker"},{"not_picked":["Philosopher\u0027s Stone","Empty Cage"],"picked":"Black Blood"}],"items_purged_floors":[22],"is_endless":false,"potions_floor_spawned":[5,10,12,13,16,18,20,21,28,30,33,35,37,40],"killed_by":"Donu and Deca","ascension_level":0}