{"gold_per_floor":[116,126,126,142,156,156,171,198,198,225,300,300,575,592,592,592],"floor_reached":16,"playtime":787,"items_purged":[],"score":118,"play_id":"56e61eea-4b8b-4613-b99f-9fb1406ebfb8","local_time":"20190213124204","is_ascension_mode":true,"campfire_choices":[{"data":"Bash","floor":6.0,"key":"SMITH"},{"floor":12,"key":"REST"},{"data":"Feel No Pain","floor":15,"key":"SMITH"}],"neow_cost":"TEN_PERCENT_HP_LOSS","seed_source_timestamp":144610756465120,"circlet_count":0,"master_deck":["Strike_R","Strike_R","Strike_R","Strike_R","Strike_R","Defend_R","Defend_R","Defend_R","Defend_R","Bash+1","True Grit","Second Wind","Evolve","Dark Embrace","Feel No Pain+1","Sentinel"],"special_seed":0,"relics":["Burning Blood","Omamori","Molten Egg 2","Bird Faced Urn"],"potions_floor_usage":[10],"damage_taken":[{"damage":0.0,"enemies":"2 Louse","floor":1.0,"turns":3.0},{"damage":6.0,"enemies":"Cultist","floor":2.0,"turns":3.0},{"damage":0.0,"enemies":"Small Slimes","floor":4.0,"turns":5.0},{"damage":4.0,"enemies":"Red Slaver","floor":5.0,"turns":5.0},{"damage":22.0,"enemies":"Large Slime","floor":7.0,"turns":7.0},{"damage":24.0,"enemies":"3 Sentries","floor":8.0,"turns":11.0},{"damage":45,"enemies":"Gremlin Nob","floor":10,"turns":6},{"damage":5,"enemies":"2 Fungi Beasts","floor":14,"turns":7},{"damage":48,"enemies":"The Guardian","floor":16,"turns":11}],"seed_played":"4928859470848527367","potions_obtained":[{"floor":5.0,"key":"EssenceOfSteel"},{"floor":7.0,"key":"Regen Potion"},{"floor":8.0,"key":"Weak Potion"}],"is_trial":false,"path_per_floor":["M","M","?","M","M","R","M","E","T","E","?","R","?","M","R","B"],"character_chosen":"IRONCLAD","items_purchased":[],"campfire_rested":1,"item_purchase_floors":[],"current_hp_per_floor":[72,72,82,82,82,82,66,63,63,24,13,37,37,44,44,0],"gold":592,"neow_bonus":"THREE_RARE_CARDS","is_prod":false,"is_daily":false,"chose_seed":false,"campfire_upgraded":2,"win_rate":0,"timestamp":1550058124,"path_taken":["M","M","?","M","?","R","M","E","T","E","?","R","?","M","R","BOSS"],"build_version":"2019-01-23","purchased_purges":0,"victory":false,"max_hp_per_floor":[72,72,82,82,82,82,82,82,82,82,82,82,82,82,82,82],"card_choices":[{"not_picked":["Dark Embrace","Reaper"],"picked":"Double Tap","floor":0.0},{"not_picked":["Headbutt","Body Slam"],"picked":"True Grit","floor":1.0},{"not_picked":["Burning Pact","Infernal Blade"],"picked":"Second Wind","floor":2.0},{"not_picked":["Dual Wield","Cleave"],"picked":"Evolve","floor":4.0},{"not_picked":["Perfected Strike","Clash","Pommel Strike"],"picked":"SKIP","floor":5.0},{"not_picked":["Iron Wave","Anger"],"picked":"Dark Embrace","floor":7.0},{"not_picked":["Heavy Blade","Havoc","Thunderclap"],"picked":"SKIP","floor":8.0},{"not_picked":["Seeing Red","Body Slam+1"],"picked":"Feel No Pain","floor":10},{"not_picked":["Pommel Strike+1","Warcry"],"picked":"Sentinel","floor":14}],"player_experience":1063224,"relics_obtained":[{"floor":8.0,"key":"Omamori"},{"floor":9.0,"key":"Molten Egg 2"},{"floor":10,"key":"Bird Faced Urn"}],"event_choices":[{"cards_removed":["Double Tap"],"damage_healed":0.0,"max_hp_gain":10.0,"max_hp_loss":0.0,"gold_gain":0.0,"event_name":"Bonfire Elementals","player_choice":"Offered Rare","floor":3.0,"gold_loss":0.0,"damage_taken":0.0},{"damage_healed":0,"gold_gain":75,"player_choice":"Gather Gold","damage_taken":11,"max_hp_gain":0,"max_hp_loss":0,"event_name":"World of Goop","floor":11,"gold_loss":0},{"damage_healed":0,"gold_gain":275,"player_choice":"Desecrate","damage_taken":0,"max_hp_gain":0,"max_hp_loss":0,"event_name":"Golden Shrine","floor":13,"gold_loss":0,"cards_obtained":["Regret"]}],"is_beta":false,"boss_relics":[],"items_purged_floors":[],"is_endless":false,"potions_floor_spawned":[5,7,8],"killed_by":"The Guardian","ascension_level":1}