{"gold_per_floor":[110,35,35,53,53,84,84,97,97,97,130,149,184,196,196,292,292,302,302,302,94,94,94,129,129,153,181,145,145,175,191,191,291,291,308,308,232,232],"floor_reached":38,"playtime":1382,"items_purged":[],"score":601,"play_id":"092496af-3e2d-48f9-970b-14f8bf3b3084","local_time":"20190302152209","is_ascension_mode":true,"campfire_choices":[{"data":"Zap","floor":7,"key":"SMITH"},{"data":"Gash","floor":10,"key":"SMITH"},{"floor":15,"key":"REST"},{"data":"Static Discharge","floor":23,"key":"SMITH"},{"data":"Loop","floor":25,"key":"SMITH"},{"data":"Defragment","floor":29,"key":"SMITH"},{"floor":32,"key":"REST"}],"neow_cost":"NONE","seed_source_timestamp":60460437764483,"circlet_count":0,"master_deck":["Strike_B+1","Strike_B+1","Strike_B+1","Strike_B+1","Defend_B+1","Defend_B+1","Defend_B+1","Defend_B+1","Zap+1","Dualcast","Self Repair","Sweeping Beam","Gash+1","Static Discharge+1","Doom and Gloom","Electrodynamics","Echo Form","Loop+1","Skim","Defragment+1","Thunder Strike","Madness","Madness","Melter"],"relics":["Cracked Core","NeowsBlessing","Pear","Pen Nib","Blood Vial","Bronze Scales","Bottled Flame","Nuclear Battery","ClockworkSouvenir","Torii","Symbiotic Virus","PreservedInsect","Sundial","Red Mask"],"potions_floor_usage":[11,16,24,33,33,33,33],"damage_taken":[{"damage":0,"enemies":"Jaw Worm","floor":1,"turns":1},{"damage":0,"enemies":"2 Louse","floor":4,"turns":1},{"damage":0,"enemies":"Lagavulin","floor":6,"turns":1},{"damage":6,"enemies":"Cultist","floor":8,"turns":3},{"damage":5,"enemies":"Gremlin Nob","floor":11,"turns":3},{"damage":11,"enemies":"2 Fungi Beasts","floor":12,"turns":3},{"damage":30,"enemies":"3 Sentries","floor":13,"turns":4},{"damage":12,"enemies":"Looter","floor":14,"turns":2},{"damage":0,"enemies":"Slime Boss","floor":16,"turns":4},{"damage":26,"enemies":"Shell Parasite","floor":18,"turns":4},{"damage":4,"enemies":"Book of Stabbing","floor":24,"turns":3},{"damage":28,"enemies":"Slavers","floor":27,"turns":3},{"damage":31,"enemies":"Masked Bandits","floor":30,"turns":4},{"damage":11,"enemies":"Spheric Guardian","floor":31,"turns":3},{"damage":32,"enemies":"Champ","floor":33,"turns":7},{"damage":33,"enemies":"3 Darklings","floor":35,"turns":2},{"damage":62,"enemies":"2 Orb Walkers","floor":38,"turns":3}],"seed_played":"7731279068486942385","potions_obtained":[{"floor":5,"key":"Dexterity Potion"},{"floor":5,"key":"PowerPotion"},{"floor":5,"key":"SmokeBomb"},{"floor":6,"key":"AttackPotion"},{"floor":11,"key":"Weak Potion"},{"floor":16,"key":"EntropicBrew"},{"floor":27,"key":"SmokeBomb"},{"floor":30,"key":"EssenceOfSteel"},{"floor":33,"key":"FearPotion"}],"is_trial":false,"path_per_floor":["M","$","?","M","?","E","R","M","T","R","E","M","E","M","R","B",null,"M","?","?","$","?","R","E","R","T","E","$","R","?","M","R","B",null,"M","?","$","?"],"character_chosen":"DEFECT","items_purchased":["Self Repair","ClockworkSouvenir","Defragment","Melter"],"campfire_rested":2,"item_purchase_floors":[2,21,28,37],"current_hp_per_floor":[75,75,60,60,60,60,60,61,61,61,65,63,42,32,57,59,85,66,66,66,66,66,66,78,78,78,59,59,59,37,28,53,30,85,52,41,41,0],"gold":232,"neow_bonus":"THREE_ENEMY_KILL","is_prod":false,"is_daily":false,"chose_seed":false,"campfire_upgraded":5,"win_rate":0,"timestamp":1551500529,"path_taken":["M","$","?","M","?","E","R","?","T","R","E","M","E","M","R","BOSS","M","?","?","$","?","R","E","R","T","E","$","R","?","M","R","BOSS","M","?","$","?"],"build_version":"2019-01-23","purchased_purges":0,"victory":false,"max_hp_per_floor":[75,75,85,85,85,85,85,85,85,85,85,85,85,85,85,85,85,85,85,85,85,85,85,85,85,85,85,85,85,85,85,85,85,85,85,85,85,85],"card_choices":[{"not_picked":["Streamline","Redo","Chill"],"picked":"SKIP","floor":1},{"not_picked":["Undo","Barrage"],"picked":"Sweeping Beam","floor":4},{"not_picked":["Lockon","Storm","FTL"],"picked":"SKIP","floor":6},{"not_picked":["Sweeping Beam","Conserve Battery"],"picked":"Gash","floor":8},{"not_picked":["Meteor Strike","Streamline"],"picked":"Static Discharge","floor":11},{"not_picked":["Blizzard","Gash","Beam Cell"],"picked":"SKIP","floor":12},{"not_picked":["Gash","Steam"],"picked":"Doom and Gloom","floor":13},{"not_picked":["Go for the Eyes","Stack"],"picked":"Electrodynamics","floor":14},{"not_picked":["Thunder Strike","Biased Cognition"],"picked":"Echo Form","floor":16},{"not_picked":["Rebound","Gash"],"picked":"Loop","floor":18},{"not_picked":["Darkness","Gash"],"picked":"Skim","floor":24},{"not_picked":["Storm","Go for the Eyes","Loop"],"picked":"SKIP","floor":27},{"not_picked":["Compile Driver","Go for the Eyes+1","Coolheaded"],"picked":"SKIP","floor":31},{"not_picked":["Machine Learning","Reboot"],"picked":"Thunder Strike","floor":33},{"not_picked":["Steam Power","Compile Driver+1","Leap+1"],"picked":"SKIP","floor":35}],"player_experience":209166,"relics_obtained":[{"floor":6,"key":"Pen Nib"},{"floor":9,"key":"Blood Vial"},{"floor":11,"key":"Bronze Scales"},{"floor":13,"key":"Bottled Flame"},{"floor":24,"key":"Symbiotic Virus"},{"floor":26,"key":"PreservedInsect"},{"floor":27,"key":"Sundial"},{"floor":30,"key":"Red Mask"}],"event_choices":[{"damage_healed":0,"gold_gain":0,"player_choice":"Success","damage_taken":25,"relics_obtained":["Pear"],"max_hp_gain":0,"max_hp_loss":0,"event_name":"Scrap Ooze","floor":3,"gold_loss":0},{"damage_healed":0,"gold_gain":0,"player_choice":"Got Potions","damage_taken":0,"max_hp_gain":0,"max_hp_loss":0,"event_name":"Lab","floor":5,"gold_loss":0},{"damage_healed":0,"gold_gain":0,"player_choice":"Simplicity","damage_taken":0,"max_hp_gain":0,"max_hp_loss":0,"event_name":"Back to Basics","floor":19,"gold_loss":0,"cards_upgraded":["Strike_B","Strike_B","Strike_B","Strike_B","Defend_B","Defend_B","Defend_B","Defend_B"]},{"damage_healed":0,"gold_gain":0,"player_choice":"Ignored","damage_taken":0,"max_hp_gain":0,"max_hp_loss":0,"event_name":"Ghosts","floor":20,"gold_loss":0},{"damage_healed":0,"gold_gain":0,"player_choice":"Opened","damage_taken":0,"relics_obtained":["Torii"],"max_hp_gain":0,"max_hp_loss":0,"event_name":"The Mausoleum","floor":22,"gold_loss":0},{"damage_healed":0,"gold_gain":0,"player_choice":"Fought Bandits","damage_taken":0,"max_hp_gain":0,"max_hp_loss":0,"event_name":"Masked Bandits","floor":30,"gold_loss":0},{"damage_healed":0,"gold_gain":0,"player_choice":"Embrace Madness","damage_taken":11,"max_hp_gain":0,"max_hp_loss":0,"event_name":"Winding Halls","floor":36,"gold_loss":0,"cards_obtained":["Madness","Madness"]},{"damage_healed":0,"gold_gain":0,"player_choice":"Fight","damage_taken":0,"max_hp_gain":0,"max_hp_loss":0,"event_name":"Mysterious Sphere","floor":38,"gold_loss":0}],"is_beta":false,"boss_relics":[{"not_picked":["Coffee Dripper","Runic Dome"],"picked":"Nuclear Battery"},{"not_picked":["Calling Bell","Velvet Choker","Philosopher\u0027s Stone"]}],"items_purged_floors":[],"is_endless":false,"potions_floor_spawned":[6,8,11,12,16,27,30,33],"killed_by":"2 Orb Walkers","ascension_level":4}