{"gold_per_floor":[117,117,117,117,137,164,196,196,196,207,207,220,245,274,274,378,378,397,415,426,426,439,464,481,495,518,543,543,562,34,51,51,51],"floor_reached":33,"playtime":2199,"items_purged":[],"score":314,"play_id":"1a58929f-8896-465d-96b0-cf238104d089","local_time":"20190112162345","is_ascension_mode":false,"campfire_choices":[{"floor":8,"key":"REST"},{"data":"Perfected Strike","floor":11,"key":"SMITH"},{"data":"Perfected Strike","floor":15,"key":"SMITH"},{"floor":28,"key":"REST"},{"data":"Demon Form","floor":32,"key":"SMITH"}],"neow_cost":"NONE","seed_source_timestamp":160709193192290,"circlet_count":0,"master_deck":["Strike_R","Strike_R","Strike_R","Strike_R","Strike_R","Defend_R","Defend_R","Defend_R+1","Defend_R","Bash+1","Perfected Strike+1","Twin Strike","Clothesline","Flame Barrier","Carnage","Pummel","Perfected Strike+1","Double Tap+1","Clash","Infernal Blade+1","Twin Strike","Demon Form+1","Sword Boomerang","Feel No Pain","Infernal Blade+1","Spot Weakness+1","Carnage+1","Secret Weapon+1","Reaper","Flash of Steel","Armaments+1","Inflame"],"relics":["Burning Blood","WingedGreaves","Darkstone Periapt","Meat on the Bone","Boot","Toxic Egg 2","Runic Cube","Strawberry","Blood Vial","Red Mask"],"potions_floor_usage":[6,7,16,23,23,23,33,33,33],"damage_taken":[{"damage":5,"enemies":"Cultist","floor":1,"turns":4},{"damage":6,"enemies":"2 Louse","floor":5,"turns":2},{"damage":36,"enemies":"Lagavulin","floor":6,"turns":6},{"damage":21,"enemies":"3 Sentries","floor":7,"turns":8},{"damage":8,"enemies":"Jaw Worm","floor":10,"turns":2},{"damage":10,"enemies":"Looter","floor":12,"turns":2},{"damage":19,"enemies":"Gremlin Nob","floor":14,"turns":4},{"damage":62,"enemies":"Hexaghost","floor":16,"turns":11},{"damage":0,"enemies":"Spheric Guardian","floor":18,"turns":1},{"damage":30,"enemies":"2 Thieves","floor":19,"turns":3},{"damage":25,"enemies":"Centurion and Healer","floor":20,"turns":5},{"damage":20,"enemies":"Snake Plant","floor":22,"turns":3},{"damage":22,"enemies":"Book of Stabbing","floor":23,"turns":3},{"damage":11,"enemies":"Shelled Parasite and Fungi","floor":24,"turns":3},{"damage":26,"enemies":"Cultist and Chosen","floor":25,"turns":5},{"damage":37,"enemies":"Masked Bandits","floor":27,"turns":4},{"damage":15,"enemies":"Centurion and Healer","floor":29,"turns":4},{"damage":23,"enemies":"Snecko","floor":31,"turns":4},{"damage":96,"enemies":"Automaton","floor":33,"turns":6}],"seed_played":"768489280539801097","potions_obtained":[{"floor":1,"key":"SteroidPotion"},{"floor":6,"key":"GamblersBrew"},{"floor":10,"key":"Dexterity Potion"},{"floor":14,"key":"Regen Potion"},{"floor":16,"key":"FearPotion"},{"floor":19,"key":"Energy Potion"},{"floor":22,"key":"Fire Potion"},{"floor":27,"key":"LiquidBronze"},{"floor":29,"key":"LiquidBronze"}],"is_trial":false,"path_per_floor":["M","?","?","?","M","E","E","R","T","M","R","M","T","E","R","B",null,"M","M","M","?","M","E","M","M","T","?","R","M","$","M","R","B"],"character_chosen":"IRONCLAD","items_purchased":["Secret Weapon+1","Reaper","Ancient Potion","Flash of Steel","Armaments+1"],"campfire_rested":2,"item_purchase_floors":[30,30,30,30,30],"current_hp_per_floor":[88,88,70,70,70,40,25,51,51,61,61,57,57,56,56,27,88,88,64,57,40,38,41,48,40,40,23,53,58,58,67,67,0],"gold":51,"neow_bonus":"TEN_PERCENT_HP_BONUS","is_prod":false,"is_daily":false,"chose_seed":false,"campfire_upgraded":3,"win_rate":0.0,"timestamp":1547270625,"path_taken":["M","?","?","?","M","E","E","R","T","M","R","M","?","E","R","BOSS","M","?","M","?","M","E","M","M","T","?","R","M","$","M","R","BOSS"],"build_version":"2019-01-10","purchased_purges":0,"victory":false,"max_hp_per_floor":[88,88,88,88,88,88,88,88,88,88,88,88,88,88,88,88,88,88,88,88,93,93,100,100,100,100,100,100,100,100,100,100,100],"card_choices":[{"not_picked":["Combust","Rupture"],"picked":"Perfected Strike","floor":1},{"not_picked":["Searing Blow","Power Through"],"picked":"Twin Strike","floor":5},{"not_picked":["Combust","Heavy Blade"],"picked":"Clothesline","floor":6},{"not_picked":["Inflame","True Grit"],"picked":"Flame Barrier","floor":7},{"not_picked":["Power Through","Reckless Charge"],"picked":"Carnage","floor":10},{"not_picked":["Fire Breathing","Cleave"],"picked":"Pummel","floor":12},{"not_picked":["Intimidate","Carnage"],"picked":"Perfected Strike","floor":14},{"not_picked":["Reaper","Bludgeon"],"picked":"Double Tap+1","floor":16},{"not_picked":["Inflame","Clothesline+1"],"picked":"Clash","floor":18},{"not_picked":["Feel No Pain+1","Armaments+1"],"picked":"Infernal Blade+1","floor":19},{"not_picked":["Combust","Thunderclap+1"],"picked":"Twin Strike","floor":20},{"not_picked":["Fire Breathing","Rampage"],"picked":"Demon Form","floor":22},{"not_picked":["Armaments+1","Hemokinesis+1"],"picked":"Sword Boomerang","floor":23},{"not_picked":["Thunderclap","Sword Boomerang"],"picked":"Feel No Pain","floor":24},{"not_picked":["Ghostly Armor+1","Twin Strike+1"],"picked":"Infernal Blade+1","floor":25},{"not_picked":["Iron Wave+1","Reaper"],"picked":"Spot Weakness+1","floor":27},{"not_picked":["Entrench+1","Body Slam+1"],"picked":"Carnage+1","floor":29},{"not_picked":["Clash","Corruption"],"picked":"Inflame","floor":31}],"player_experience":13413,"relics_obtained":[{"floor":6,"key":"WingedGreaves"},{"floor":7,"key":"Darkstone Periapt"},{"floor":9,"key":"Meat on the Bone"},{"floor":13,"key":"Boot"},{"floor":14,"key":"Toxic Egg 2"},{"floor":23,"key":"Strawberry"},{"floor":26,"key":"Blood Vial"},{"floor":27,"key":"Red Mask"}],"event_choices":[{"damage_healed":0,"gold_gain":0,"player_choice":"Leave","damage_taken":0,"max_hp_gain":0,"max_hp_loss":0,"event_name":"The Cleric","floor":2,"gold_loss":0},{"damage_healed":0,"gold_gain":0,"player_choice":"Entered Light","damage_taken":18,"max_hp_gain":0,"max_hp_loss":0,"event_name":"Shining Light","floor":3,"gold_loss":0,"cards_upgraded":["Defend_R","Bash"]},{"damage_healed":0,"gold_gain":0,"player_choice":"Ignored","damage_taken":0,"max_hp_gain":0,"max_hp_loss":0,"event_name":"Liars Game","floor":4,"gold_loss":0},{"damage_healed":0,"gold_gain":0,"player_choice":"Shed Blood","damage_taken":22,"max_hp_gain":5,"max_hp_loss":0,"event_name":"Forgotten Altar","floor":21,"gold_loss":0},{"damage_healed":0,"gold_gain":0,"player_choice":"Fought Bandits","damage_taken":0,"max_hp_gain":0,"max_hp_loss":0,"event_name":"Masked Bandits","floor":27,"gold_loss":0}],"is_beta":false,"boss_relics":[{"not_picked":["Sozu","Snecko Eye"],"picked":"Runic Cube"}],"items_purged_floors":[],"is_endless":false,"potions_floor_spawned":[1,6,10,14,16,19,20,22,27,29],"killed_by":"Automaton","ascension_level":0}