{"gold_per_floor":[10,21,38,3,20,20,20,20,20,55,55,76,110,110,110,204,204,229,245,245,64,64,64,107,107,132,132],"floor_reached":27,"playtime":789,"items_purged":[],"score":442,"play_id":"f908b1f1-760c-47ec-bd07-bff1b2e62e8a","local_time":"20180920015241","is_ascension_mode":true,"campfire_choices":[{"data":"Zap","floor":6,"key":"SMITH"},{"data":"Redo","floor":8,"key":"SMITH"},{"data":"Scrape","floor":11,"key":"SMITH"},{"floor":15,"key":"REST"},{"floor":23,"key":"REST"},{"floor":25,"key":"REST"}],"neow_cost":"NO_GOLD","seed_source_timestamp":194509503896001,"circlet_count":0,"master_deck":["Strike_B","Strike_B+1","Strike_B","Strike_B","Defend_B","Defend_B","Defend_B","Zap+1","Dualcast","AscendersBane","Lockon","Redo+1","Scrape+1","Beam Cell+1","Buffer","Steam Power","Electrodynamics","Tempest+1","Go for the Eyes","Glacier"],"relics":["Cracked Core","Golden Idol","Kunai","Shuriken","Letter Opener","Inserter","DataDisk","Peace Pipe","Whetstone"],"potions_floor_usage":[13,16,19,27],"damage_taken":[{"damage":1,"enemies":"Cultist","floor":1,"turns":3},{"damage":5,"enemies":"2 Louse","floor":2,"turns":2},{"damage":7,"enemies":"Jaw Worm","floor":3,"turns":4},{"damage":5,"enemies":"2 Fungi Beasts","floor":5,"turns":4},{"damage":26,"enemies":"Lagavulin","floor":10,"turns":6},{"damage":15,"enemies":"3 Louse","floor":12,"turns":3},{"damage":24,"enemies":"3 Sentries","floor":13,"turns":6},{"damage":12,"enemies":"Slime Boss","floor":16,"turns":7},{"damage":25,"enemies":"Shell Parasite","floor":18,"turns":5},{"damage":18,"enemies":"3 Byrds","floor":19,"turns":3},{"damage":18,"enemies":"Gremlin Leader","floor":24,"turns":4},{"damage":22,"enemies":"Colosseum Slavers","floor":27,"turns":3},{"damage":35,"enemies":"Colosseum Nobs","floor":27,"turns":3}],"seed_played":"7912531487788781987","potions_obtained":[{"floor":1,"key":"Energy Potion"},{"floor":13,"key":"FocusPotion"},{"floor":16,"key":"SteroidPotion"},{"floor":18,"key":"Fire Potion"}],"is_trial":false,"path_per_floor":["M","M","M","?","M","R","?","R","T","E","R","M","E","?","R","B",null,"M","M","?","$","?","R","E","R","T"],"character_chosen":"DEFECT","items_purchased":["DataDisk"],"campfire_rested":3,"item_purchase_floors":[21],"current_hp_per_floor":[77,72,65,85,80,80,77,77,77,51,51,36,12,12,35,23,64,39,21,21,21,21,44,26,49,49,0],"gold":132,"neow_bonus":"TWENTY_PERCENT_HP_BONUS","is_prod":false,"is_daily":false,"chose_seed":false,"campfire_upgraded":3,"win_rate":0,"timestamp":1537401161,"path_taken":["M","?","M","?","M","R","?","R","T","E","R","M","E","?","R","BOSS","M","?","?","$","?","R","E","R","T","?"],"build_version":"2018-09-06","purchased_purges":0,"victory":false,"max_hp_per_floor":[85,85,85,85,85,85,77,77,77,77,77,77,77,77,77,77,77,77,77,77,77,77,77,77,77,77,77],"card_choices":[{"not_picked":["Redo","Streamline"],"picked":"Lockon","floor":1},{"not_picked":["Steam Power","Static Discharge"],"picked":"Redo","floor":2},{"not_picked":["Sweeping Beam","Cold Snap"],"picked":"Scrape","floor":3},{"not_picked":["Recycle","Static Discharge"],"picked":"Beam Cell","floor":5},{"not_picked":["Streamline","Leap","Conserve Battery"],"picked":"SKIP","floor":10},{"not_picked":["Stack","Genetic Algorithm"],"picked":"Buffer","floor":12},{"not_picked":["Turbo","Redo","Reinforced Body"],"picked":"SKIP","floor":13},{"not_picked":["Core Surge","Rainbow"],"picked":"Electrodynamics","floor":16},{"not_picked":["Redo","Doom and Gloom"],"picked":"Tempest+1","floor":18},{"not_picked":["Stack","Steam"],"picked":"Go for the Eyes","floor":19},{"not_picked":["Static Discharge","Melter"],"picked":"Glacier","floor":24}],"player_experience":750382,"relics_obtained":[{"floor":9,"key":"Kunai"},{"floor":10,"key":"Shuriken"},{"floor":13,"key":"Letter Opener"},{"floor":24,"key":"Peace Pipe"},{"floor":26,"key":"Whetstone"}],"event_choices":[{"event_name":"The Cleric","player_choice":"Healed","floor":4,"damage_taken":0},{"event_name":"Golden Idol","player_choice":"Lose Max HP","floor":7,"damage_taken":0},{"event_name":"Transmorgrifier","player_choice":"Transform","floor":14,"damage_taken":0},{"event_name":"Cursed Tome","player_choice":"Ignored","floor":20,"damage_taken":0},{"event_name":"Beggar","player_choice":"Ignored","floor":22,"damage_taken":0},{"event_name":"Colosseum","player_choice":"Fight","floor":27,"damage_taken":0},{"event_name":"Colosseum","player_choice":"Fought Nobs","floor":27,"damage_taken":0}],"is_beta":false,"boss_relics":[{"not_picked":["Snecko Eye","Cursed Key"],"picked":"Inserter"}],"items_purged_floors":[],"is_endless":false,"potions_floor_spawned":[1,13,16,18],"killed_by":"Colosseum Nobs","ascension_level":17}