{"gold_per_floor":[116,116,136,149,164,197,6,38,38,38,49,83,83,94,94,190,190,203,221,236,511,157,157,184,184,262,293,313,324,324,324,324,324],"floor_reached":33,"playtime":1637,"items_purged":[],"score":378,"play_id":"d2a63b67-193f-435a-80fa-494df2eee735","local_time":"20190209125026","is_ascension_mode":true,"campfire_choices":[{"floor":10,"key":"REST"},{"floor":13,"key":"REST"},{"floor":15,"key":"REST"},{"data":"Spot Weakness","floor":23,"key":"SMITH"},{"floor":25,"key":"REST"},{"floor":32,"key":"REST"}],"neow_cost":"NONE","seed_source_timestamp":237720089183429,"circlet_count":0,"master_deck":["Strike_R+1","Strike_R","Strike_R","Strike_R","Strike_R","Defend_R","Defend_R","Defend_R","Defend_R","Bash+1","Flex","Spot Weakness+1","Pummel","Iron Wave","Inflame","Immolate","Pummel","Pummel","Rampage"],"relics":["Burning Blood","Lantern","Boot","Strawberry","Omamori","Whetstone","Pear","White Beast Statue","Lee\u0027s Waffle","Bronze Scales","Potion Belt","Darkstone Periapt","Mummified Hand"],"potions_floor_usage":[8,8,18,19,27,33,33,33,33],"damage_taken":[{"damage":7,"enemies":"Jaw Worm","floor":1,"turns":2},{"damage":6,"enemies":"Cultist","floor":3,"turns":3},{"damage":0,"enemies":"2 Louse","floor":4,"turns":2},{"damage":12,"enemies":"Looter","floor":5,"turns":3},{"damage":60,"enemies":"Gremlin Nob","floor":6,"turns":6},{"damage":15,"enemies":"3 Sentries","floor":8,"turns":5},{"damage":0,"enemies":"Exordium Wildlife","floor":11,"turns":2},{"damage":42,"enemies":"Lagavulin","floor":12,"turns":7},{"damage":26,"enemies":"Exordium Thugs","floor":14,"turns":3},{"damage":54,"enemies":"Hexaghost","floor":16,"turns":9},{"damage":11,"enemies":"Spheric Guardian","floor":18,"turns":3},{"damage":0,"enemies":"3 Byrds","floor":19,"turns":2},{"damage":35,"enemies":"Snake Plant","floor":20,"turns":4},{"damage":67,"enemies":"Book of Stabbing","floor":24,"turns":5},{"damage":49,"enemies":"Gremlin Leader","floor":27,"turns":4},{"damage":19,"enemies":"Centurion and Healer","floor":28,"turns":4},{"damage":14,"enemies":"Cultist and Chosen","floor":29,"turns":4},{"damage":16,"enemies":"Colosseum Slavers","floor":30,"turns":3},{"damage":54,"enemies":"Collector","floor":33,"turns":3}],"seed_played":"4307650053834399230","potions_obtained":[{"floor":1,"key":"Poison Potion"},{"floor":3,"key":"Explosive Potion"},{"floor":4,"key":"Strength Potion"},{"floor":11,"key":"LiquidBronze"},{"floor":14,"key":"Fire Potion"},{"floor":18,"key":"Poison Potion"},{"floor":19,"key":"Strength Potion"},{"floor":24,"key":"Block Potion"},{"floor":27,"key":"Swift Potion"},{"floor":28,"key":"SkillPotion"},{"floor":29,"key":"FairyPotion"}],"is_trial":false,"path_per_floor":["M","?","M","M","M","E","$","E","T","R","M","E","R","M","R","B",null,"M","M","M","?","$","R","E","R","T","E","M","M","?","?","R","B"],"character_chosen":"IRONCLAD","items_purchased":["Strawberry","Pummel","Lee\u0027s Waffle","Bronze Scales"],"campfire_rested":5,"item_purchase_floors":[7,7,22,22],"current_hp_per_floor":[79,79,79,80,74,20,27,18,18,44,50,24,53,33,62,14,97,92,97,68,68,104,104,43,74,74,31,18,10,13,13,44,0],"gold":324,"neow_bonus":"RANDOM_COMMON_RELIC","is_prod":false,"is_daily":false,"chose_seed":false,"campfire_upgraded":1,"win_rate":0,"timestamp":1549677026,"path_taken":["M","?","M","M","M","E","$","E","T","R","M","E","R","?","R","BOSS","M","M","M","?","$","R","E","R","T","E","?","M","?","?","R","BOSS"],"build_version":"2019-01-23","purchased_purges":0,"victory":false,"max_hp_per_floor":[80,80,80,80,80,80,87,87,87,87,87,97,97,97,97,97,97,97,97,97,97,104,104,104,104,104,104,104,104,104,104,104,104],"card_choices":[{"not_picked":["Fire Breathing","Anger","Ghostly Armor"],"picked":"SKIP","floor":1},{"not_picked":["Anger","Warcry"],"picked":"Flex","floor":3},{"not_picked":["Pummel","Headbutt"],"picked":"Spot Weakness","floor":4},{"not_picked":["Seeing Red","Burning Pact","Headbutt"],"picked":"SKIP","floor":5},{"not_picked":["Armaments","Fire Breathing","Second Wind"],"picked":"SKIP","floor":6},{"not_picked":["Clash","Disarm"],"picked":"Iron Wave","floor":8},{"not_picked":["True Grit","Headbutt","Shockwave"],"picked":"SKIP","floor":11},{"not_picked":["Anger","Ghostly Armor","True Grit"],"picked":"SKIP","floor":12},{"not_picked":["Metallicize","Flex"],"picked":"Inflame","floor":14},{"not_picked":["Offering","Double Tap"],"picked":"Immolate","floor":16},{"not_picked":["Twin Strike","Pommel Strike"],"picked":"Pummel","floor":18},{"not_picked":["Armaments","Seeing Red+1","Anger"],"picked":"SKIP","floor":19},{"not_picked":["Sword Boomerang","Warcry"],"picked":"Pummel","floor":20},{"not_picked":["Wild Strike+1","Heavy Blade","Exhume"],"picked":"SKIP","floor":24},{"not_picked":["Clash","Perfected Strike"],"picked":"Rampage","floor":27},{"not_picked":["Sword Boomerang","Ghostly Armor","Perfected Strike"],"picked":"SKIP","floor":28},{"not_picked":["Sentinel+1","Havoc","Perfected Strike"],"picked":"SKIP","floor":29}],"player_experience":168358,"relics_obtained":[{"floor":6,"key":"Boot"},{"floor":8,"key":"Omamori"},{"floor":9,"key":"Whetstone"},{"floor":12,"key":"Pear"},{"floor":24,"key":"Potion Belt"},{"floor":26,"key":"Darkstone Periapt"},{"floor":27,"key":"Mummified Hand"}],"event_choices":[{"damage_healed":0,"gold_gain":0,"player_choice":"Bought 0 Potions","damage_taken":0,"max_hp_gain":0,"max_hp_loss":0,"event_name":"The Woman in Blue","floor":2,"gold_loss":0},{"damage_healed":0,"gold_gain":275,"player_choice":"Desecrate","damage_taken":0,"max_hp_gain":0,"max_hp_loss":0,"event_name":"Golden Shrine","floor":21,"gold_loss":0,"cards_obtained":["Regret"]},{"damage_healed":0,"gold_gain":0,"player_choice":"Fight","damage_taken":0,"max_hp_gain":0,"max_hp_loss":0,"event_name":"Colosseum","floor":30,"gold_loss":0},{"damage_healed":0,"gold_gain":0,"player_choice":"Fled From Nobs","damage_taken":0,"max_hp_gain":0,"max_hp_loss":0,"event_name":"Colosseum","floor":30,"gold_loss":0},{"damage_healed":0,"gold_gain":0,"player_choice":"Ignored","damage_taken":0,"max_hp_gain":0,"max_hp_loss":0,"event_name":"Ghosts","floor":31,"gold_loss":0}],"is_beta":false,"boss_relics":[{"not_picked":["Fusion Hammer","Mark of Pain"],"picked":"White Beast Statue"}],"items_purged_floors":[],"is_endless":false,"potions_floor_spawned":[1,3,4,11,14,18,19,20,24,27,28,29,30],"killed_by":"Collector","ascension_level":3}