{"gold_per_floor":[109,123,123,123,123,123,151,151,151,164,177,188,23,42,42,42],"floor_reached":16,"playtime":570,"items_purged":[],"score":204,"play_id":"1a0475ae-b9a2-482b-bc8a-1787cc335aec","local_time":"20190307233853","is_ascension_mode":true,"campfire_choices":[{"data":"Backflip","floor":6,"key":"SMITH"},{"data":"Bouncing Flask","floor":15,"key":"SMITH"}],"neow_cost":"NONE","seed_source_timestamp":808550354055504,"circlet_count":0,"master_deck":["AscendersBane","Defend_G","Defend_G","Defend_G","Defend_G","Defend_G","Strike_G","Strike_G","Strike_G","Strike_G","Strike_G","Survivor","Neutralize","Backflip+1","Endless Agony+1","Dagger Throw","Deadly Poison","Cloak And Dagger","Bouncing Flask+1","Infinite Blades"],"relics":["Lizard Tail","PreservedInsect","Art of War","Mummified Hand","Ancient Tea Set"],"potions_floor_usage":[2,8,12,16],"damage_taken":[{"damage":3,"enemies":"Small Slimes","floor":1,"turns":4},{"damage":12,"enemies":"Jaw Worm","floor":2,"turns":9},{"damage":37,"enemies":"Lagavulin","floor":7,"turns":10},{"damage":3,"enemies":"Cultist","floor":10,"turns":4},{"damage":1,"enemies":"2 Fungi Beasts","floor":11,"turns":4},{"damage":6,"enemies":"Blue Slaver","floor":12,"turns":4},{"damage":10,"enemies":"Large Slime","floor":14,"turns":5},{"damage":28,"enemies":"Slime Boss","floor":16,"turns":5}],"seed_played":"8961519870649140436","potions_obtained":[{"floor":1,"key":"Swift Potion"},{"floor":8,"key":"Fruit Juice"},{"floor":8,"key":"SpeedPotion"},{"floor":10,"key":"Regen Potion"},{"floor":12,"key":"Swift Potion"}],"is_trial":false,"path_per_floor":["M","M","?","T","?","R","E","?","T","M","M","M","$","M","R","B"],"character_chosen":"THE_SILENT","items_purchased":["Ancient Tea Set"],"campfire_rested":0,"item_purchase_floors":[13],"current_hp_per_floor":[56,44,44,44,66,66,29,34,34,31,30,38,38,28,28,35],"gold":42,"neow_bonus":"BOSS_RELIC","is_prod":false,"is_daily":false,"chose_seed":false,"campfire_upgraded":2,"win_rate":0,"timestamp":1551998333,"path_taken":["M","M","?","?","?","R","E","?","T","?","M","M","$","M","R","BOSS"],"build_version":"2019-01-23","purchased_purges":0,"victory":false,"max_hp_per_floor":[66,66,66,66,66,66,66,71,71,71,71,71,71,71,71,71],"card_choices":[{"not_picked":["Flechettes","Setup"],"picked":"Backflip","floor":1},{"not_picked":["PiercingWail","Slice"],"picked":"Endless Agony","floor":2},{"not_picked":["Slice","Setup"],"picked":"Dagger Throw","floor":7},{"not_picked":["Wraith Form v2","Slice"],"picked":"Deadly Poison","floor":10},{"not_picked":["Well Laid Plans","Prepared"],"picked":"Cloak And Dagger","floor":11},{"not_picked":["Flying Knee","Expertise"],"picked":"Bouncing Flask","floor":12},{"not_picked":["Poisoned Stab","Slice"],"picked":"Infinite Blades","floor":14}],"player_experience":1171371,"relics_obtained":[{"floor":4,"key":"PreservedInsect"},{"floor":7,"key":"Art of War"},{"floor":9,"key":"Mummified Hand"}],"event_choices":[{"damage_healed":0,"gold_gain":0,"player_choice":"Grow","damage_taken":0,"max_hp_gain":0,"max_hp_loss":0,"event_name":"Living Wall","floor":3,"gold_loss":0,"cards_upgraded":["Endless Agony"]},{"damage_healed":22,"gold_gain":0,"player_choice":"Banana","damage_taken":0,"max_hp_gain":0,"max_hp_loss":0,"event_name":"Big Fish","floor":5,"gold_loss":0},{"damage_healed":0,"gold_gain":0,"player_choice":"Got Potions","damage_taken":0,"max_hp_gain":0,"max_hp_loss":0,"event_name":"Lab","floor":8,"gold_loss":0}],"is_beta":false,"boss_relics":[],"items_purged_floors":[],"is_endless":false,"potions_floor_spawned":[1,10,12],"killed_by":"Slime Boss","ascension_level":20}