{"gold_per_floor":[18,193,1,13,25,25,25,25,52,66,77,92,92,111,111,210,210,224,43,43,43,43,43,43,43,66,66,17,30,30,40,40,143,143,154,29,104,124,137,137,83,83],"floor_reached":42,"playtime":1465,"items_purged":["Doubt","Strike_R","Spot Weakness"],"score":430,"play_id":"3cf34339-1e82-44fa-bca2-4638a8d52600","local_time":"20190217113641","is_ascension_mode":true,"campfire_choices":[{"data":"Metallicize","floor":6.0,"key":"SMITH"},{"data":"True Grit","floor":13.0,"key":"SMITH"},{"data":"Demon Form","floor":15.0,"key":"SMITH"},{"data":"Fiend Fire","floor":23.0,"key":"SMITH"},{"data":"Iron Wave","floor":27.0,"key":"SMITH"},{"data":"Bash","floor":30.0,"key":"SMITH"},{"data":"Metallicize","floor":32.0,"key":"SMITH"},{"data":"Feed","floor":40,"key":"SMITH"}],"neow_cost":"NO_GOLD","seed_source_timestamp":0,"circlet_count":0,"master_deck":["Defend_R+1","Defend_R+1","Defend_R+1","Bash+1","Metallicize+1","Rampage","Iron Wave+1","Disarm","True Grit+1","Pummel","Demon Form+1","Fiend Fire+1","Clash+1","Metallicize+1","Bite","Bite","Bite","Bite","Bite","Havoc+1","Feed+1","Shrug It Off"],"special_seed":0,"relics":["Burning Blood"],"potions_floor_usage":[39],"damage_taken":[{"damage":19.0,"enemies":"Small Slimes","floor":1.0,"turns":4.0},{"damage":3.0,"enemies":"Jaw Worm","floor":4.0,"turns":3.0},{"damage":1.0,"enemies":"Cultist","floor":5.0,"turns":3.0},{"damage":2.0,"enemies":"3 Louse","floor":10.0,"turns":4.0},{"damage":5.0,"enemies":"2 Fungi Beasts","floor":11.0,"turns":5.0},{"damage":2.0,"enemies":"Blue Slaver","floor":12.0,"turns":3.0},{"damage":2.0,"enemies":"Red Slaver","floor":14.0,"turns":4.0},{"damage":22.0,"enemies":"Hexaghost","floor":16.0,"turns":7.0},{"damage":33.0,"enemies":"2 Thieves","floor":18.0,"turns":5.0},{"damage":6.0,"enemies":"Shell Parasite","floor":29.0,"turns":8.0},{"damage":11.0,"enemies":"Shelled Parasite and Fungi","floor":31.0,"turns":5.0},{"damage":38.0,"enemies":"Automaton","floor":33.0,"turns":10.0},{"damage":32.0,"enemies":"Orb Walker","floor":35.0,"turns":5.0},{"damage":42.0,"enemies":"3 Darklings","floor":38.0,"turns":17.0},{"damage":34,"enemies":"Jaw Worm Horde","floor":39,"turns":7},{"damage":67,"enemies":"Reptomancer","floor":42,"turns":3}],"seed_played":"178614356292498941","potions_obtained":[{"floor":1.0,"key":"SkillPotion"},{"floor":4.0,"key":"FearPotion"},{"floor":16.0,"key":"Strength Potion"},{"floor":18.0,"key":"FearPotion"},{"floor":38.0,"key":"Block Potion"}],"is_trial":false,"path_per_floor":["M","?","$","M","M","R","?","$","T","M","M","M","R","M","R","B",null,"M","$","?","?","?","R","?","$","T","R","$","M","R","M","R","B",null,"M","$","?","M","M","R","$","E"],"character_chosen":"IRONCLAD","items_purchased":["Spot Weakness","Rampage","Metallicize","AttackPotion","Shrug It Off"],"campfire_rested":0,"item_purchase_floors":[3,3,19,28,41],"current_hp_per_floor":[67,67,67,70,75,75,75,75,75,79,80,80,80,80,80,64,80,53,53,53,53,44,44,44,44,44,44,44,56,56,59,59,49,61,39,39,33,43,35,35,35,0],"gold":83,"neow_bonus":"REMOVE_TWO","is_prod":false,"is_daily":false,"chose_seed":false,"campfire_upgraded":8,"win_rate":0,"timestamp":1550399801,"path_taken":["M","?","$","M","M","R","?","?","T","M","?","M","R","M","R","BOSS","M","$","?","?","?","R","?","$","T","R","$","M","R","?","R","BOSS","M","$","?","?","M","R","$","E"],"build_version":"2019-01-23","purchased_purges":3,"victory":false,"max_hp_per_floor":[80,80,80,80,80,80,80,80,80,80,80,80,80,80,80,80,80,80,80,80,56,61,61,61,61,61,61,61,61,61,61,61,61,61,61,61,61,61,61,61,61,61],"card_choices":[{"not_picked":["Wild Strike","Dual Wield"],"picked":"Metallicize","floor":1.0},{"not_picked":["Heavy Blade","Sentinel"],"picked":"Iron Wave","floor":4.0},{"not_picked":["Body Slam","Iron Wave","Cleave"],"picked":"SKIP","floor":5.0},{"not_picked":["Sword Boomerang","Heavy Blade"],"picked":"Disarm","floor":10.0},{"not_picked":["Iron Wave","Havoc"],"picked":"True Grit","floor":11.0},{"not_picked":["Hemokinesis","True Grit"],"picked":"Pummel","floor":12.0},{"not_picked":["Heavy Blade","Twin Strike"],"picked":"Demon Form","floor":14.0},{"not_picked":["Exhume","Limit Break"],"picked":"Fiend Fire","floor":16.0},{"not_picked":["Heavy Blade","Feel No Pain"],"picked":"Clash+1","floor":18.0},{"not_picked":["Sword Boomerang+1","Clash"],"picked":"Havoc+1","floor":29.0},{"not_picked":["Clash","Flex","Bloodletting"],"picked":"SKIP","floor":31.0},{"not_picked":["Offering","Immolate"],"picked":"Feed","floor":33.0},{"not_picked":["Evolve+1","Armaments+1","Iron Wave"],"picked":"SKIP","floor":35.0},{"not_picked":["Cleave+1","True Grit+1","Perfected Strike+1"],"picked":"SKIP","floor":38.0},{"not_picked":["Warcry","Clash+1","Perfected Strike+1"],"picked":"SKIP","floor":39}],"player_experience":1093592,"relics_obtained":[],"event_choices":[{"damage_healed":0.0,"max_hp_gain":0.0,"max_hp_loss":0.0,"gold_gain":175.0,"event_name":"Liars Game","player_choice":"AGREE","floor":2.0,"gold_loss":0.0,"damage_taken":0.0,"cards_obtained":["Doubt"]},{"cards_removed":["Strike_R"],"damage_healed":0.0,"max_hp_gain":0.0,"max_hp_loss":0.0,"gold_gain":0.0,"event_name":"Living Wall","player_choice":"Forget","floor":7.0,"gold_loss":0.0,"damage_taken":0.0},{"damage_healed":0.0,"max_hp_gain":0.0,"max_hp_loss":0.0,"gold_gain":0.0,"event_name":"Back to Basics","player_choice":"Simplicity","floor":20.0,"gold_loss":0.0,"damage_taken":0.0,"cards_upgraded":["Strike_R","Strike_R","Defend_R","Defend_R","Defend_R"]},{"damage_healed":0.0,"max_hp_gain":0.0,"max_hp_loss":24.0,"gold_gain":0.0,"event_name":"Vampires","player_choice":"Became a vampire","floor":21.0,"gold_loss":0.0,"damage_taken":0.0,"cards_obtained":["Bite","Bite","Bite","Bite","Bite"]},{"damage_healed":0.0,"max_hp_gain":5.0,"max_hp_loss":0.0,"gold_gain":0.0,"event_name":"Forgotten Altar","player_choice":"Shed Blood","floor":22.0,"gold_loss":0.0,"damage_taken":14.0},{"damage_healed":0.0,"max_hp_gain":0.0,"max_hp_loss":0.0,"gold_gain":75.0,"event_name":"FaceTrader","player_choice":"Touch","floor":37.0,"gold_loss":0.0,"damage_taken":6.0}],"is_beta":false,"boss_relics":[{"not_picked":["Runic Pyramid","White Beast Statue","Black Star"]},{"not_picked":["Astrolabe","Calling Bell","Sozu"]}],"items_purged_floors":[3,19,36],"is_endless":false,"potions_floor_spawned":[1,4,16,18,29,38],"killed_by":"Reptomancer","ascension_level":1}