{"gold_per_floor":[111,111,126,139,149,149,165,165,189,189,204,204,318,349,349,349],"floor_reached":16,"playtime":429,"items_purged":[],"score":194,"play_id":"8d5867b4-6501-44ba-a16c-0cde64869961","local_time":"20181003220619","is_ascension_mode":true,"campfire_choices":[{"floor":6.0,"key":"REST"},{"data":"Beam Cell","floor":8.0,"key":"SMITH"},{"floor":10.0,"key":"REST"},{"data":"Zap","floor":15,"key":"SMITH"}],"neow_cost":"PERCENT_DAMAGE","seed_source_timestamp":429648654566720,"circlet_count":0,"master_deck":["Strike_B","Strike_B","Strike_B+1","Strike_B","Defend_B+1","Defend_B","Defend_B","Defend_B","Zap+1","Dualcast","AscendersBane","Beam Cell+1","Streamline","Go for the Eyes","Conserve Battery"],"special_seed":0,"relics":["Cracked Core","Peace Pipe","Juzu Bracelet","SsserpentHead","Omamori"],"potions_floor_usage":[],"damage_taken":[{"damage":12.0,"enemies":"Small Slimes","floor":1.0,"turns":3.0},{"damage":1.0,"enemies":"2 Louse","floor":3.0,"turns":4.0},{"damage":0.0,"enemies":"Cultist","floor":4.0,"turns":3.0},{"damage":8.0,"enemies":"Lots of Slimes","floor":5.0,"turns":5.0},{"damage":17.0,"enemies":"Exordium Thugs","floor":7.0,"turns":3.0},{"damage":16.0,"enemies":"Exordium Wildlife","floor":11.0,"turns":4.0},{"damage":10,"enemies":"Lagavulin","floor":14,"turns":7},{"damage":8,"enemies":"Hexaghost","floor":16,"turns":4}],"seed_played":"-5778065796214725665","potions_obtained":[{"floor":1.0,"key":"SpeedPotion"},{"floor":5.0,"key":"SteroidPotion"}],"is_trial":false,"path_per_floor":["M","?","M","M","M","R","M","R","T","R","M","?","?","E","R"],"character_chosen":"DEFECT","items_purchased":[],"campfire_rested":2,"item_purchase_floors":[],"current_hp_per_floor":[34,13,12,12,4,25,8,8,8,29,13,13,13,3,3,0],"gold":349,"neow_bonus":"ONE_RARE_RELIC","is_prod":false,"is_daily":false,"chose_seed":false,"campfire_upgraded":2,"win_rate":0,"timestamp":1538597179,"path_taken":["M","?","M","M","M","R","M","R","T","R","M","?","?","E","R","BOSS"],"build_version":"2018-09-27","purchased_purges":0,"victory":false,"max_hp_per_floor":[71,71,71,71,71,71,71,71,71,71,71,71,71,71,71,71],"card_choices":[{"not_picked":["Lockon","Hologram"],"picked":"Beam Cell","floor":1.0},{"not_picked":["Turbo","Ball Lightning"],"picked":"Streamline","floor":3.0},{"not_picked":["Doom and Gloom","Stack"],"picked":"Go for the Eyes","floor":4.0},{"not_picked":["Turbo","Leap","Reprogram"],"picked":"SKIP","floor":5.0},{"not_picked":["Ball Lightning","Compile Driver","Blizzard"],"picked":"SKIP","floor":7.0},{"not_picked":["Leap","Doom and Gloom"],"picked":"Conserve Battery","floor":11.0},{"not_picked":["Beam Cell","Static Discharge","Stack"],"picked":"SKIP","floor":14}],"player_experience":806134,"relics_obtained":[{"floor":9.0,"key":"Juzu Bracelet"},{"floor":14,"key":"Omamori"}],"event_choices":[{"event_name":"Shining Light","player_choice":"Entered Light","floor":2.0,"damage_taken":0.0},{"event_name":"FaceTrader","player_choice":"Trade","floor":12.0,"damage_taken":0.0},{"event_name":"Golden Wing","player_choice":"Gained Gold","floor":13.0,"damage_taken":0.0}],"is_beta":false,"boss_relics":[],"items_purged_floors":[],"is_endless":false,"potions_floor_spawned":[1,5],"killed_by":"Hexaghost","ascension_level":18}