{"gold_per_floor":[116,130,148,148,5,5,23,23,50,65,65,65,84,84,84,180,180,194,94,109,109,127,162,162,162,162,179,195,70,82,93,93,194,194,210,57,67,467,492,504,543,567,579,604,663,695,742,231,231,231],"floor_reached":51,"playtime":2976,"items_purged":["Strike_R","Strike_R","Defend_R","Strike_R"],"score":871,"play_id":"01c6687c-56ce-465e-8a84-ad0a7adb4638","local_time":"20190108064358","is_ascension_mode":false,"campfire_choices":[{"data":"Whirlwind","floor":6.0,"key":"SMITH"},{"data":"Bash","floor":8.0,"key":"SMITH"},{"data":"Shrug It Off","floor":11.0,"key":"SMITH"},{"data":"Shrug It Off","floor":15.0,"key":"SMITH"},{"data":"Barricade","floor":24,"key":"SMITH"},{"data":"Entrench","floor":32,"key":"SMITH"},{"floor":40,"key":"RECALL"}],"neow_cost":"NONE","seed_source_timestamp":0,"circlet_count":0,"master_deck":["Strike_R+1","Strike_R+1","Defend_R","Defend_R","Defend_R","Bash+1","True Grit+1","Metallicize","Shrug It Off+1","Shrug It Off+1","Barricade+1","Battle Trance+1","Disarm","Dagger Spray+1","Entrench+1","Body Slam+1","Dropkick+1","Infernal Blade+1","True Grit+1","Pommel Strike+1","Mayhem"],"special_seed":0,"relics":["Burning Blood","Vajra","Anchor","Lantern","Coffee Dripper","Incense Burner","Kunai","Bag of Marbles","Fusion Hammer","Bag of Preparation","Old Coin","MawBank","PreservedInsect","Juzu Bracelet","Nunchaku","Red Skull","Membership Card","Whetstone","Regal Pillow"],"potions_floor_usage":[],"damage_taken":[{"damage":1.0,"enemies":"Cultist","floor":1.0,"turns":3.0},{"damage":6.0,"enemies":"Jaw Worm","floor":2.0,"turns":3.0},{"damage":1.0,"enemies":"Small Slimes","floor":3.0,"turns":3.0},{"damage":2.0,"enemies":"Looter","floor":7.0,"turns":3.0},{"damage":0.0,"enemies":"2 Fungi Beasts","floor":10.0,"turns":2.0},{"damage":0.0,"enemies":"Gremlin Gang","floor":13.0,"turns":1.0},{"damage":29.0,"enemies":"Slime Boss","floor":16.0,"turns":16.0},{"damage":0.0,"enemies":"2 Thieves","floor":18.0,"turns":3.0},{"damage":0.0,"enemies":"Chosen","floor":20.0,"turns":6.0},{"damage":0.0,"enemies":"Centurion and Healer","floor":22.0,"turns":7.0},{"damage":0,"enemies":"Book of Stabbing","floor":23,"turns":9},{"damage":0,"enemies":"Snecko","floor":27,"turns":5},{"damage":0,"enemies":"Cultist and Chosen","floor":28,"turns":10},{"damage":5,"enemies":"Snake Plant","floor":30,"turns":6},{"damage":0,"enemies":"Centurion and Healer","floor":31,"turns":5},{"damage":0,"enemies":"Automaton","floor":33,"turns":7},{"damage":0,"enemies":"3 Shapes","floor":35,"turns":4},{"damage":0,"enemies":"3 Darklings","floor":37,"turns":6},{"damage":0,"enemies":"Mind Bloom Boss Battle","floor":38,"turns":5},{"damage":0,"enemies":"Nemesis","floor":41,"turns":3},{"damage":0,"enemies":"Maw","floor":42,"turns":5},{"damage":0,"enemies":"Spire Growth","floor":44,"turns":3},{"damage":0,"enemies":"2 Orb Walkers","floor":45,"turns":4},{"damage":0,"enemies":"Sphere and 2 Shapes","floor":46,"turns":3},{"damage":3,"enemies":"Giant Head","floor":47,"turns":3},{"damage":11,"enemies":"Donu and Deca","floor":50,"turns":8}],"seed_played":"-1290856758151938899","potions_obtained":[{"floor":3.0,"key":"SpeedPotion"},{"floor":7.0,"key":"Poison Potion"},{"floor":16.0,"key":"SkillPotion"},{"floor":23,"key":"LiquidBronze"},{"floor":27,"key":"Fire Potion"},{"floor":33,"key":"Fire Potion"},{"floor":37,"key":"PowerPotion"},{"floor":42,"key":"Fire Potion"}],"is_trial":false,"path_per_floor":["M","M","M","?","$","R","M","R","T","M","R","$","M","?","R","B",null,"M","$","M","?","M","E","R","?","T","M","M","$","M","M","R","B",null,"M","$","M","?","T","R","E","M","T","M","?","M","E","$","R","B",null],"character_chosen":"IRONCLAD","items_purchased":["Whirlwind","Bag of Preparation","Membership Card","Whetstone","Mayhem","Regal Pillow"],"campfire_rested":0,"item_purchase_floors":[5,36,48,48,48,48],"current_hp_per_floor":[80,80,80,64,64,64,68,68,68,74,74,74,80,73,73,50,80,80,80,80,80,80,80,80,80,80,80,80,80,80,80,80,80,80,80,80,80,80,80,80,80,80,80,80,80,80,80,80,80,75],"gold":231,"neow_bonus":"RANDOM_COMMON_RELIC","is_prod":false,"is_daily":false,"chose_seed":false,"campfire_upgraded":6,"win_rate":0,"timestamp":1546958638,"path_taken":["M","M","?","?","$","R","M","R","T","M","R","$","M","?","R","BOSS","M","$","M","?","M","E","R","?","T","M","M","$","?","M","R","BOSS","M","$","M","?","?","R","E","M","T","M","?","M","E","$","R","BOSS"],"build_version":"2019-01-03v4","purchased_purges":4,"victory":true,"max_hp_per_floor":[80,80,80,80,80,80,80,80,80,80,80,80,80,80,80,80,80,80,80,80,80,80,80,80,80,80,80,80,80,80,80,80,80,80,80,80,80,80,80,80,80,80,80,80,80,80,80,80,80,80],"card_choices":[{"not_picked":["Flex","Headbutt"],"picked":"True Grit","floor":1.0},{"not_picked":["Seeing Red","Intimidate"],"picked":"Metallicize","floor":2.0},{"not_picked":["Anger","Headbutt","Rampage"],"picked":"SKIP","floor":3.0},{"not_picked":["Spot Weakness","Bloodletting"],"picked":"Shrug It Off","floor":7.0},{"not_picked":["Warcry","Rage"],"picked":"Shrug It Off","floor":10.0},{"not_picked":["Clash","Cleave","Hemokinesis"],"picked":"SKIP","floor":13.0},{"not_picked":["Demon Form","Immolate"],"picked":"Barricade","floor":16.0},{"not_picked":["Iron Wave","Pommel Strike"],"picked":"Battle Trance+1","floor":18.0},{"not_picked":["Clothesline","Reckless Charge","Iron Wave"],"picked":"SKIP","floor":20.0},{"not_picked":["Feel No Pain","Sword Boomerang"],"picked":"Disarm","floor":22.0},{"not_picked":["Berserk","Perfected Strike","Havoc"],"picked":"SKIP","floor":23},{"not_picked":["Berserk","Perfected Strike","Havoc"],"picked":"SKIP","floor":23},{"not_picked":["Clothesline","Armaments"],"picked":"Entrench","floor":27},{"not_picked":["Sword Boomerang+1","Armaments+1","Clothesline"],"picked":"SKIP","floor":28},{"not_picked":["Disarm","Uppercut"],"picked":"Body Slam+1","floor":30},{"not_picked":["Perfected Strike","Intimidate","Headbutt"],"picked":"SKIP","floor":31},{"not_picked":["Shockwave+1","True Grit","Clash"],"picked":"SKIP","floor":35},{"not_picked":["Spot Weakness","Cleave"],"picked":"Dropkick+1","floor":37},{"not_picked":["Flame Barrier","Thunderclap"],"picked":"Infernal Blade+1","floor":41},{"not_picked":["Fire Breathing+1","Spot Weakness"],"picked":"True Grit+1","floor":42},{"not_picked":["Flex+1","Cleave","Armaments"],"picked":"SKIP","floor":44},{"not_picked":["Perfected Strike+1","Whirlwind+1"],"picked":"Pommel Strike+1","floor":45},{"not_picked":["Intimidate+1","Headbutt","Heavy Blade+1"],"picked":"SKIP","floor":46},{"not_picked":["Demon Form","Sever Soul","Heavy Blade+1"],"picked":"SKIP","floor":47}],"player_experience":314265,"relics_obtained":[{"floor":9.0,"key":"Anchor"},{"floor":23,"key":"Kunai"},{"floor":26,"key":"Bag of Marbles"},{"floor":38,"key":"Old Coin"},{"floor":39,"key":"MawBank"},{"floor":41,"key":"PreservedInsect"},{"floor":43,"key":"Juzu Bracelet"},{"floor":45,"key":"Nunchaku"},{"floor":47,"key":"Red Skull"}],"event_choices":[{"damage_healed":0.0,"max_hp_gain":0.0,"max_hp_loss":0.0,"gold_gain":0.0,"event_name":"Shining Light","player_choice":"Entered Light","floor":4.0,"gold_loss":0.0,"damage_taken":16.0,"cards_upgraded":["Strike_R","True Grit"]},{"damage_healed":0.0,"max_hp_gain":0.0,"max_hp_loss":0.0,"gold_gain":0.0,"event_name":"Scrap Ooze","player_choice":"Success","floor":14.0,"gold_loss":0.0,"damage_taken":7.0,"relics_obtained":["Lantern"]},{"damage_healed":0.0,"max_hp_gain":0.0,"max_hp_loss":0.0,"gold_gain":0.0,"event_name":"The Mausoleum","player_choice":"Opened","floor":21.0,"gold_loss":0.0,"damage_taken":0.0,"relics_obtained":["Incense Burner"]},{"cards_removed":["Whirlwind"],"damage_healed":0,"gold_gain":0,"player_choice":"Took Card","damage_taken":0,"max_hp_gain":0,"max_hp_loss":0,"event_name":"NoteForYourself","floor":25,"gold_loss":0,"cards_obtained":["Dagger Spray"]},{"damage_healed":0,"gold_gain":0,"player_choice":"Fight","damage_taken":0,"max_hp_gain":0,"max_hp_loss":0,"event_name":"MindBloom","floor":38,"gold_loss":0},{"damage_healed":0,"gold_gain":0,"player_choice":"Fight","damage_taken":0,"max_hp_gain":0,"max_hp_loss":0,"event_name":"Mysterious Sphere","floor":45,"gold_loss":0}],"is_beta":false,"boss_relics":[{"not_picked":["Empty Cage","Snecko Eye"],"picked":"Coffee Dripper"},{"not_picked":["Black Blood","Busted Crown"],"picked":"Fusion Hammer"}],"items_purged_floors":[5,19,29,48],"is_endless":false,"potions_floor_spawned":[3,7,16,18,23,27,28,33,37,42,45,46],"ascension_level":0}