{"gold_per_floor":[113,113,113,36,55,55,65,65,65,95,95,108,108,139,139,215,215,227,227,245,245],"floor_reached":21,"playtime":531,"items_purged":[],"score":392,"play_id":"655fb526-e0a2-43d9-b438-5691c8e39738","local_time":"20181001001248","is_ascension_mode":true,"campfire_choices":[{"data":"Sunder","floor":6,"key":"SMITH"},{"data":"Rip and Tear","floor":8,"key":"SMITH"},{"data":"Ball Lightning","floor":11,"key":"SMITH"},{"data":"Dualcast","floor":13,"key":"SMITH"},{"data":"Double Energy","floor":15,"key":"SMITH"}],"neow_cost":"TEN_PERCENT_HP_LOSS","seed_source_timestamp":177949339562929,"circlet_count":0,"master_deck":["Strike_B","Strike_B","Defend_B","Defend_B","Defend_B","Zap+1","Dualcast+1","AscendersBane","Rip and Tear+1","Sunder+1","Ball Lightning+1","Double Energy+1","Core Surge","Melter","Glacier"],"special_seed":0,"relics":["Cracked Core","Mango","Question Card","Nunchaku","Mercury Hourglass","Empty Cage"],"potions_floor_usage":[10,14,16,18],"damage_taken":[{"damage":0.0,"enemies":"2 Louse","floor":1.0,"turns":3.0},{"damage":0,"enemies":"Cultist","floor":5,"turns":2},{"damage":2,"enemies":"Jaw Worm","floor":7,"turns":3},{"damage":0,"enemies":"Gremlin Nob","floor":10,"turns":2},{"damage":2,"enemies":"3 Louse","floor":12,"turns":2},{"damage":18,"enemies":"Lagavulin","floor":14,"turns":5},{"damage":29,"enemies":"The Guardian","floor":16,"turns":7},{"damage":17,"enemies":"2 Thieves","floor":18,"turns":2},{"damage":0,"enemies":"Chosen","floor":20,"turns":3},{"damage":27,"enemies":"Shelled Parasite and Fungi","floor":21,"turns":1}],"seed_played":"-1533076654812535784","potions_obtained":[{"floor":1.0,"key":"FearPotion"},{"floor":12,"key":"EssenceOfSteel"},{"floor":14,"key":"SpeedPotion"},{"floor":16,"key":"Fire Potion"}],"is_trial":false,"path_per_floor":["M","?","?","$","M","R","M","R","T","E","R","M","R","E","R","B",null,"M","?","M"],"character_chosen":"DEFECT","items_purchased":["Sunder"],"campfire_rested":0,"item_purchase_floors":[4],"current_hp_per_floor":[78,78,78,78,78,78,76,76,76,76,76,74,74,56,56,27,65,48,26,26,0],"gold":245,"neow_bonus":"ONE_RARE_RELIC","is_prod":false,"is_daily":false,"chose_seed":false,"campfire_upgraded":5,"win_rate":0,"timestamp":1538345568,"path_taken":["M","?","?","?","?","R","M","R","T","E","R","M","R","E","R","BOSS","M","?","M","M"],"build_version":"2018-09-27","purchased_purges":0,"victory":false,"max_hp_per_floor":[78,78,78,78,78,78,78,78,78,78,78,78,78,78,78,78,78,78,83,83,83],"card_choices":[{"not_picked":["Scrape","Leap"],"picked":"Rip and Tear","floor":1.0},{"not_picked":["Gash","Darkness","Static Discharge"],"picked":"SKIP","floor":5},{"not_picked":["Turbo","Go for the Eyes","Consume"],"picked":"SKIP","floor":7},{"not_picked":["Aggregate","Coolheaded","All For One"],"picked":"Ball Lightning","floor":10},{"not_picked":["Barrage","Genetic Algorithm","Undo"],"picked":"Double Energy","floor":12},{"not_picked":["Barrage","Heatsinks","Rip and Tear","Steam"],"picked":"SKIP","floor":14},{"not_picked":["Machine Learning","Meteor Strike","Amplify"],"picked":"Core Surge","floor":16},{"not_picked":["Turbo","Chaos","Barrage+1"],"picked":"Melter","floor":18},{"not_picked":["Go for the Eyes","Steam Power","Storm"],"picked":"Glacier","floor":20}],"player_experience":789932,"relics_obtained":[{"floor":9,"key":"Question Card"},{"floor":10,"key":"Nunchaku"},{"floor":14,"key":"Mercury Hourglass"}],"event_choices":[{"event_name":"Upgrade Shrine","player_choice":"Upgraded","floor":2,"damage_taken":0},{"event_name":"Living Wall","player_choice":"Forget","floor":3,"damage_taken":0},{"event_name":"Forgotten Altar","player_choice":"Shed Blood","floor":19,"damage_taken":0}],"is_beta":false,"boss_relics":[{"not_picked":["Philosopher\u0027s Stone","Pandora\u0027s Box"],"picked":"Empty Cage"}],"items_purged_floors":[],"is_endless":false,"potions_floor_spawned":[1,12,14,16],"killed_by":"Shelled Parasite and Fungi","ascension_level":17}