{"gold_per_floor":[113,132,57,76,94,94,129,129,198,198,232,248,69,99,99,172,172,132,132,132,47,47,47,47,47],"floor_reached":25,"playtime":914,"items_purged":["Strike_B"],"score":450,"play_id":"8b3beab9-1702-4a8f-aca6-8219081190a6","local_time":"20181015174148","is_ascension_mode":true,"campfire_choices":[{"data":"Defragment","floor":6.0,"key":"SMITH"},{"data":"Zap","floor":8.0,"key":"SMITH"},{"floor":10.0,"key":"REST"},{"data":"Electrodynamics","floor":15.0,"key":"SMITH"},{"data":"Chill","floor":24.0,"key":"SMITH"}],"neow_cost":"TEN_PERCENT_HP_LOSS","seed_source_timestamp":347769102703505,"circlet_count":0,"master_deck":["Strike_B","Defend_B","Defend_B","Defend_B","Defend_B","Zap+1","Dualcast","AscendersBane","Electrodynamics+1","Ball Lightning","Defragment+1","Conserve Battery","Cold Snap","Glacier","Self Repair","Seek","Lockon","Conserve Battery","Chill+1"],"special_seed":0,"relics":["Cracked Core","StoneCalendar","Dodecahedron","Strawberry","Lantern","Odd Mushroom","Ectoplasm","Molten Egg 2","Meat on the Bone"],"potions_floor_usage":[25],"damage_taken":[{"damage":1.0,"enemies":"Cultist","floor":1.0,"turns":3.0},{"damage":4.0,"enemies":"Jaw Worm","floor":2.0,"turns":3.0},{"damage":0.0,"enemies":"2 Louse","floor":4.0,"turns":2.0},{"damage":9.0,"enemies":"Blue Slaver","floor":5.0,"turns":4.0},{"damage":23.0,"enemies":"Lagavulin","floor":7.0,"turns":5.0},{"damage":10.0,"enemies":"3 Sentries","floor":11.0,"turns":4.0},{"damage":12.0,"enemies":"Lots of Slimes","floor":12.0,"turns":4.0},{"damage":10.0,"enemies":"The Mushroom Lair","floor":14.0,"turns":3.0},{"damage":11.0,"enemies":"The Guardian","floor":16.0,"turns":9.0},{"damage":1.0,"enemies":"2 Thieves","floor":18.0,"turns":2.0},{"damage":1.0,"enemies":"Shell Parasite","floor":20.0,"turns":5.0},{"damage":0.0,"enemies":"Centurion and Healer","floor":22.0,"turns":7.0},{"damage":22.0,"enemies":"Gremlin Leader","floor":23.0,"turns":7.0},{"damage":60,"enemies":"Book of Stabbing","floor":25,"turns":4}],"seed_played":"-1341925739426333538","potions_obtained":[{"floor":1.0,"key":"SteroidPotion"},{"floor":5.0,"key":"LiquidBronze"},{"floor":22.0,"key":"SteroidPotion"}],"is_trial":false,"path_per_floor":["M","M","$","M","M","R","E","R","T","R","E","M","$","?","R","B",null,"M","?","M","?","M","E","R"],"character_chosen":"DEFECT","items_purchased":["Lantern"],"campfire_rested":1,"item_purchase_floors":[13],"current_hp_per_floor":[63,59,59,59,50,50,27,27,27,46,43,31,31,21,21,17,58,64,64,70,70,71,56,56,0],"gold":47,"neow_bonus":"THREE_RARE_CARDS","is_prod":false,"is_daily":false,"chose_seed":false,"campfire_upgraded":4,"win_rate":0,"timestamp":1539618108,"path_taken":["M","M","$","M","M","R","E","R","T","R","E","?","$","?","R","BOSS","M","?","M","?","M","E","R","E"],"build_version":"2018-10-11","purchased_purges":1,"victory":false,"max_hp_per_floor":[64,64,64,64,64,64,64,64,64,64,71,71,71,71,71,71,71,71,71,71,71,71,71,71,71],"card_choices":[{"not_picked":["Amplify","Thunder Strike"],"picked":"Electrodynamics","floor":0.0},{"not_picked":["Scrape","Coolheaded"],"picked":"Ball Lightning","floor":1.0},{"not_picked":["Conserve Battery","Redo"],"picked":"Defragment","floor":2.0},{"not_picked":["Recycle","Streamline"],"picked":"Conserve Battery","floor":4.0},{"not_picked":["Conserve Battery","Leap","Redo"],"picked":"SKIP","floor":5.0},{"not_picked":["Barrage","Reprogram"],"picked":"Cold Snap","floor":7.0},{"not_picked":["Gash","Redo"],"picked":"Glacier","floor":11.0},{"not_picked":["Gash","Hologram"],"picked":"Self Repair","floor":12.0},{"not_picked":["Electrodynamics","Meteor Strike"],"picked":"Seek","floor":16.0},{"not_picked":["Fusion","Heatsinks","Glacier"],"picked":"SKIP","floor":18.0},{"not_picked":["Redo","Double Energy"],"picked":"Chill","floor":20.0},{"not_picked":["Reprogram","Leap","Steam"],"picked":"SKIP","floor":22.0},{"not_picked":["Hologram","Beam Cell+1","Conserve Battery"],"picked":"SKIP","floor":23.0}],"player_experience":833013,"relics_obtained":[{"floor":7.0,"key":"StoneCalendar"},{"floor":9.0,"key":"Dodecahedron"},{"floor":11.0,"key":"Strawberry"},{"floor":14.0,"key":"Odd Mushroom"},{"floor":23.0,"key":"Meat on the Bone"}],"event_choices":[{"event_name":"Mushrooms","player_choice":"Fought Mushrooms","floor":14.0,"damage_taken":0.0},{"event_name":"Drug Dealer","player_choice":"Became Test Subject","floor":19.0,"damage_taken":0.0},{"event_name":"Addict","player_choice":"Obtained Relic","floor":21.0,"damage_taken":0.0}],"is_beta":false,"boss_relics":[{"not_picked":["Runic Dome","Busted Crown"],"picked":"Ectoplasm"}],"items_purged_floors":[3],"is_endless":false,"potions_floor_spawned":[1,5,12,14,22],"killed_by":"Book of Stabbing","ascension_level":19}