{"gold_per_floor":[112,126,226,104,116,116,132,132,162,162,173,203,214,228,228,331,331,345,362,262,280,116,116,148,161,161,232,265,265,279,355,355,355],"floor_reached":33,"playtime":2063,"items_purged":["Strike_R","Strike_R","Defend_R"],"score":294,"play_id":"e0a535b3-d7dd-479b-9504-1a73080e49c1","local_time":"20190114203336","is_ascension_mode":false,"campfire_choices":[{"data":"True Grit","floor":6.0,"key":"SMITH"},{"data":"Bash","floor":8.0,"key":"SMITH"},{"data":"Clash","floor":10.0,"key":"SMITH"},{"data":"Body Slam","floor":15.0,"key":"SMITH"},{"data":"Shrug It Off","floor":23,"key":"SMITH"},{"data":"Offering","floor":32,"key":"SMITH"}],"neow_cost":"NONE","seed_source_timestamp":0,"circlet_count":0,"master_deck":["Strike_R","Strike_R","Strike_R","Defend_R","Defend_R","Defend_R","Bash+1","Clash+1","True Grit+1","Shrug It Off+1","Body Slam+1","Offering+1","True Grit+1","Metallicize","Shrug It Off+1","Flame Barrier","Dropkick","Writhe"],"special_seed":0,"relics":["Burning Blood","Bag of Preparation","Tiny Chest","Matryoshka","Philosopher\u0027s Stone","Bottled Lightning","Ancient Tea Set","Gambling Chip","Blood Vial","Question Card","Red Mask","Darkstone Periapt","Pear"],"potions_floor_usage":[30,33],"damage_taken":[{"damage":4.0,"enemies":"Small Slimes","floor":1.0,"turns":3.0},{"damage":6.0,"enemies":"Cultist","floor":2.0,"turns":3.0},{"damage":5.0,"enemies":"2 Louse","floor":5.0,"turns":4.0},{"damage":0.0,"enemies":"2 Fungi Beasts","floor":7.0,"turns":4.0},{"damage":0.0,"enemies":"Looter","floor":11.0,"turns":2.0},{"damage":9.0,"enemies":"Gremlin Nob","floor":12.0,"turns":4.0},{"damage":7.0,"enemies":"Blue Slaver","floor":13.0,"turns":3.0},{"damage":0.0,"enemies":"Exordium Thugs","floor":14.0,"turns":5.0},{"damage":46.0,"enemies":"Hexaghost","floor":16.0,"turns":9.0},{"damage":6.0,"enemies":"Chosen","floor":18.0,"turns":3.0},{"damage":11,"enemies":"3 Byrds","floor":19,"turns":6},{"damage":42,"enemies":"Sentry and Sphere","floor":21,"turns":8},{"damage":11,"enemies":"Book of Stabbing","floor":24,"turns":5},{"damage":0,"enemies":"Snake Plant","floor":25,"turns":3},{"damage":6,"enemies":"Masked Bandits","floor":28,"turns":3},{"damage":19,"enemies":"Cultist and Chosen","floor":30,"turns":8},{"damage":58,"enemies":"Automaton","floor":33,"turns":12}],"seed_played":"8505303991909384253","potions_obtained":[{"floor":1.0,"key":"Poison Potion"},{"floor":5.0,"key":"Fire Potion"},{"floor":12.0,"key":"Block Potion"},{"floor":14.0,"key":"Regen Potion"},{"floor":18.0,"key":"Strength Potion"}],"is_trial":false,"path_per_floor":["M","M","?","$","M","R","M","R","T","R","M","E","M","M","R","B",null,"M","M","$","M","$","R","E","M","T","T","?","?","M","T","R","B"],"character_chosen":"IRONCLAD","items_purchased":["True Grit","Metallicize"],"campfire_rested":0,"item_purchase_floors":[4,22],"current_hp_per_floor":[80,80,80,80,80,80,80,80,80,80,80,77,76,80,80,40,80,80,75,75,39,39,39,34,40,40,40,42,48,37,47,47,0],"gold":355,"neow_bonus":"RANDOM_COMMON_RELIC","is_prod":false,"is_daily":false,"chose_seed":false,"campfire_upgraded":6,"win_rate":0,"timestamp":1547516016,"path_taken":["M","M","?","$","M","R","M","R","T","R","M","E","M","?","R","BOSS","M","M","$","M","$","R","E","M","T","?","?","?","M","?","R","BOSS"],"build_version":"2019-01-10","purchased_purges":3,"victory":false,"max_hp_per_floor":[80,80,80,80,80,80,80,80,80,80,80,80,80,80,80,80,80,80,80,80,80,80,80,80,80,80,80,80,86,86,96,96,96],"card_choices":[{"not_picked":["Carnage","Heavy Blade","Feel No Pain"],"picked":"SKIP","floor":1.0},{"not_picked":["Thunderclap","Sever Soul"],"picked":"Clash","floor":2.0},{"not_picked":["Anger","Perfected Strike","Second Wind"],"picked":"SKIP","floor":5.0},{"not_picked":["Thunderclap","Infernal Blade","Sever Soul"],"picked":"SKIP","floor":7.0},{"not_picked":["Headbutt","Burning Pact"],"picked":"Shrug It Off","floor":11.0},{"not_picked":["Sword Boomerang","Burning Pact"],"picked":"Body Slam","floor":12.0},{"not_picked":["Entrench","Armaments","Perfected Strike"],"picked":"SKIP","floor":13.0},{"not_picked":["Wild Strike","Warcry","Blood for Blood"],"picked":"SKIP","floor":14.0},{"not_picked":["Immolate","Fiend Fire"],"picked":"Offering","floor":16.0},{"not_picked":["Warcry+1","Anger"],"picked":"True Grit+1","floor":18.0},{"not_picked":["Rage+1","Iron Wave","Dual Wield"],"picked":"SKIP","floor":19},{"not_picked":["Iron Wave","Perfected Strike","Warcry"],"picked":"SKIP","floor":21},{"not_picked":["Headbutt","Seeing Red+1"],"picked":"Shrug It Off+1","floor":24},{"not_picked":["Whirlwind","Evolve+1"],"picked":"Flame Barrier","floor":25},{"not_picked":["Twin Strike","Bludgeon","Shrug It Off"],"picked":"Dropkick","floor":28},{"not_picked":["Ghostly Armor","Combust+1","Clash","Rupture+1"],"picked":"SKIP","floor":30}],"player_experience":323896,"relics_obtained":[{"floor":9.0,"key":"Tiny Chest"},{"floor":12.0,"key":"Matryoshka"},{"floor":24,"key":"Bottled Lightning"},{"floor":26,"key":"Ancient Tea Set"},{"floor":26,"key":"Gambling Chip"},{"floor":27,"key":"Blood Vial"},{"floor":27,"key":"Question Card"},{"floor":28,"key":"Red Mask"},{"floor":31,"key":"Pear"}],"event_choices":[{"damage_healed":0.0,"max_hp_gain":0.0,"max_hp_loss":0.0,"gold_gain":100.0,"event_name":"Wheel of Change","player_choice":"Gold","floor":3.0,"gold_loss":0.0,"damage_taken":0.0},{"damage_healed":0,"gold_gain":0,"player_choice":"Fought Bandits","damage_taken":0,"max_hp_gain":0,"max_hp_loss":0,"event_name":"Masked Bandits","floor":28,"gold_loss":0},{"damage_healed":0,"gold_gain":0,"player_choice":"Opened","damage_taken":0,"relics_obtained":["Darkstone Periapt"],"max_hp_gain":0,"max_hp_loss":0,"event_name":"The Mausoleum","floor":29,"gold_loss":0,"cards_obtained":["Writhe"]}],"is_beta":false,"boss_relics":[{"not_picked":["Snecko Eye","Lizard Tail"],"picked":"Philosopher\u0027s Stone"}],"items_purged_floors":[4,20,22],"is_endless":false,"potions_floor_spawned":[1,5,12,14,18,21,24],"killed_by":"Automaton","ascension_level":0}