{"gold_per_floor":[119,119,146,161,172,200,200,210,237,237,263,281,294,322,322,427,427,446,446,208,241,257,290,300,300,356,356,391,361,361,381,381,381],"floor_reached":33,"playtime":3529,"items_purged":["Strike_G"],"score":498,"play_id":"9e0ae0c3-d89e-4cd9-bcb4-10e13fdcc476","local_time":"20190220175203","is_ascension_mode":true,"campfire_choices":[{"data":"Sucker Punch","floor":7.0,"key":"SMITH"},{"floor":10.0,"key":"REST"},{"floor":15.0,"key":"REST"},{"floor":27.0,"key":"REST"},{"floor":32.0,"key":"REST"}],"neow_cost":"NONE","seed_source_timestamp":0,"circlet_count":0,"master_deck":["AscendersBane","Defend_G","Defend_G","Defend_G","Defend_G","Defend_G","Strike_G","Strike_G","Survivor","Neutralize","Deadly Poison","Dodge and Roll","Sucker Punch+1","Catalyst","Poisoned Stab","Bane","Noxious Fumes","Backstab","Poisoned Stab","Burst","Backflip+1","Sadistic Nature","Calculated Gamble","Sucker Punch+1","Bouncing Flask"],"special_seed":0,"relics":["Ring of the Snake","NeowsBlessing","Torii","Centennial Puzzle","Strawberry","Dream Catcher","The Specimen","Juzu Bracelet","Empty Cage","Red Mask","Art of War","Tiny Chest","Bag of Preparation","MutagenicStrength"],"potions_floor_usage":[33,33,33],"damage_taken":[{"damage":0.0,"enemies":"Jaw Worm","floor":1.0,"turns":1.0},{"damage":0.0,"enemies":"Small Slimes","floor":4.0,"turns":1.0},{"damage":0.0,"enemies":"Cultist","floor":5.0,"turns":1.0},{"damage":15.0,"enemies":"Lagavulin","floor":6.0,"turns":8.0},{"damage":4.0,"enemies":"Gremlin Gang","floor":8.0,"turns":7.0},{"damage":12.0,"enemies":"3 Sentries","floor":11.0,"turns":8.0},{"damage":0.0,"enemies":"Large Slime","floor":12.0,"turns":5.0},{"damage":7.0,"enemies":"3 Louse","floor":13.0,"turns":3.0},{"damage":13.0,"enemies":"Lagavulin","floor":14.0,"turns":6.0},{"damage":33.0,"enemies":"Slime Boss","floor":16.0,"turns":9.0},{"damage":10.0,"enemies":"3 Byrds","floor":18.0,"turns":5.0},{"damage":24.0,"enemies":"Masked Bandits","floor":21.0,"turns":5.0},{"damage":2.0,"enemies":"Shell Parasite","floor":22.0,"turns":4.0},{"damage":30.0,"enemies":"Gremlin Leader","floor":23.0,"turns":8.0},{"damage":1.0,"enemies":"Centurion and Healer","floor":24.0,"turns":5.0},{"damage":14.0,"enemies":"Book of Stabbing","floor":28.0,"turns":6.0},{"damage":2.0,"enemies":"Chosen and Byrds","floor":31.0,"turns":4.0},{"damage":65,"enemies":"Champ","floor":33,"turns":9}],"seed_played":"3086735143023495922","potions_obtained":[{"floor":4.0,"key":"SteroidPotion"},{"floor":8.0,"key":"Fruit Juice"},{"floor":11.0,"key":"Energy Potion"},{"floor":12.0,"key":"SkillPotion"},{"floor":16.0,"key":"GhostInAJar"},{"floor":21.0,"key":"FearPotion"},{"floor":24.0,"key":"Fruit Juice"},{"floor":29.0,"key":"EntropicBrew"},{"floor":29.0,"key":"PowerPotion"}],"is_trial":false,"path_per_floor":["M","?","T","M","M","E","R","M","T","R","E","M","M","E","R","B",null,"M","?","$","?","M","E","M","?","T","R","E","?","?","M","R","B"],"character_chosen":"THE_SILENT","items_purchased":["Sadistic Nature"],"campfire_rested":4,"item_purchase_floors":[20],"current_hp_per_floor":[63,56,56,56,56,48,48,44,44,67,55,60,53,40,64,31,69,59,59,59,35,33,3,7,7,7,33,19,19,19,17,43,0],"gold":381,"neow_bonus":"THREE_ENEMY_KILL","is_prod":false,"is_daily":false,"chose_seed":false,"campfire_upgraded":1,"win_rate":0,"timestamp":1550703123,"path_taken":["M","?","?","M","?","E","R","M","T","R","E","M","M","E","R","BOSS","M","?","$","?","M","E","M","?","T","R","E","?","?","M","R","BOSS"],"build_version":"2019-01-23","purchased_purges":1,"victory":false,"max_hp_per_floor":[70,70,70,70,70,77,77,77,77,77,77,82,82,82,82,82,82,82,82,82,82,82,82,87,87,87,87,87,87,87,87,87,87],"card_choices":[{"not_picked":["Skewer","Deflect"],"picked":"Deadly Poison","floor":1.0},{"not_picked":["Distraction","Tactician"],"picked":"Dodge and Roll","floor":4.0},{"not_picked":["Well Laid Plans","Deadly Poison"],"picked":"Sucker Punch","floor":5.0},{"not_picked":["Calculated Gamble","Acrobatics"],"picked":"Slice","floor":6.0},{"not_picked":["Outmaneuver","Grand Finale"],"picked":"Catalyst","floor":8.0},{"not_picked":["Deflect","Flying Knee"],"picked":"Poisoned Stab","floor":10.0},{"not_picked":["Accuracy","Deadly Poison"],"picked":"Bane","floor":11.0},{"not_picked":["Sucker Punch","Finisher","Accuracy"],"picked":"SKIP","floor":12.0},{"not_picked":["Backstab","Dodge and Roll"],"picked":"Noxious Fumes","floor":13.0},{"not_picked":["Caltrops","Quick Slash"],"picked":"Backstab","floor":14.0},{"not_picked":["Flying Knee","Backstab"],"picked":"Poisoned Stab","floor":15.0},{"not_picked":["Adrenaline","Bullet Time"],"picked":"Burst","floor":16.0},{"not_picked":["All Out Attack","Underhanded Strike"],"picked":"Backflip+1","floor":18.0},{"not_picked":["Eviscerate","PiercingWail","Choke"],"picked":"SKIP","floor":22.0},{"not_picked":["Blade Dance","Endless Agony+1","All Out Attack"],"picked":"SKIP","floor":23.0},{"not_picked":["Blade Dance","Endless Agony+1","All Out Attack"],"picked":"SKIP","floor":23.0},{"not_picked":["Dodge and Roll","Sucker Punch+1","Deadly Poison"],"picked":"SKIP","floor":24.0},{"not_picked":["Endless Agony","Riddle With Holes+1","Slice"],"picked":"SKIP","floor":28.0},{"not_picked":["Heel Hook+1","Riddle With Holes+1"],"picked":"Sucker Punch+1","floor":31.0},{"not_picked":["Deflect","All Out Attack"],"picked":"Bouncing Flask","floor":32.0}],"player_experience":519938,"relics_obtained":[{"floor":3.0,"key":"Centennial Puzzle"},{"floor":6.0,"key":"Strawberry"},{"floor":9.0,"key":"Dream Catcher"},{"floor":11.0,"key":"The Specimen"},{"floor":14.0,"key":"Juzu Bracelet"},{"floor":21.0,"key":"Red Mask"},{"floor":23.0,"key":"Art of War"},{"floor":26.0,"key":"Tiny Chest"},{"floor":28.0,"key":"Bag of Preparation"}],"event_choices":[{"damage_healed":0.0,"max_hp_gain":0.0,"max_hp_loss":0.0,"gold_gain":0.0,"event_name":"Scrap Ooze","player_choice":"Success","floor":2.0,"gold_loss":0.0,"damage_taken":7.0,"relics_obtained":["Torii"]},{"damage_healed":0.0,"max_hp_gain":0.0,"max_hp_loss":0.0,"gold_gain":0.0,"event_name":"Vampires","player_choice":"Ignored","floor":19.0,"gold_loss":0.0,"damage_taken":0.0},{"damage_healed":0.0,"max_hp_gain":0.0,"max_hp_loss":0.0,"gold_gain":0.0,"event_name":"Masked Bandits","player_choice":"Fought Bandits","floor":21.0,"gold_loss":0.0,"damage_taken":0.0},{"damage_healed":0.0,"max_hp_gain":0.0,"max_hp_loss":0.0,"gold_gain":0.0,"cards_transformed":["Slice"],"event_name":"Transmorgrifier","player_choice":"Transformed","floor":25.0,"gold_loss":0.0,"damage_taken":0.0,"cards_obtained":["Calculated Gamble"]},{"damage_healed":0.0,"max_hp_gain":0.0,"max_hp_loss":0.0,"gold_gain":0.0,"event_name":"The Woman in Blue","player_choice":"Bought 2 Potions","floor":29.0,"gold_loss":0.0,"damage_taken":0.0},{"damage_healed":0.0,"max_hp_gain":0.0,"max_hp_loss":0.0,"gold_gain":0.0,"event_name":"Drug Dealer","player_choice":"Inject Mutagens","floor":30.0,"gold_loss":0.0,"damage_taken":0.0,"relics_obtained":["MutagenicStrength"]}],"is_beta":false,"boss_relics":[{"not_picked":["WristBlade","Philosopher\u0027s Stone"],"picked":"Empty Cage"}],"items_purged_floors":[20],"is_endless":false,"potions_floor_spawned":[4,8,11,12,13,16,18,21,24],"killed_by":"Champ","ascension_level":11}