{"gold_per_floor":[112,187,206,222,222,222,49,80,80,115,115,14,29,54,54,54],"floor_reached":16,"playtime":481,"items_purged":[],"score":230,"play_id":"281c8d4b-c1e3-43d1-a0c4-fdf3329bb6c5","local_time":"20190125124441","is_ascension_mode":true,"campfire_choices":[{"data":"Clothesline","floor":6.0,"key":"SMITH"},{"data":"Bash","floor":11.0,"key":"SMITH"},{"data":"Havoc","floor":15.0,"key":"SMITH"}],"neow_cost":"TEN_PERCENT_HP_LOSS","seed_source_timestamp":1359427617778521,"circlet_count":0,"master_deck":["AscendersBane","Strike_R","Strike_R","Strike_R","Strike_R","Strike_R","Defend_R","Defend_R","Defend_R","Defend_R","Bash+1","Clothesline+1","Thunderclap","Flame Barrier","Dropkick","Rage","Havoc+1","Carnage"],"special_seed":0,"relics":["Burning Blood","Unceasing Top","PreservedInsect","Gremlin Horn","Happy Flower","Strawberry","Turnip"],"potions_floor_usage":[],"damage_taken":[{"damage":17.0,"enemies":"Small Slimes","floor":1.0,"turns":4.0},{"damage":1.0,"enemies":"Cultist","floor":3.0,"turns":3.0},{"damage":4.0,"enemies":"2 Louse","floor":4.0,"turns":4.0},{"damage":24.0,"enemies":"Lagavulin","floor":8.0,"turns":4.0},{"damage":22.0,"enemies":"Gremlin Nob","floor":10.0,"turns":4.0},{"damage":14.0,"enemies":"Large Slime","floor":13.0,"turns":6.0},{"damage":9.0,"enemies":"3 Sentries","floor":14.0,"turns":7.0},{"damage":40,"enemies":"Hexaghost","floor":16,"turns":7}],"seed_played":"-8917506585038293751","potions_obtained":[{"floor":4.0,"key":"PowerPotion"},{"floor":10.0,"key":"GamblersBrew"},{"floor":13.0,"key":"Block Potion"}],"is_trial":false,"path_per_floor":["M","?","M","M","?","R","$","E","T","E","R","$","M","E","R","B"],"character_chosen":"IRONCLAD","items_purchased":["PreservedInsect","Rage","Havoc"],"campfire_rested":0,"item_purchase_floors":[7,12,12],"current_hp_per_floor":[57,46,51,59,78,78,78,60,60,51,51,51,43,40,40,0],"gold":54,"neow_bonus":"ONE_RARE_RELIC","is_prod":false,"is_daily":false,"chose_seed":false,"campfire_upgraded":3,"win_rate":0,"timestamp":1548416681,"path_taken":["M","?","M","M","?","R","$","E","T","E","R","$","M","E","R","BOSS"],"build_version":"2019-01-23","purchased_purges":0,"victory":false,"max_hp_per_floor":[68,68,68,68,78,78,78,78,78,85,85,85,85,85,85,85],"card_choices":[{"not_picked":["Twin Strike","Entrench"],"picked":"Clothesline","floor":1.0},{"not_picked":["Shrug It Off","Clothesline"],"picked":"Reaper","floor":3.0},{"not_picked":["Heavy Blade","Second Wind"],"picked":"Thunderclap","floor":4.0},{"not_picked":["Body Slam","Anger"],"picked":"Flame Barrier","floor":8.0},{"not_picked":["Reckless Charge","Iron Wave"],"picked":"Dropkick","floor":10.0},{"not_picked":["Cleave","True Grit"],"picked":"Carnage","floor":13.0},{"not_picked":["Shockwave","Whirlwind","Dropkick"],"picked":"SKIP","floor":14.0}],"player_experience":936433,"relics_obtained":[{"floor":8.0,"key":"Gremlin Horn"},{"floor":9.0,"key":"Happy Flower"},{"floor":10.0,"key":"Strawberry"},{"floor":14.0,"key":"Turnip"}],"event_choices":[{"damage_healed":0.0,"max_hp_gain":0.0,"max_hp_loss":0.0,"gold_gain":75.0,"event_name":"World of Goop","player_choice":"Gather Gold","floor":2.0,"gold_loss":0.0,"damage_taken":11.0},{"cards_removed":["Reaper"],"damage_healed":9.0,"max_hp_gain":10.0,"max_hp_loss":0.0,"gold_gain":0.0,"event_name":"Bonfire Elementals","player_choice":"Offered Rare","floor":5.0,"gold_loss":0.0,"damage_taken":0.0}],"is_beta":false,"boss_relics":[],"items_purged_floors":[],"is_endless":false,"potions_floor_spawned":[4,10,13],"killed_by":"Hexaghost","ascension_level":19}