{"gold_per_floor":[416,416,429,443,443,477,477,507,507,507,142,159,177,12,12,84,84,95,110,110,0,13,13,13,13],"floor_reached":25,"playtime":957,"items_purged":[],"score":422,"play_id":"b5a50d00-2d57-4a36-99a0-cdb4bc62f01f","local_time":"20190317164056","is_ascension_mode":true,"campfire_choices":[{"floor":7,"key":"REST"},{"floor":10,"key":"REST"},{"floor":15,"key":"REST"},{"floor":23,"key":"REST"}],"neow_cost":"TEN_PERCENT_HP_LOSS","seed_source_timestamp":373749383786068,"circlet_count":0,"master_deck":["AscendersBane","Strike_R","Strike_R","Strike_R","Strike_R","Strike_R+1","Defend_R","Defend_R","Defend_R+1","Defend_R","Bash","Sword Boomerang","Flame Barrier","Clash","Juggernaut","Anger+1","Cleave","Iron Wave+1","Pommel Strike","Limit Break","Entrench","Shrug It Off","Shrug It Off"],"relics":["Burning Blood","Old Coin","Orichalcum","Sundial","Potion Belt","Incense Burner","Whetstone","Sozu"],"potions_floor_usage":[6,8,16,16,16],"damage_taken":[{"damage":1,"enemies":"2 Louse","floor":1,"turns":3},{"damage":12,"enemies":"Jaw Worm","floor":3,"turns":2},{"damage":7,"enemies":"Small Slimes","floor":4,"turns":3},{"damage":35,"enemies":"Lagavulin","floor":6,"turns":4},{"damage":20,"enemies":"Gremlin Nob","floor":8,"turns":4},{"damage":3,"enemies":"Blue Slaver","floor":12,"turns":3},{"damage":4,"enemies":"Exordium Wildlife","floor":13,"turns":3},{"damage":19,"enemies":"Hexaghost","floor":16,"turns":9},{"damage":12,"enemies":"3 Byrds","floor":18,"turns":4},{"damage":25,"enemies":"2 Thieves","floor":19,"turns":3},{"damage":23,"enemies":"Colosseum Slavers","floor":20,"turns":4},{"damage":21,"enemies":"3 Cultists","floor":22,"turns":6},{"damage":45,"enemies":"Shelled Parasite and Fungi","floor":25,"turns":3}],"seed_played":"6411610865631066351","potions_obtained":[{"floor":3,"key":"Energy Potion"},{"floor":6,"key":"Explosive Potion"},{"floor":8,"key":"Block Potion"},{"floor":12,"key":"Weak Potion"},{"floor":13,"key":"Strength Potion"}],"is_trial":false,"path_per_floor":["M","?","M","M","?","E","R","E","T","R","$","M","M","$","R","B",null,"M","M","?","?","M","R","?","M"],"character_chosen":"IRONCLAD","items_purchased":["Incense Burner","Cleave","Whetstone"],"campfire_rested":4,"item_purchase_floors":[11,11,14],"current_hp_per_floor":[68,68,62,61,41,12,32,18,18,38,38,41,43,43,63,50,64,58,39,22,22,7,27,41,0],"gold":13,"neow_bonus":"ONE_RARE_RELIC","is_prod":false,"is_daily":false,"chose_seed":false,"campfire_upgraded":0,"win_rate":0,"timestamp":1552866056,"path_taken":["M","?","M","M","?","E","R","E","T","R","?","M","?","$","R","BOSS","M","M","?","?","M","R","?","?"],"build_version":"2019-01-23","purchased_purges":0,"victory":false,"max_hp_per_floor":[68,68,68,68,68,68,68,68,68,68,68,68,68,68,68,68,68,68,68,68,68,68,68,68,68],"card_choices":[{"not_picked":["Headbutt","Bloodletting"],"picked":"Sword Boomerang","floor":1},{"not_picked":["Wild Strike","Havoc"],"picked":"Flame Barrier","floor":3},{"not_picked":["Battle Trance","True Grit"],"picked":"Clash","floor":4},{"not_picked":["Exhume","Sword Boomerang"],"picked":"Juggernaut","floor":6},{"not_picked":["Clash","Havoc"],"picked":"Anger","floor":8},{"not_picked":["Havoc","Shrug It Off"],"picked":"Iron Wave","floor":12},{"not_picked":["Bloodletting","Pummel"],"picked":"Pommel Strike","floor":13},{"not_picked":["Bludgeon","Dark Embrace"],"picked":"Limit Break","floor":16},{"not_picked":["Intimidate","Shrug It Off"],"picked":"Entrench","floor":18},{"not_picked":["Searing Blow","Fire Breathing"],"picked":"Shrug It Off","floor":19},{"not_picked":["Havoc","Warcry+1"],"picked":"Shrug It Off","floor":22}],"player_experience":258963,"relics_obtained":[{"floor":6,"key":"Orichalcum"},{"floor":8,"key":"Sundial"},{"floor":9,"key":"Potion Belt"}],"event_choices":[{"damage_healed":0,"gold_gain":0,"player_choice":"Ignored","damage_taken":0,"max_hp_gain":0,"max_hp_loss":0,"event_name":"Liars Game","floor":2,"gold_loss":0},{"damage_healed":0,"gold_gain":0,"player_choice":"Entered Light","damage_taken":20,"max_hp_gain":0,"max_hp_loss":0,"event_name":"Shining Light","floor":5,"gold_loss":0,"cards_upgraded":["Defend_R","Strike_R"]},{"damage_healed":0,"gold_gain":0,"player_choice":"Fight","damage_taken":0,"max_hp_gain":0,"max_hp_loss":0,"event_name":"Colosseum","floor":20,"gold_loss":0},{"damage_healed":0,"gold_gain":0,"player_choice":"Fled From Nobs","damage_taken":0,"max_hp_gain":0,"max_hp_loss":0,"event_name":"Colosseum","floor":20,"gold_loss":0},{"damage_healed":0,"gold_gain":0,"player_choice":"Paid Fearfully","damage_taken":0,"max_hp_gain":0,"max_hp_loss":0,"event_name":"Masked Bandits","floor":21,"gold_loss":110},{"damage_healed":14,"gold_gain":0,"player_choice":"Heal","damage_taken":0,"max_hp_gain":0,"max_hp_loss":0,"event_name":"The Library","floor":24,"gold_loss":0}],"is_beta":false,"boss_relics":[{"not_picked":["Runic Pyramid","Runic Dome"],"picked":"Sozu"}],"items_purged_floors":[],"is_endless":false,"potions_floor_spawned":[3,6,8,12,13,20],"killed_by":"Shelled Parasite and Fungi","ascension_level":20}