{"gold_per_floor":[111,111,122,122,122,122,163,163,163,163,163,163,178,204,204,329,329,349,349,368,368,387,387,144,144,199,199,229,247,258,292,292,393,393,403,418,418],"floor_reached":37,"playtime":2714,"items_purged":["Defend_G"],"score":430,"play_id":"ddeb7c0a-3265-4e6a-aceb-f1a37611dde2","local_time":"20181022221932","is_ascension_mode":false,"campfire_choices":[{"data":"Neutralize","floor":6,"key":"SMITH"},{"data":"Dagger Spray","floor":8,"key":"SMITH"},{"data":"Survivor","floor":10,"key":"SMITH"},{"data":"Backflip","floor":12,"key":"SMITH"},{"data":"Cloak And Dagger","floor":15,"key":"SMITH"},{"data":"Cloak And Dagger","floor":23,"key":"SMITH"},{"data":"Blade Dance","floor":25,"key":"SMITH"},{"data":"Backflip","floor":27,"key":"SMITH"},{"data":"Cloak And Dagger","floor":32,"key":"SMITH"}],"neow_cost":"NONE","seed_source_timestamp":73612649591836,"circlet_count":0,"master_deck":["Defend_G","Defend_G","Defend_G","Defend_G","Strike_G","Strike_G","Strike_G","Strike_G","Survivor+1","Neutralize+1","Cloak And Dagger+1","Backflip+1","Blade Dance+1","Dagger Spray+1","PiercingWail","Dodge and Roll+1","Sucker Punch+1","Cloak And Dagger+1","Backflip+1","Backflip","Cloak And Dagger+1"],"relics":["Ring of the Snake","Dream Catcher","Bloody Idol","PreservedInsect","Frozen Egg 2","Bag of Marbles","WristBlade","Membership Card","Art of War","Pen Nib","Happy Flower","Busted Crown"],"potions_floor_usage":[29,33],"damage_taken":[{"damage":0,"enemies":"Jaw Worm","floor":1,"turns":8},{"damage":0,"enemies":"Cultist","floor":3,"turns":5},{"damage":21,"enemies":"3 Sentries","floor":7,"turns":14},{"damage":2,"enemies":"2 Louse","floor":13,"turns":2},{"damage":28,"enemies":"The Guardian","floor":16,"turns":20},{"damage":10,"enemies":"2 Thieves","floor":18,"turns":3},{"damage":0,"enemies":"Shell Parasite","floor":20,"turns":7},{"damage":15,"enemies":"Sentry and Sphere","floor":22,"turns":12},{"damage":1,"enemies":"Book of Stabbing","floor":28,"turns":5},{"damage":0,"enemies":"Snecko","floor":29,"turns":4},{"damage":4,"enemies":"Shelled Parasite and Fungi","floor":30,"turns":4},{"damage":0,"enemies":"Gremlin Leader","floor":31,"turns":4},{"damage":73,"enemies":"Champ","floor":33,"turns":15},{"damage":0,"enemies":"3 Shapes","floor":35,"turns":2},{"damage":0,"enemies":"3 Darklings","floor":36,"turns":4},{"damage":80,"enemies":"2 Orb Walkers","floor":37,"turns":6}],"seed_played":"-953832992105717710","potions_obtained":[{"floor":3,"key":"GhostInAJar"},{"floor":13,"key":"PowerPotion"},{"floor":29,"key":"Fruit Juice"},{"floor":30,"key":"Weak Potion"}],"is_trial":false,"path_per_floor":["M","?","M","?","?","R","E","R","T","R","?","R","M","T","R","B",null,"M","?","M","?","M","R","$","R","T","R","E","M","M","E","R","B",null,"M","M"],"character_chosen":"THE_SILENT","items_purchased":["Membership Card"],"campfire_rested":0,"item_purchase_floors":[24],"current_hp_per_floor":[70,75,75,75,57,57,36,36,36,36,36,36,34,34,34,6,75,65,65,70,70,60,60,60,60,65,65,69,79,80,80,80,12,80,80,80,0],"gold":418,"neow_bonus":"RANDOM_COMMON_RELIC","is_prod":false,"is_daily":false,"chose_seed":false,"campfire_upgraded":9,"win_rate":0,"timestamp":1540261172,"path_taken":["M","?","?","?","?","R","E","R","T","R","?","R","M","?","R","BOSS","M","?","M","?","M","R","$","R","T","R","E","M","?","E","R","BOSS","M","M","?"],"build_version":"2018-10-18","purchased_purges":1,"victory":false,"max_hp_per_floor":[70,75,75,75,75,75,75,75,75,75,75,75,75,75,75,75,75,75,75,75,75,75,75,75,75,75,75,75,80,80,80,80,80,80,80,80,80],"card_choices":[{"not_picked":["Dagger Throw","Underhanded Strike"],"picked":"Cloak And Dagger","floor":1},{"not_picked":["Outmaneuver","After Image"],"picked":"Backflip","floor":3},{"not_picked":["All Out Attack","Slice"],"picked":"Dagger Spray","floor":7},{"not_picked":["Eviscerate","Quick Slash"],"picked":"PiercingWail","floor":13},{"not_picked":["Calculated Gamble","Prepared"],"picked":"Dodge and Roll+1","floor":18},{"not_picked":["Caltrops+1","Dagger Spray"],"picked":"Sucker Punch+1","floor":20},{"not_picked":["Cloak And Dagger","Slice"],"picked":"Backflip","floor":22},{"not_picked":["Poisoned Stab+1","Malaise"],"picked":"Backflip","floor":28},{"not_picked":["Deflect","Underhanded Strike"],"picked":"Cloak And Dagger","floor":29},{"not_picked":["Skewer","Dagger Throw","Prepared"],"picked":"SKIP","floor":30},{"not_picked":["Heel Hook","Outmaneuver","Dagger Spray"],"picked":"SKIP","floor":31},{"not_picked":["Well Laid Plans+1"],"picked":"SKIP","floor":35},{"not_picked":["Slice"],"picked":"SKIP","floor":36}],"player_experience":226750,"relics_obtained":[{"floor":7,"key":"PreservedInsect"},{"floor":9,"key":"Frozen Egg 2"},{"floor":14,"key":"Bag of Marbles"},{"floor":26,"key":"Art of War"},{"floor":28,"key":"Pen Nib"},{"floor":31,"key":"Happy Flower"}],"event_choices":[{"damage_healed":0,"gold_gain":0,"player_choice":"Donut","damage_taken":0,"max_hp_gain":5,"max_hp_loss":0,"event_name":"Big Fish","floor":2,"gold_loss":0},{"damage_healed":0,"gold_gain":0,"cards_transformed":["Strike_G"],"player_choice":"Transformed","damage_taken":0,"max_hp_gain":0,"max_hp_loss":0,"event_name":"Transmorgrifier","floor":4,"gold_loss":0,"cards_obtained":["Blade Dance"]},{"damage_healed":0,"gold_gain":0,"player_choice":"Take Damage","damage_taken":18,"relics_obtained":["Golden Idol"],"max_hp_gain":0,"max_hp_loss":0,"event_name":"Golden Idol","floor":5,"gold_loss":0},{"damage_healed":0,"gold_gain":0,"player_choice":"Ignored","damage_taken":0,"max_hp_gain":0,"max_hp_loss":0,"event_name":"Liars Game","floor":11,"gold_loss":0},{"damage_healed":0,"gold_gain":0,"player_choice":"Gave Idol","damage_taken":0,"relics_obtained":["Bloody Idol"],"max_hp_gain":0,"max_hp_loss":0,"event_name":"Forgotten Altar","floor":19,"relics_lost":["Golden Idol"],"gold_loss":0},{"damage_healed":0,"gold_gain":0,"player_choice":"Read","damage_taken":0,"max_hp_gain":0,"max_hp_loss":0,"event_name":"The Library","floor":21,"gold_loss":0,"cards_obtained":["Cloak And Dagger"]},{"damage_healed":0,"gold_gain":0,"player_choice":"Fight","damage_taken":0,"max_hp_gain":0,"max_hp_loss":0,"event_name":"Mysterious Sphere","floor":37,"gold_loss":0}],"is_beta":false,"boss_relics":[{"not_picked":["Pandora\u0027s Box","Empty Cage"],"picked":"WristBlade"},{"not_picked":["Tiny House","HoveringKite"],"picked":"Busted Crown"}],"items_purged_floors":[24],"is_endless":false,"potions_floor_spawned":[3,13,29,30],"killed_by":"2 Orb Walkers","ascension_level":0}