{"gold_per_floor":[109,34,34,109,126,126,144,144,144,144,157,157,183,133,133,133],"floor_reached":16,"playtime":561,"items_purged":["Strike_R","Strike_R"],"score":98,"play_id":"25deca03-f728-47f1-99b8-2c09caf7bb1d","local_time":"20181106010623","is_ascension_mode":false,"campfire_choices":[{"data":"Bash","floor":6,"key":"SMITH"},{"data":"Clash","floor":8,"key":"SMITH"},{"data":"Defend_R","floor":10,"key":"SMITH"},{"floor":15,"key":"REST"}],"neow_cost":"NONE","seed_source_timestamp":7687817864902,"circlet_count":0,"master_deck":["Strike_R","Strike_R","Strike_R","Defend_R+1","Defend_R","Defend_R","Defend_R","Bash+1","Clash+1","Pommel Strike"],"relics":["Burning Blood","Smiling Mask","Toxic Egg 2","Anchor"],"potions_floor_usage":[13],"damage_taken":[{"damage":6,"enemies":"Cultist","floor":1,"turns":3},{"damage":4,"enemies":"2 Louse","floor":5,"turns":3},{"damage":5,"enemies":"Small Slimes","floor":7,"turns":4},{"damage":20,"enemies":"Exordium Wildlife","floor":11,"turns":5},{"damage":13,"enemies":"Lagavulin","floor":13,"turns":5},{"damage":80,"enemies":"Hexaghost","floor":16,"turns":10}],"seed_played":"2320658857560325900","potions_obtained":[{"floor":5,"key":"Weak Potion"}],"is_trial":false,"path_per_floor":["M","$","?","?","M","R","M","R","T","R","M","?","E","$","R","B"],"character_chosen":"IRONCLAD","items_purchased":[],"campfire_rested":1,"item_purchase_floors":[],"current_hp_per_floor":[88,88,88,77,79,79,80,80,80,80,66,54,47,47,73,0],"gold":133,"neow_bonus":"TEN_PERCENT_HP_BONUS","is_prod":false,"is_daily":false,"chose_seed":false,"campfire_upgraded":3,"win_rate":0,"timestamp":1541484383,"path_taken":["M","?","?","?","M","R","?","R","T","R","M","?","E","?","R","BOSS"],"build_version":"2018-11-01","purchased_purges":2,"victory":false,"max_hp_per_floor":[88,88,88,88,88,88,88,88,88,88,88,88,88,88,88,88],"card_choices":[{"not_picked":["Flex","Inflame","Clothesline"],"picked":"SKIP","floor":1},{"not_picked":["Cleave","Bloodletting"],"picked":"Clash","floor":5},{"not_picked":["Dropkick","Metallicize","Perfected Strike"],"picked":"SKIP","floor":7},{"not_picked":["Anger","Headbutt"],"picked":"Pommel Strike","floor":11},{"not_picked":["Flex+1","Shockwave+1","Metallicize"],"picked":"SKIP","floor":13}],"player_experience":245494,"relics_obtained":[{"floor":9,"key":"Smiling Mask"},{"floor":13,"key":"Anchor"}],"event_choices":[{"damage_healed":0,"gold_gain":0,"player_choice":"Leave","damage_taken":0,"max_hp_gain":0,"max_hp_loss":0,"event_name":"The Cleric","floor":3,"gold_loss":0},{"damage_healed":0,"gold_gain":75,"player_choice":"Gather Gold","damage_taken":11,"max_hp_gain":0,"max_hp_loss":0,"event_name":"World of Goop","floor":4,"gold_loss":0},{"damage_healed":0,"gold_gain":0,"player_choice":"Success","damage_taken":12,"relics_obtained":["Toxic Egg 2"],"max_hp_gain":0,"max_hp_loss":0,"event_name":"Scrap Ooze","floor":12,"gold_loss":0}],"is_beta":false,"boss_relics":[],"items_purged_floors":[2,14],"is_endless":false,"potions_floor_spawned":[5],"killed_by":"Hexaghost","ascension_level":0}