{"gold_per_floor":[114,133,58,58,58,58,58,58,84,103,103,114,114,127,127,226,226,246,260,285,285,304,330,330,348,373,373,387,404,304,304,304,399,399,410,410,456,470,487,487],"floor_reached":40,"playtime":3568,"items_purged":["Strike_B","Defend_B"],"score":648,"play_id":"449abb29-1694-45f3-bedd-ec1cf7e49eb0","local_time":"20180716155558","is_ascension_mode":false,"campfire_choices":[{"data":"Chill","floor":6,"key":"SMITH"},{"data":"Zap","floor":8,"key":"SMITH"},{"data":"Dualcast","floor":11,"key":"SMITH"},{"data":"Streamline","floor":13,"key":"SMITH"},{"data":"Hologram","floor":15,"key":"SMITH"},{"data":"Sweeping Beam","floor":24,"key":"SMITH"},{"data":"Conserve Battery","floor":27,"key":"SMITH"},{"data":"Rebound","floor":32,"key":"SMITH"}],"neow_cost":"NONE","seed_source_timestamp":159161373841848,"circlet_count":0,"master_deck":["Strike_B","Strike_B","Strike_B+1","Defend_B","Defend_B+1","Defend_B","Zap+1","Dualcast+1","Conserve Battery+1","Chill+1","Zap+1","Swift Strike+1","Streamline+1","Hologram+1","Redo","Echo Form","FTL+1","Sweeping Beam+1","Turbo+1","Conserve Battery+1","Rebound+1","Rebound+1","Ghostly","Ghostly","Ghostly","Ghostly","Ghostly","Biased Cognition","Sweeping Beam+1","Rip and Tear+1"],"relics":["Cracked Core","Anchor","Sozu","Red Mask","Whetstone","Pen Nib","Eternal Feather","Sundial","Ginger"],"potions_floor_usage":[16,20],"damage_taken":[{"damage":1,"enemies":"Cultist","floor":1,"turns":3},{"damage":0,"enemies":"Small Slimes","floor":2,"turns":4},{"damage":0,"enemies":"2 Louse","floor":10,"turns":3},{"damage":0,"enemies":"Large Slime","floor":12,"turns":5},{"damage":0,"enemies":"Looter","floor":14,"turns":3},{"damage":25,"enemies":"Hexaghost","floor":16,"turns":9},{"damage":0,"enemies":"Chosen","floor":18,"turns":4},{"damage":0,"enemies":"Shell Parasite","floor":19,"turns":4},{"damage":8,"floor":20,"turns":4},{"damage":7,"enemies":"3 Cultists","floor":22,"turns":6},{"damage":0,"enemies":"Gremlin Leader","floor":23,"turns":11},{"damage":14,"enemies":"Snake Plant","floor":25,"turns":4},{"damage":13,"enemies":"Cultist and Chosen","floor":28,"turns":7},{"damage":0,"enemies":"Centurion and Healer","floor":29,"turns":7},{"damage":32,"enemies":"Collector","floor":33,"turns":10},{"damage":29,"enemies":"3 Shapes","floor":35,"turns":9},{"damage":0,"floor":36,"turns":9},{"damage":3,"floor":37,"turns":8},{"damage":0,"enemies":"Flame Bruiser 1 Orb","floor":38,"turns":4},{"damage":0,"enemies":"Transient","floor":39,"turns":5},{"damage":23,"enemies":"Nemesis","floor":40,"turns":2}],"seed_played":"-2948065691072605286","potions_obtained":[{"floor":10,"key":"FocusPotion"},{"floor":16,"key":"Explosive Potion"}],"is_trial":false,"path_per_floor":["M","M","$","?","?","R","?","R","T","M","R","M","R","M","R","B",null,"M","M","?","?","M","E","R","M","T","R","M","M","$","?","R","B",null,"M","?","?","M","M"],"character_chosen":"DEFECT","items_purchased":[],"campfire_rested":0,"item_purchase_floors":[],"current_hp_per_floor":[74,74,74,74,59,59,59,59,59,59,59,59,59,59,59,34,75,75,75,67,67,60,60,60,46,46,46,33,33,33,33,33,1,37,8,8,5,5,5,0],"gold":487,"neow_bonus":"UPGRADE_CARD","is_prod":false,"is_daily":false,"chose_seed":false,"campfire_upgraded":8,"win_rate":0.0,"timestamp":1531770958,"path_taken":["M","?","$","?","?","R","?","R","T","M","R","M","R","M","R","BOSS","M","M","?","?","M","E","R","M","T","R","M","?","$","?","R","BOSS","M","?","?","?","M","E"],"build_version":"2018-07-12","purchased_purges":2,"victory":false,"max_hp_per_floor":[75,75,75,75,75,75,75,75,75,75,75,75,75,75,75,75,75,75,75,75,75,75,75,75,75,75,75,75,75,75,37,37,37,37,37,37,37,37,37,37],"card_choices":[{"not_picked":["Doom and Gloom","Steam"],"picked":"Conserve Battery","floor":1},{"not_picked":["Beam Cell","Tempest"],"picked":"Chill","floor":2},{"not_picked":["Gash","Lockon"],"picked":"Streamline","floor":10},{"not_picked":["Ball Lightning","Cold Snap"],"picked":"Hologram","floor":12},{"not_picked":["Biased Cognition","Compile Driver"],"picked":"Redo","floor":14},{"not_picked":["Fission","Biased Cognition"],"picked":"Echo Form","floor":16},{"not_picked":["Force Field","Leap"],"picked":"FTL+1","floor":18},{"not_picked":["Ball Lightning","Rainbow"],"picked":"Sweeping Beam","floor":19},{"not_picked":["Aggregate","Storm","Leap"],"picked":"SKIP","floor":22},{"not_picked":["Force Field","Redo"],"picked":"Turbo+1","floor":23},{"not_picked":["Capacitor","Beam Cell"],"picked":"Conserve Battery","floor":25},{"not_picked":["Ball Lightning","Redo"],"picked":"Rebound","floor":28},{"not_picked":["Tempest+1","Reboot"],"picked":"Rebound+1","floor":29},{"not_picked":["Multi-Cast","Meteor Strike"],"picked":"Biased Cognition","floor":33},{"not_picked":["Steam","Consume+1"],"picked":"Sweeping Beam+1","floor":35},{"not_picked":["Storm+1","Beam Cell"],"picked":"Rip and Tear+1","floor":37},{"not_picked":["Stack","Rebound","Lockon"],"picked":"SKIP","floor":38},{"not_picked":["Compile Driver","Hologram","Capacitor"],"picked":"SKIP","floor":39}],"player_experience":46449,"relics_obtained":[{"floor":9,"key":"Anchor"},{"floor":20,"key":"Red Mask"},{"floor":23,"key":"Whetstone"},{"floor":26,"key":"Pen Nib"},{"floor":36,"key":"Sundial"},{"floor":37,"key":"Ginger"}],"event_choices":[{"event_name":"Match and Keep!","player_choice":"2 cards matched","floor":4,"damage_taken":0},{"event_name":"Shining Light","player_choice":"Entered Light","floor":5,"damage_taken":0},{"event_name":"Liars Game","player_choice":"disagreed","floor":7,"damage_taken":0},{"event_name":"Masked Bandits","player_choice":"Fought over 260 gold","floor":20,"damage_taken":0},{"event_name":"Drug Dealer","player_choice":"Ignored","floor":21,"damage_taken":0},{"event_name":"Ghosts","player_choice":"Became a Ghost","floor":31,"damage_taken":0},{"event_name":"MindBloom","player_choice":"Fight","floor":36,"damage_taken":0},{"event_name":"Mysterious Sphere","player_choice":"Fight","floor":37,"damage_taken":0}],"boss_relics":[{"not_picked":["Tiny House","Empty Cage"],"picked":"Sozu"},{"not_picked":["Calling Bell","Orrery"],"picked":"Eternal Feather"}],"items_purged_floors":[3,30],"is_endless":false,"potions_floor_spawned":[10,16,22,23,28,29,38],"killed_by":"Nemesis","ascension_level":0}