{"gold_per_floor":[113,128,145,165,165,165,200,59,83,83,108,119,149,4,4,75,75,88,88,88,36,47,47,47],"floor_reached":24,"playtime":1568,"items_purged":["Strike_R"],"score":375,"play_id":"d6597d21-105d-4d51-b884-09193b43f460","local_time":"20181018190604","is_ascension_mode":true,"campfire_choices":[{"data":"Flex","floor":6.0,"key":"SMITH"},{"data":"Fiend Fire","floor":10.0,"key":"SMITH"},{"data":"Dark Embrace","floor":15.0,"key":"SMITH"},{"data":"Evolve","floor":23,"key":"SMITH"}],"neow_cost":"TEN_PERCENT_HP_LOSS","seed_source_timestamp":611154208005572,"circlet_count":0,"master_deck":["Strike_R","Strike_R","Strike_R","Defend_R","Defend_R","Defend_R","Bash","AscendersBane","Wild Strike","Battle Trance","Armaments+1","Flex+1","Pommel Strike","Twin Strike","Fiend Fire+1","Dark Embrace+1","Impervious","Evolve+1","Immolate","Shrug It Off","Headbutt"],"special_seed":0,"relics":["Burning Blood","Strawberry","Vajra","Pen Nib","Orichalcum","Eternal Feather"],"potions_floor_usage":[24],"damage_taken":[{"damage":12.0,"enemies":"Jaw Worm","floor":1.0,"turns":2.0},{"damage":1.0,"enemies":"Cultist","floor":2.0,"turns":3.0},{"damage":5.0,"enemies":"Small Slimes","floor":3.0,"turns":3.0},{"damage":13.0,"enemies":"Blue Slaver","floor":4.0,"turns":3.0},{"damage":32.0,"enemies":"3 Sentries","floor":7.0,"turns":7.0},{"damage":20.0,"enemies":"Lagavulin","floor":11.0,"turns":5.0},{"damage":8.0,"enemies":"3 Louse","floor":12.0,"turns":3.0},{"damage":12.0,"enemies":"Gremlin Nob","floor":13.0,"turns":3.0},{"damage":16.0,"enemies":"Hexaghost","floor":16.0,"turns":8.0},{"damage":12.0,"enemies":"3 Byrds","floor":18.0,"turns":5.0},{"damage":30,"enemies":"Colosseum Slavers","floor":20,"turns":4},{"damage":10,"enemies":"2 Thieves","floor":22,"turns":3},{"damage":43,"enemies":"Slavers","floor":24,"turns":2}],"seed_played":"7815909746112714127","potions_obtained":[{"floor":4.0,"key":"Regen Potion"},{"floor":7.0,"key":"PowerPotion"},{"floor":12.0,"key":"EssenceOfSteel"}],"is_trial":false,"path_per_floor":["M","M","M","M","?","R","E","$","T","R","E","M","E","$","R","B",null,"M","?","?","$","M","R"],"character_chosen":"IRONCLAD","items_purchased":["Fiend Fire","Evolve","PowerPotion"],"campfire_rested":0,"item_purchase_floors":[8,14,21],"current_hp_per_floor":[62,67,68,61,61,61,57,57,57,57,43,41,35,35,35,25,63,57,57,33,33,29,41,0],"gold":47,"neow_bonus":"TRANSFORM_TWO_CARDS","is_prod":false,"is_daily":false,"chose_seed":false,"campfire_upgraded":4,"win_rate":0,"timestamp":1539882364,"path_taken":["M","M","M","M","?","R","E","$","T","R","E","M","E","$","R","BOSS","M","?","?","$","?","R","E"],"build_version":"2018-10-11","purchased_purges":1,"victory":false,"max_hp_per_floor":[68,68,68,68,68,68,75,75,75,75,75,75,75,75,75,75,75,75,75,75,75,75,75,75],"card_choices":[{"not_picked":["Havoc","Anger"],"picked":"Armaments","floor":1.0},{"not_picked":["Intimidate","Perfected Strike"],"picked":"Flex","floor":2.0},{"not_picked":["Cleave","Warcry"],"picked":"Pommel Strike","floor":3.0},{"not_picked":["Blood for Blood","Armaments","Warcry"],"picked":"SKIP","floor":4.0},{"not_picked":["Clash","Heavy Blade"],"picked":"Twin Strike","floor":7.0},{"not_picked":["Seeing Red","Sever Soul","Entrench"],"picked":"SKIP","floor":11.0},{"not_picked":["Havoc","Flex"],"picked":"Dark Embrace","floor":12.0},{"not_picked":["Whirlwind","Cleave"],"picked":"Impervious","floor":13.0},{"not_picked":["Fiend Fire","Juggernaut"],"picked":"Immolate","floor":16.0},{"not_picked":["Pommel Strike","Second Wind"],"picked":"Shrug It Off","floor":18.0},{"not_picked":["Battle Trance","Clothesline"],"picked":"Headbutt","floor":22}],"player_experience":844527,"relics_obtained":[{"floor":7.0,"key":"Strawberry"},{"floor":9.0,"key":"Vajra"},{"floor":11.0,"key":"Pen Nib"},{"floor":13.0,"key":"Orichalcum"}],"event_choices":[{"event_name":"Upgrade Shrine","player_choice":"Upgraded","floor":5.0,"damage_taken":0.0},{"event_name":"Vampires","player_choice":"Ignored","floor":19.0,"damage_taken":0.0},{"event_name":"Colosseum","player_choice":"Fight","floor":20,"damage_taken":0},{"event_name":"Colosseum","player_choice":"Fled From Nobs","floor":20,"damage_taken":0}],"is_beta":false,"boss_relics":[{"not_picked":["Runic Dome","Coffee Dripper"],"picked":"Eternal Feather"}],"items_purged_floors":[14],"is_endless":false,"potions_floor_spawned":[4,7,12,20],"killed_by":"Slavers","ascension_level":15}