{"gold_per_floor":[112,37,37,37,52,52,71,71,71,71,131,163,163,179,179,256,256,237,251,269,269,369,369,387,387,387,406,406,426,426,454,454,531,531,546,546,564,584,601,601,633,633,658,705,705,716,716,728,728,728],"floor_reached":51,"playtime":3791,"items_purged":[],"score":1310,"play_id":"6b6d8610-60e0-422d-b4a9-7b78c6b5d9a9","local_time":"20190316023254","is_ascension_mode":true,"campfire_choices":[{"data":"Pommel Strike","floor":6.0,"key":"SMITH"},{"data":"Shockwave","floor":8.0,"key":"SMITH"},{"data":"Inflame","floor":13.0,"key":"SMITH"},{"floor":15.0,"key":"REST"},{"data":"Shrug It Off","floor":23.0,"key":"SMITH"},{"floor":25.0,"key":"DIG"},{"floor":32.0,"key":"DIG"},{"data":"Limit Break","floor":40.0,"key":"SMITH"},{"data":"Warcry","floor":42.0,"key":"SMITH"},{"data":"Flame Barrier","floor":47,"key":"SMITH"},{"floor":49,"key":"DIG"}],"neow_cost":"NONE","seed_source_timestamp":274419565696278,"circlet_count":0,"master_deck":["AscendersBane","Strike_R","Strike_R","Defend_R","Defend_R","Defend_R","Bash+1","Shockwave+1","Pommel Strike+1","Reaper","Inflame+1","Impervious","Shrug It Off+1","Flame Barrier+1","Rampage+1","Limit Break+1","Metallicize+1","Warcry+1"],"special_seed":0,"relics":["Empty Cage","Bag of Marbles","Ornamental Fan","Potion Belt","Busted Crown","Shovel","Bottled Lightning","Omamori","MutagenicStrength","Nloth\u0027s Gift","Du-Vu Doll","Magic Flower","Eternal Feather","Calipers","Centennial Puzzle","Nunchaku","The Courier","Happy Flower"],"potions_floor_usage":[50,50],"damage_taken":[{"damage":2.0,"enemies":"Jaw Worm","floor":1.0,"turns":6.0},{"damage":2.0,"enemies":"2 Louse","floor":5.0,"turns":4.0},{"damage":8.0,"enemies":"Small Slimes","floor":7.0,"turns":3.0},{"damage":16.0,"enemies":"Gremlin Nob","floor":11.0,"turns":3.0},{"damage":31.0,"enemies":"Lagavulin","floor":12.0,"turns":8.0},{"damage":12.0,"enemies":"Looter","floor":14.0,"turns":4.0},{"damage":56.0,"enemies":"Slime Boss","floor":16.0,"turns":9.0},{"damage":11.0,"enemies":"2 Thieves","floor":18.0,"turns":4.0},{"damage":0.0,"enemies":"Chosen","floor":19.0,"turns":5.0},{"damage":16.0,"enemies":"Centurion and Healer","floor":20.0,"turns":5.0},{"damage":18.0,"enemies":"Colosseum Slavers","floor":22.0,"turns":4.0},{"damage":5.0,"enemies":"Colosseum Nobs","floor":22.0,"turns":3.0},{"damage":28.0,"enemies":"Chosen and Byrds","floor":24.0,"turns":6.0},{"damage":8.0,"enemies":"3 Cultists","floor":27.0,"turns":5.0},{"damage":4.0,"enemies":"Centurion and Healer","floor":29.0,"turns":6.0},{"damage":17.0,"enemies":"Slavers","floor":31.0,"turns":5.0},{"damage":96.0,"enemies":"Collector","floor":33.0,"turns":9.0},{"damage":14.0,"enemies":"3 Darklings","floor":35.0,"turns":6.0},{"damage":9.0,"enemies":"Orb Walker","floor":37.0,"turns":4.0},{"damage":35.0,"enemies":"Transient","floor":38.0,"turns":5.0},{"damage":26.0,"enemies":"4 Shapes","floor":39.0,"turns":7.0},{"damage":53.0,"enemies":"Giant Head","floor":41.0,"turns":8.0},{"damage":75.0,"enemies":"2 Orb Walkers","floor":44.0,"turns":7.0},{"damage":10.0,"enemies":"Spire Growth","floor":46.0,"turns":6.0},{"damage":36,"enemies":"Jaw Worm Horde","floor":48,"turns":5},{"damage":38,"enemies":"Awakened One","floor":50,"turns":10}],"seed_played":"6082082275012097324","potions_obtained":[{"floor":5.0,"key":"Strength Potion"},{"floor":7.0,"key":"Regen Potion"},{"floor":12.0,"key":"LiquidBronze"},{"floor":19.0,"key":"FearPotion"},{"floor":20.0,"key":"AttackPotion"},{"floor":22.0,"key":"Poison Potion"},{"floor":27.0,"key":"Energy Potion"},{"floor":29.0,"key":"Explosive Potion"},{"floor":37.0,"key":"Dexterity Potion"},{"floor":46.0,"key":"Dexterity Potion"},{"floor":48,"key":"SmokeBomb"}],"is_trial":false,"path_per_floor":["M","?","?","?","M","R","M","R","T","$","?","E","R","M","R","B",null,"M","M","M","?","?","R","M","R","T","M","?","M","?","E","R","B",null,"M","?","M","M","M","R","E","R","T","?","T","M","R","M","R","B",null],"character_chosen":"IRONCLAD","items_purchased":[],"campfire_rested":1,"item_purchase_floors":[],"current_hp_per_floor":[66,66,66,66,64,64,56,56,56,56,49,27,27,15,37,2,57,58,68,72,51,58,58,40,40,40,72,72,80,80,76,76,15,64,80,80,71,69,78,80,36,45,45,25,25,62,71,80,80,75],"gold":728,"neow_bonus":"BOSS_RELIC","is_prod":false,"is_daily":false,"chose_seed":false,"campfire_upgraded":7,"win_rate":0,"timestamp":1552717974,"path_taken":["M","?","?","?","M","R","M","R","T","$","?","E","R","M","R","BOSS","M","M","M","?","?","R","M","R","T","M","?","M","?","E","R","BOSS","M","?","?","M","M","R","E","R","T","?","?","M","R","M","R","BOSS"],"build_version":"2019-01-23","purchased_purges":0,"victory":true,"max_hp_per_floor":[75,75,75,75,75,75,75,75,75,75,75,75,75,75,75,75,75,75,75,75,80,80,80,80,80,80,80,80,80,80,80,80,80,80,80,80,80,80,80,80,80,80,80,80,80,80,80,80,80,80],"card_choices":[{"not_picked":["Clothesline","Armaments"],"picked":"Shockwave","floor":1.0},{"not_picked":["Iron Wave","Clash"],"picked":"Pommel Strike","floor":5.0},{"not_picked":["Wild Strike","Body Slam"],"picked":"Reaper","floor":7.0},{"not_picked":["Perfected Strike","Havoc"],"picked":"Inflame","floor":11.0},{"not_picked":["Heavy Blade","Intimidate","Thunderclap"],"picked":"SKIP","floor":12.0},{"not_picked":["Clash","Wild Strike","Armaments"],"picked":"SKIP","floor":14.0},{"not_picked":["Offering","Exhume"],"picked":"Impervious","floor":16.0},{"not_picked":["Havoc+1"],"picked":"SKIP","floor":18.0},{"not_picked":["Evolve"],"picked":"SKIP","floor":19.0},{"not_picked":["Sword Boomerang"],"picked":"SKIP","floor":20.0},{"not_picked":[],"picked":"Shrug It Off","floor":22.0},{"not_picked":["Blood for Blood"],"picked":"SKIP","floor":24.0},{"not_picked":[],"picked":"Flame Barrier","floor":27.0},{"not_picked":[],"picked":"Rampage+1","floor":29.0},{"not_picked":["Infernal Blade"],"picked":"SKIP","floor":31.0},{"not_picked":[],"picked":"Limit Break","floor":33.0},{"not_picked":[],"picked":"Metallicize+1","floor":35.0},{"not_picked":["Juggernaut"],"picked":"SKIP","floor":37.0},{"not_picked":[],"picked":"Warcry","floor":38.0},{"not_picked":["Pommel Strike"],"picked":"SKIP","floor":39.0},{"not_picked":["Perfected Strike+1"],"picked":"SKIP","floor":41.0},{"not_picked":["Ghostly Armor"],"picked":"SKIP","floor":46.0},{"not_picked":["Cleave+1"],"picked":"SKIP","floor":48}],"player_experience":369965,"relics_obtained":[{"floor":9.0,"key":"Bag of Marbles"},{"floor":11.0,"key":"Ornamental Fan"},{"floor":12.0,"key":"Potion Belt"},{"floor":22.0,"key":"Shovel"},{"floor":22.0,"key":"Bottled Lightning"},{"floor":25.0,"key":"Red Skull"},{"floor":26.0,"key":"Omamori"},{"floor":31.0,"key":"Du-Vu Doll"},{"floor":32.0,"key":"Magic Flower"},{"floor":41.0,"key":"Calipers"},{"floor":43.0,"key":"Centennial Puzzle"},{"floor":44.0,"key":"Nunchaku"},{"floor":45.0,"key":"The Courier"},{"floor":49,"key":"Happy Flower"}],"event_choices":[{"cards_removed":["Defend_R"],"damage_healed":0.0,"max_hp_gain":0.0,"max_hp_loss":0.0,"gold_gain":0.0,"event_name":"The Cleric","player_choice":"Card Removal","floor":2.0,"gold_loss":75.0,"damage_taken":0.0},{"damage_healed":0.0,"max_hp_gain":0.0,"max_hp_loss":0.0,"gold_gain":0.0,"event_name":"Living Wall","player_choice":"Grow","floor":3.0,"gold_loss":0.0,"damage_taken":0.0,"cards_upgraded":["Bash"]},{"damage_healed":0.0,"max_hp_gain":0.0,"max_hp_loss":0.0,"gold_gain":0.0,"event_name":"Liars Game","player_choice":"Ignored","floor":4.0,"gold_loss":0.0,"damage_taken":0.0},{"damage_healed":0.0,"max_hp_gain":0.0,"max_hp_loss":0.0,"gold_gain":0.0,"event_name":"Dead Adventurer","player_choice":"Searched \u00271\u0027 times","floor":11.0,"gold_loss":0.0,"damage_taken":0.0},{"damage_healed":0.0,"max_hp_gain":5.0,"max_hp_loss":0.0,"gold_gain":0.0,"event_name":"Forgotten Altar","player_choice":"Shed Blood","floor":21.0,"gold_loss":0.0,"damage_taken":26.0},{"damage_healed":0.0,"max_hp_gain":0.0,"max_hp_loss":0.0,"gold_gain":0.0,"event_name":"Colosseum","player_choice":"Fight","floor":22.0,"gold_loss":0.0,"damage_taken":0.0},{"damage_healed":0.0,"max_hp_gain":0.0,"max_hp_loss":0.0,"gold_gain":0.0,"event_name":"Colosseum","player_choice":"Fought Nobs","floor":22.0,"gold_loss":0.0,"damage_taken":0.0},{"damage_healed":0.0,"max_hp_gain":0.0,"max_hp_loss":0.0,"gold_gain":0.0,"event_name":"Drug Dealer","player_choice":"Inject Mutagens","floor":28.0,"gold_loss":0.0,"damage_taken":0.0,"relics_obtained":["MutagenicStrength"]},{"damage_healed":0.0,"max_hp_gain":0.0,"max_hp_loss":0.0,"gold_gain":0.0,"event_name":"N\u0027loth","player_choice":"Traded Relic","floor":30.0,"relics_lost":["Red Skull"],"gold_loss":0.0,"damage_taken":0.0,"relics_obtained":["Nloth\u0027s Gift"]},{"cards_removed":["Strike_R"],"damage_healed":0.0,"max_hp_gain":0.0,"max_hp_loss":0.0,"gold_gain":0.0,"event_name":"Purifier","player_choice":"Purged","floor":36.0,"gold_loss":0.0,"damage_taken":0.0},{"damage_healed":0.0,"max_hp_gain":0.0,"max_hp_loss":0.0,"gold_gain":0.0,"event_name":"Mysterious Sphere","player_choice":"Fight","floor":44.0,"gold_loss":0.0,"damage_taken":0.0}],"is_beta":false,"boss_relics":[{"not_picked":["Black Star","Philosopher\u0027s Stone"],"picked":"Busted Crown"},{"not_picked":["Pandora\u0027s Box","Runic Dome"],"picked":"Eternal Feather"}],"items_purged_floors":[],"is_endless":false,"potions_floor_spawned":[5,7,12,19,20,22,27,29,37,46,48],"ascension_level":16}