{"gold_per_floor":[111,111,128,148,22,56,56,88,126,138,160,172,202,214,226,238],"floor_reached":16,"playtime":695,"items_purged":["Strike_R"],"score":204,"play_id":"15521726-e16d-4216-a3ca-810169122186","local_time":"20181215021700","is_ascension_mode":true,"campfire_choices":[{"floor":7.0,"key":"REST"},{"floor":12.0,"key":"RECALL"},{"floor":15.0,"key":"REST"}],"neow_cost":"NONE","seed_source_timestamp":202387212162958,"circlet_count":0,"master_deck":["AscendersBane","Strike_R","Strike_R","Strike_R","Strike_R","Defend_R","Defend_R","Defend_R","Bash","Twin Strike","Shrug It Off","Pommel Strike","Clothesline","Whirlwind+1","Warcry","True Grit"],"special_seed":0,"relics":["Burning Blood","Regal Pillow","Oddly Smooth Stone","MawBank","Pear"],"potions_floor_usage":[16,16],"damage_taken":[{"damage":6.0,"enemies":"Jaw Worm","floor":1.0,"turns":5.0},{"damage":1.0,"enemies":"Cultist","floor":3.0,"turns":3.0},{"damage":0.0,"enemies":"Small Slimes","floor":4.0,"turns":2.0},{"damage":67.0,"enemies":"3 Sentries","floor":6.0,"turns":12.0},{"damage":20.0,"enemies":"Gremlin Nob","floor":8.0,"turns":4.0},{"damage":0.0,"enemies":"3 Louse","floor":11.0,"turns":1.0},{"damage":25.0,"enemies":"Exordium Thugs","floor":13.0,"turns":4.0},{"damage":60,"enemies":"Slime Boss","floor":16,"turns":10}],"seed_played":"8817887177225926313","potions_obtained":[{"floor":6.0,"key":"Strength Potion"},{"floor":11.0,"key":"SpeedPotion"},{"floor":13.0,"key":"Block Potion"}],"is_trial":false,"path_per_floor":["M","?","M","M","$","E","R","E","T","?","M","R","M","?","R","B"],"character_chosen":"IRONCLAD","items_purchased":["Clothesline"],"campfire_rested":2,"item_purchase_floors":[5],"current_hp_per_floor":[68,68,73,75,75,14,51,37,37,37,43,43,24,16,56,0],"gold":238,"neow_bonus":"RANDOM_COMMON_RELIC","is_prod":false,"is_daily":false,"chose_seed":false,"campfire_upgraded":0,"win_rate":0,"timestamp":1544836620,"path_taken":["M","?","?","M","$","E","R","E","T","?","M","R","M","?","R","BOSS"],"build_version":"2018-12-13","purchased_purges":1,"victory":false,"max_hp_per_floor":[75,75,75,75,75,75,75,75,75,75,75,75,75,85,85,85],"card_choices":[{"not_picked":["Pommel Strike","Clash"],"picked":"Twin Strike","floor":1.0},{"not_picked":["Evolve","Infernal Blade"],"picked":"Shrug It Off","floor":3.0},{"not_picked":["Havoc","Blood for Blood"],"picked":"Pommel Strike","floor":4.0},{"not_picked":["Thunderclap","Shrug It Off"],"picked":"Whirlwind","floor":6.0},{"not_picked":["Shockwave","Corruption"],"picked":"Warcry","floor":8.0},{"not_picked":["Perfected Strike","Shrug It Off"],"picked":"True Grit","floor":11.0},{"not_picked":["Corruption","Shrug It Off","Dropkick"],"picked":"SKIP","floor":13.0}],"player_experience":899470,"relics_obtained":[{"floor":6.0,"key":"Oddly Smooth Stone"},{"floor":8.0,"key":"MawBank"}],"event_choices":[{"cards_removed":["Defend_R"],"damage_healed":0.0,"max_hp_gain":0.0,"max_hp_loss":0.0,"gold_gain":0.0,"event_name":"Bonfire Elementals","player_choice":"Offered Basic","floor":2.0,"gold_loss":0.0,"damage_taken":0.0},{"damage_healed":0.0,"max_hp_gain":0.0,"max_hp_loss":0.0,"gold_gain":0.0,"event_name":"Living Wall","player_choice":"Grow","floor":10.0,"gold_loss":0.0,"damage_taken":0.0,"cards_upgraded":["Whirlwind"]},{"damage_healed":0.0,"max_hp_gain":0.0,"max_hp_loss":0.0,"gold_gain":0.0,"event_name":"Scrap Ooze","player_choice":"Success","floor":14.0,"gold_loss":0.0,"damage_taken":18.0,"relics_obtained":["Pear"]}],"is_beta":false,"boss_relics":[],"items_purged_floors":[5],"is_endless":false,"potions_floor_spawned":[6,11,13],"killed_by":"Slime Boss","ascension_level":17}