{"gold_per_floor":[17,17,17,30,49,49,84,84,84,96,1,35,51,62,62,62],"floor_reached":16,"playtime":1585,"items_purged":[],"score":118,"play_id":"64f2f37f-ade2-4455-b88c-13aa1ae00529","local_time":"20190303160219","is_ascension_mode":true,"campfire_choices":[{"data":"Neutralize","floor":6,"key":"SMITH"},{"data":"Bouncing Flask","floor":8,"key":"SMITH"},{"data":"Footwork","floor":15,"key":"SMITH"}],"neow_cost":"NO_GOLD","seed_source_timestamp":114835452727773,"circlet_count":0,"master_deck":["Defend_G","Defend_G","Defend_G","Defend_G","Defend_G","Strike_G","Strike_G","Strike_G","Survivor","Neutralize+1","Backflip","Footwork+1","PiercingWail","Bouncing Flask+1","Well Laid Plans","Backstab","Discovery","Deadly Poison","PiercingWail","Deadly Poison","Dodge and Roll","PiercingWail"],"relics":["Ring of the Snake","Prayer Wheel","Unceasing Top","Matryoshka"],"potions_floor_usage":[7,7,7,16],"damage_taken":[{"damage":1,"enemies":"Jaw Worm","floor":1,"turns":8},{"damage":2,"enemies":"Cultist","floor":4,"turns":6},{"damage":0,"enemies":"2 Louse","floor":5,"turns":3},{"damage":27,"enemies":"Gremlin Nob","floor":7,"turns":4},{"damage":13,"enemies":"Large Slime","floor":10,"turns":9},{"damage":5,"enemies":"3 Sentries","floor":12,"turns":11},{"damage":2,"enemies":"Exordium Thugs","floor":13,"turns":5},{"damage":0,"enemies":"Looter","floor":14,"turns":4},{"damage":20,"enemies":"The Guardian","floor":16,"turns":4}],"seed_played":"-1624422802764169754","potions_obtained":[{"floor":2,"key":"LiquidBronze"},{"floor":2,"key":"Fire Potion"},{"floor":2,"key":"Explosive Potion"},{"floor":7,"key":"FearPotion"},{"floor":12,"key":"Explosive Potion"},{"floor":13,"key":"Ancient Potion"},{"floor":14,"key":"Poison Potion"}],"is_trial":false,"path_per_floor":["?","$","$"],"character_chosen":"THE_SILENT","items_purchased":["Discovery"],"campfire_rested":0,"item_purchase_floors":[11],"current_hp_per_floor":[69,69,69,67,67,67,40,40,40,27,27,22,20,20,20,0],"gold":62,"neow_bonus":"REMOVE_TWO","is_prod":false,"is_daily":false,"chose_seed":false,"campfire_upgraded":3,"win_rate":0,"timestamp":1551654139,"path_taken":["M","?","?","M","M","R","E","R","T","M","?","E","M","M","R","BOSS"],"build_version":"2019-01-23","purchased_purges":0,"victory":false,"max_hp_per_floor":[70,70,70,70,70,70,70,70,70,70,70,70,70,70,70,70],"card_choices":[{"not_picked":["Sucker Punch","Prepared"],"picked":"Backflip","floor":1},{"not_picked":["Masterful Stab","Backstab"],"picked":"Footwork","floor":4},{"not_picked":["All Out Attack","Dodge and Roll"],"picked":"PiercingWail","floor":5},{"not_picked":["Bane","Dash"],"picked":"Bouncing Flask","floor":7},{"not_picked":["Quick Slash","Bouncing Flask"],"picked":"Well Laid Plans","floor":10},{"not_picked":["Flechettes","Prepared"],"picked":"Backstab","floor":10},{"not_picked":["Deflect","Slice"],"picked":"Deadly Poison","floor":12},{"not_picked":["Doppelganger","Deflect"],"picked":"PiercingWail","floor":13},{"not_picked":["Backflip","Well Laid Plans"],"picked":"Deadly Poison","floor":13},{"not_picked":["All Out Attack","Sucker Punch"],"picked":"Dodge and Roll","floor":14},{"not_picked":["Masterful Stab","Terror"],"picked":"PiercingWail","floor":14}],"player_experience":80962,"relics_obtained":[{"floor":7,"key":"Prayer Wheel"},{"floor":9,"key":"Unceasing Top"},{"floor":12,"key":"Matryoshka"}],"event_choices":[{"damage_healed":0,"gold_gain":0,"player_choice":"Got Potions","damage_taken":0,"max_hp_gain":0,"max_hp_loss":0,"event_name":"Lab","floor":2,"gold_loss":0}],"is_beta":false,"boss_relics":[],"items_purged_floors":[],"is_endless":false,"potions_floor_spawned":[7,12,13,14],"killed_by":"The Guardian","ascension_level":1}