{"gold_per_floor":[116,136,148,167,167,194,45,45,113,113,128,155,155,167,167,240,240,252,262,30,30,46,73,73,108,135,235,235,252,252,278,278,355,355,371,382,394,412,48,48,81,81,108,136,136,56,91,104,104,104,104,104,104,129,129],"floor_reached":56,"playtime":7882,"items_purged":["Strike_B","Dualcast"],"score":1959,"play_id":"0de6d00f-7a07-4b1a-865b-84e8206c91c9","local_time":"20190312030047","is_ascension_mode":true,"campfire_choices":[{"data":"Sunder","floor":8.0,"key":"SMITH"},{"data":"Chaos","floor":10.0,"key":"SMITH"},{"data":"Genetic Algorithm","floor":13.0,"key":"SMITH"},{"data":"Thunder Strike","floor":15.0,"key":"SMITH"},{"data":"Steam","floor":28.0,"key":"SMITH"},{"data":"Steam","floor":30.0,"key":"SMITH"},{"data":"Conserve Battery","floor":32.0,"key":"SMITH"},{"data":"Zap","floor":40.0,"key":"SMITH"},{"data":"Hologram","floor":42.0,"key":"SMITH"},{"floor":49.0,"key":"RECALL"},{"data":"Defend_B","floor":52.0,"key":"SMITH"}],"neow_cost":"NONE","seed_source_timestamp":9777934419046,"circlet_count":0,"master_deck":["AscendersBane","Defend_B","Defend_B","Defend_B+1","Zap+1","Multi-Cast+1","Self Repair+1","Tempest+1","Ball Lightning","Chaos+1","Sunder+1","Thunder Strike+1","Hologram+1","Genetic Algorithm+1","Steam+1","Echo Form+1","Conserve Battery+1","Steam+1","Self Repair+1","Capacitor+1","Static Discharge+1","Conserve Battery+1"],"special_seed":0,"relics":["Astrolabe","Ice Cream","Bag of Preparation","Frozen Egg 2","Juzu Bracelet","Busted Crown","PreservedInsect","Blood Vial","MutagenicStrength","Gambling Chip","Regal Pillow","Mango","Question Card","Bag of Marbles","Runic Pyramid","Medical Kit","Letter Opener","Orichalcum","Centennial Puzzle","Dodecahedron"],"potions_floor_usage":[55],"damage_taken":[{"damage":3.0,"enemies":"2 Louse","floor":1.0,"turns":4.0},{"damage":10.0,"enemies":"Cultist","floor":2.0,"turns":4.0},{"damage":4.0,"enemies":"Small Slimes","floor":3.0,"turns":3.0},{"damage":19.0,"enemies":"3 Louse","floor":4.0,"turns":3.0},{"damage":18.0,"enemies":"Gremlin Nob","floor":6.0,"turns":3.0},{"damage":8.0,"enemies":"2 Fungi Beasts","floor":11.0,"turns":3.0},{"damage":5.0,"enemies":"3 Sentries","floor":12.0,"turns":4.0},{"damage":21.0,"enemies":"Gremlin Gang","floor":14.0,"turns":4.0},{"damage":19.0,"enemies":"The Guardian","floor":16.0,"turns":10.0},{"damage":1.0,"enemies":"Chosen","floor":18.0,"turns":3.0},{"damage":0.0,"enemies":"Shell Parasite","floor":19.0,"turns":3.0},{"damage":8.0,"enemies":"Chosen and Byrds","floor":22.0,"turns":4.0},{"damage":35.0,"enemies":"Book of Stabbing","floor":23.0,"turns":4.0},{"damage":38.0,"enemies":"Gremlin Leader","floor":25.0,"turns":5.0},{"damage":8.0,"enemies":"Colosseum Slavers","floor":27.0,"turns":4.0},{"damage":2.0,"enemies":"Colosseum Nobs","floor":27.0,"turns":3.0},{"damage":18.0,"enemies":"Shelled Parasite and Fungi","floor":29.0,"turns":4.0},{"damage":12.0,"enemies":"Book of Stabbing","floor":31.0,"turns":4.0},{"damage":49.0,"enemies":"Champ","floor":33.0,"turns":9.0},{"damage":15.0,"enemies":"Orb Walker","floor":35.0,"turns":3.0},{"damage":18.0,"enemies":"3 Darklings","floor":36.0,"turns":5.0},{"damage":19.0,"enemies":"Sphere and 2 Shapes","floor":37.0,"turns":4.0},{"damage":0.0,"enemies":"Transient","floor":38.0,"turns":5.0},{"damage":0.0,"enemies":"Giant Head","floor":41.0,"turns":5.0},{"damage":25.0,"enemies":"Nemesis","floor":44.0,"turns":5.0},{"damage":35.0,"enemies":"Reptomancer","floor":47.0,"turns":5.0},{"damage":15.0,"enemies":"Writhing Mass","floor":48.0,"turns":5.0},{"damage":38.0,"enemies":"Awakened One","floor":50.0,"turns":6.0},{"damage":42.0,"enemies":"Shield and Spear","floor":54.0,"turns":6.0},{"damage":81,"enemies":"The Heart","floor":55,"turns":7}],"seed_played":"270499241417517752","potions_obtained":[{"floor":3.0,"key":"Fire Potion"},{"floor":6.0,"key":"PowerPotion"},{"floor":12.0,"key":"SpeedPotion"},{"floor":18.0,"key":"Explosive Potion"},{"floor":22.0,"key":"Dexterity Potion"},{"floor":25.0,"key":"Poison Potion"},{"floor":29.0,"key":"Swift Potion"},{"floor":31.0,"key":"Swift Potion"},{"floor":35.0,"key":"Poison Potion"},{"floor":37.0,"key":"Energy Potion"},{"floor":41.0,"key":"FearPotion"},{"floor":44.0,"key":"PowerPotion"}],"is_trial":false,"path_per_floor":["M","M","M","M","?","E","$","R","T","R","M","E","R","M","R","B",null,"M","M","$","?","M","E","?","E","T","?","R","M","R","E","R","B",null,"M","M","M","M","$","R","E","R","T","E","?","$","E","M","R","B",null,"R","$","E","B",null],"character_chosen":"DEFECT","items_purchased":["Bag of Preparation","PreservedInsect","Medical Kit","Capacitor+1","Static Discharge+1"],"campfire_rested":0,"item_purchase_floors":[7,20,39,39,46],"current_hp_per_floor":[71,71,71,62,62,44,44,44,44,44,46,51,51,40,40,31,61,70,71,71,71,71,46,46,30,30,58,58,52,52,52,52,15,68,75,59,72,85,85,85,85,85,85,85,85,85,60,85,85,67,81,81,81,81,22],"gold":129,"neow_bonus":"BOSS_RELIC","is_prod":false,"is_daily":false,"chose_seed":false,"campfire_upgraded":10,"win_rate":0,"timestamp":1552374047,"path_taken":["M","M","M","M","?","E","$","R","T","R","M","E","R","M","R","BOSS","M","M","$","?","M","E","?","E","T","?","R","M","R","E","R","BOSS","M","M","M","M","$","R","E","R","T","E","?","$","E","M","R","BOSS","R","$","E","BOSS"],"build_version":"2019-01-23","purchased_purges":2,"victory":true,"max_hp_per_floor":[71,71,71,71,71,71,71,71,71,71,71,71,71,71,71,71,71,71,71,71,71,71,71,71,71,71,85,85,85,85,85,85,85,85,85,85,85,85,85,85,85,85,85,85,85,85,85,85,85,85,85,85,85,85,85],"card_choices":[{"not_picked":["Heatsinks","Coolheaded"],"picked":"Ball Lightning","floor":1.0},{"not_picked":["Conserve Battery","Steam"],"picked":"Chaos","floor":2.0},{"not_picked":["Steam Power","Force Field","Streamline"],"picked":"SKIP","floor":3.0},{"not_picked":["Go for the Eyes","Coolheaded"],"picked":"Sunder","floor":4.0},{"not_picked":["Stack","Biased Cognition"],"picked":"Thunder Strike","floor":6.0},{"not_picked":["Sweeping Beam","Sunder"],"picked":"Hologram","floor":11.0},{"not_picked":["Go for the Eyes","Steam"],"picked":"Genetic Algorithm","floor":12.0},{"not_picked":["Chill","Conserve Battery"],"picked":"Steam","floor":14.0},{"not_picked":["Fission","Reboot"],"picked":"Echo Form+1","floor":16.0},{"not_picked":["Redo"],"picked":"SKIP","floor":18.0},{"not_picked":["Coolheaded"],"picked":"SKIP","floor":19.0},{"not_picked":["Compile Driver"],"picked":"SKIP","floor":22.0},{"not_picked":["Storm+1"],"picked":"SKIP","floor":23.0},{"not_picked":[],"picked":"Conserve Battery","floor":25.0},{"not_picked":["Cold Snap"],"picked":"Steam","floor":29.0},{"not_picked":["Reboot"],"picked":"Self Repair+1","floor":31.0},{"not_picked":["Meteor Strike"],"picked":"Machine Learning+1","floor":33.0},{"not_picked":["Tempest","Rebound+1"],"picked":"SKIP","floor":35.0},{"not_picked":["Streamline","Cold Snap"],"picked":"SKIP","floor":36.0},{"not_picked":["Beam Cell","Hello World+1"],"picked":"SKIP","floor":37.0},{"not_picked":["Compile Driver","Leap"],"picked":"SKIP","floor":38.0},{"not_picked":["Rip and Tear","Coolheaded"],"picked":"SKIP","floor":41.0},{"not_picked":["BootSequence","Undo+1"],"picked":"SKIP","floor":44.0},{"not_picked":["Core Surge","Turbo"],"picked":"SKIP","floor":47.0},{"not_picked":["Barrage","Sweeping Beam"],"picked":"SKIP","floor":48.0},{"not_picked":["Lockon"],"picked":"Conserve Battery+1","floor":54.0}],"player_experience":686316,"relics_obtained":[{"floor":6.0,"key":"Ice Cream"},{"floor":9.0,"key":"Frozen Egg 2"},{"floor":12.0,"key":"Juzu Bracelet"},{"floor":23.0,"key":"Blood Vial"},{"floor":25.0,"key":"Gambling Chip"},{"floor":26.0,"key":"Regal Pillow"},{"floor":27.0,"key":"Mango"},{"floor":27.0,"key":"Question Card"},{"floor":31.0,"key":"Bag of Marbles"},{"floor":41.0,"key":"Letter Opener"},{"floor":44.0,"key":"Orichalcum"},{"floor":47.0,"key":"Centennial Puzzle"},{"floor":54.0,"key":"Dodecahedron"}],"event_choices":[{"damage_healed":0.0,"max_hp_gain":0.0,"max_hp_loss":0.0,"gold_gain":0.0,"event_name":"Golden Idol","player_choice":"Ignored","floor":5.0,"gold_loss":0.0,"damage_taken":0.0},{"cards_removed":["Defend_B"],"damage_healed":0.0,"max_hp_gain":0.0,"max_hp_loss":0.0,"gold_gain":0.0,"event_name":"Bonfire Elementals","player_choice":"Offered Basic","floor":21.0,"gold_loss":0.0,"damage_taken":0.0},{"damage_healed":0.0,"max_hp_gain":0.0,"max_hp_loss":0.0,"gold_gain":0.0,"event_name":"Drug Dealer","player_choice":"Inject Mutagens","floor":24.0,"gold_loss":0.0,"damage_taken":0.0,"relics_obtained":["MutagenicStrength"]},{"damage_healed":0.0,"max_hp_gain":0.0,"max_hp_loss":0.0,"gold_gain":0.0,"event_name":"Colosseum","player_choice":"Fight","floor":27.0,"gold_loss":0.0,"damage_taken":0.0},{"damage_healed":0.0,"max_hp_gain":0.0,"max_hp_loss":0.0,"gold_gain":0.0,"event_name":"Colosseum","player_choice":"Fought Nobs","floor":27.0,"gold_loss":0.0,"damage_taken":0.0},{"cards_removed":["Machine Learning"],"damage_healed":0.0,"max_hp_gain":0.0,"max_hp_loss":0.0,"gold_gain":0.0,"event_name":"Falling","player_choice":"Removed Power","floor":45.0,"gold_loss":0.0,"damage_taken":0.0}],"is_beta":false,"boss_relics":[{"not_picked":["Cursed Key","Empty Cage"],"picked":"Busted Crown"},{"not_picked":["Tiny House","Inserter"],"picked":"Runic Pyramid"}],"items_purged_floors":[20,39],"is_endless":false,"potions_floor_spawned":[3,6,11,12,18,22,25,29,31,35,37,41,44,47],"ascension_level":14}