{"gold_per_floor":[118,118,43,43,54,54,80,80,104,104,179,192,192,208,208,287,287,307,307,307,42,42,42,42,42,42,70,86,104,104,118,118,195,195,214,314,333,152,162,227,227,262,289,304,354,354,371,371,371,371,371,371,371,4,33,33],"floor_reached":56,"playtime":1789,"items_purged":["Strike_B","Reprogram","Zap"],"score":1817,"play_id":"80d5eca5-3895-4a5f-9c3b-9252dfacdc66","local_time":"20190301191515","is_ascension_mode":true,"campfire_choices":[{"data":"Darkness","floor":6,"key":"SMITH"},{"floor":8,"key":"REST"},{"data":"Darkness","floor":10,"key":"SMITH"},{"data":"Dualcast","floor":13,"key":"SMITH"},{"data":"Defend_B","floor":15,"key":"SMITH"},{"data":"Multi-Cast","floor":23,"key":"SMITH"},{"data":"Self Repair","floor":25,"key":"SMITH"},{"data":"Reinforced Body","floor":30,"key":"SMITH"},{"data":"Defend_B","floor":32,"key":"SMITH"},{"floor":41,"key":"RECALL"}],"neow_cost":"PERCENT_DAMAGE","seed_source_timestamp":273100649809518,"circlet_count":0,"master_deck":["AscendersBane","Defend_B+1","Defend_B","Defend_B+1","Dualcast+1","Darkness+1","Darkness+1","Multi-Cast+1","Reinforced Body+1"],"relics":["Cracked Core","Pen Nib","Art of War","Orichalcum","Coffee Dripper","Strawberry","Mummified Hand","Pocketwatch","Fusion Hammer","Incense Burner","Tiny Chest","Blue Candle","Sundial","Pear"],"potions_floor_usage":[16,27,40,42,56,56],"damage_taken":[{"damage":7,"enemies":"Small Slimes","floor":1,"turns":3},{"damage":4,"enemies":"Jaw Worm","floor":5,"turns":4},{"damage":15,"enemies":"Lagavulin","floor":7,"turns":6},{"damage":2,"enemies":"2 Louse","floor":12,"turns":4},{"damage":0,"enemies":"Exordium Wildlife","floor":14,"turns":3},{"damage":40,"enemies":"The Guardian","floor":16,"turns":7},{"damage":28,"enemies":"2 Thieves","floor":18,"turns":3},{"damage":3,"enemies":"Gremlin Leader","floor":27,"turns":5},{"damage":0,"enemies":"3 Byrds","floor":28,"turns":3},{"damage":9,"enemies":"Shelled Parasite and Fungi","floor":29,"turns":3},{"damage":0,"enemies":"Cultist and Chosen","floor":31,"turns":2},{"damage":3,"enemies":"Automaton","floor":33,"turns":5},{"damage":0,"enemies":"3 Shapes","floor":35,"turns":2},{"damage":0,"enemies":"Mind Bloom Boss Battle","floor":36,"turns":4},{"damage":0,"enemies":"3 Darklings","floor":37,"turns":3},{"damage":0,"enemies":"Sphere and 2 Shapes","floor":39,"turns":3},{"damage":23,"enemies":"Reptomancer","floor":40,"turns":4},{"damage":34,"enemies":"Giant Head","floor":42,"turns":5},{"damage":5,"enemies":"Transient","floor":44,"turns":6},{"damage":2,"enemies":"Spire Growth","floor":47,"turns":4},{"damage":8,"enemies":"Awakened One","floor":50,"turns":8},{"damage":8,"enemies":"Donu and Deca","floor":51,"turns":7},{"damage":20,"enemies":"Shield and Spear","floor":55,"turns":4},{"damage":75,"enemies":"The Heart","floor":56,"turns":5}],"seed_played":"-7453570495186902298","potions_obtained":[{"floor":14,"key":"Regen Potion"},{"floor":18,"key":"EssenceOfSteel"},{"floor":29,"key":"Regen Potion"},{"floor":37,"key":"SteroidPotion"},{"floor":40,"key":"Dexterity Potion"},{"floor":44,"key":"GamblersBrew"}],"is_trial":false,"path_per_floor":["M","?","$","?","M","R","E","R","T","R","?","M","R","M","R","B",null,"M","?","?","$","$","R","?","R","T","E","M","M","R","M","R","B",null,"M","?","M","$","M","E","R","E","T","M","?","R","M","?","R","B","B",null,"R","$","E","B"],"character_chosen":"DEFECT","items_purchased":["Strawberry","Block Potion","FocusPotion","Sundial"],"campfire_rested":1,"item_purchase_floors":[21,38,54,54],"current_hp_per_floor":[53,42,42,35,31,31,16,41,41,41,30,28,28,28,28,10,66,45,45,45,52,52,52,52,52,52,59,69,70,70,80,80,87,91,92,92,92,92,92,79,79,68,68,73,73,73,81,81,81,73,65,85,85,85,75,0],"gold":33,"neow_bonus":"TWENTY_PERCENT_HP_BONUS","is_prod":false,"is_daily":false,"chose_seed":false,"campfire_upgraded":8,"win_rate":0,"timestamp":1551464115,"path_taken":["M","?","$","?","M","R","E","R","T","R","?","M","R","M","R","BOSS","M","?","?","?","$","R","?","R","T","E","M","?","R","M","R","BOSS","M","?","M","$","M","E","R","E","T","M","?","R","?","?","R","BOSS","BOSS","R","$","E","BOSS"],"build_version":"2019-01-23","purchased_purges":3,"victory":false,"max_hp_per_floor":[85,85,85,85,85,85,85,85,85,85,85,85,85,85,85,85,85,85,85,85,92,92,92,92,92,92,92,92,92,92,92,92,92,92,92,92,92,92,92,92,92,92,92,92,92,92,92,92,92,92,92,92,92,92,102,102],"card_choices":[{"not_picked":["Steam","Hologram"],"picked":"Darkness","floor":1},{"not_picked":["Chaos","Stack"],"picked":"Darkness","floor":5},{"not_picked":["Beam Cell","Doom and Gloom","Blizzard"],"picked":"SKIP","floor":7},{"not_picked":["Hologram","Compile Driver","Rebound"],"picked":"SKIP","floor":12},{"not_picked":["Go for the Eyes","Hologram"],"picked":"Self Repair","floor":14},{"not_picked":["Rainbow","Meteor Strike"],"picked":"Multi-Cast","floor":16},{"not_picked":["Undo","Cold Snap","Hologram"],"picked":"SKIP","floor":18},{"not_picked":["Loop","Cold Snap","Tempest"],"picked":"SKIP","floor":27},{"not_picked":["Gash+1","Coolheaded","Double Energy"],"picked":"SKIP","floor":28},{"not_picked":["Streamline","Go for the Eyes","Compile Driver+1"],"picked":"SKIP","floor":29},{"not_picked":["Heatsinks","Turbo","Gash"],"picked":"SKIP","floor":31},{"not_picked":["Redo","Steam+1","Gash"],"picked":"SKIP","floor":35},{"not_picked":["Steam Power+1","Rebound","Turbo"],"picked":"SKIP","floor":37},{"not_picked":["Compile Driver","Hologram","Go for the Eyes+1"],"picked":"SKIP","floor":39},{"not_picked":["Leap+1","Undo","Ball Lightning"],"picked":"SKIP","floor":40},{"not_picked":["Gash","Streamline","Turbo"],"picked":"SKIP","floor":42},{"not_picked":["Force Field","Darkness","Leap"],"picked":"SKIP","floor":44},{"not_picked":["Reinforced Body","Undo","Streamline+1"],"picked":"SKIP","floor":47},{"not_picked":["Amplify","Go for the Eyes","Conserve Battery"],"picked":"SKIP","floor":55}],"player_experience":1158775,"relics_obtained":[{"floor":7,"key":"Art of War"},{"floor":9,"key":"Orichalcum"},{"floor":26,"key":"Mummified Hand"},{"floor":27,"key":"Pocketwatch"},{"floor":36,"key":"Incense Burner"},{"floor":40,"key":"Tiny Chest"},{"floor":42,"key":"Blue Candle"},{"floor":55,"key":"Pear"}],"event_choices":[{"damage_healed":0,"gold_gain":0,"player_choice":"Success","damage_taken":11,"relics_obtained":["Pen Nib"],"max_hp_gain":0,"max_hp_loss":0,"event_name":"Scrap Ooze","floor":2,"gold_loss":0},{"cards_removed":["Strike_B"],"damage_healed":0,"gold_gain":0,"player_choice":"Card Removal","damage_taken":7,"max_hp_gain":0,"max_hp_loss":0,"event_name":"Golden Wing","floor":4,"gold_loss":0},{"damage_healed":0,"gold_gain":75,"player_choice":"Gather Gold","damage_taken":11,"max_hp_gain":0,"max_hp_loss":0,"event_name":"World of Goop","floor":11,"gold_loss":0},{"cards_removed":["Strike_B"],"damage_healed":0,"gold_gain":0,"player_choice":"Elegance","damage_taken":0,"max_hp_gain":0,"max_hp_loss":0,"event_name":"Back to Basics","floor":19,"gold_loss":0},{"damage_healed":0,"gold_gain":0,"cards_transformed":["Strike_B","Defend_B"],"player_choice":"Became Test Subject","damage_taken":0,"max_hp_gain":0,"max_hp_loss":0,"event_name":"Drug Dealer","floor":20,"gold_loss":0,"cards_obtained":["Reprogram","Reinforced Body"]},{"damage_healed":0,"gold_gain":0,"player_choice":"Ignored","damage_taken":0,"max_hp_gain":0,"max_hp_loss":0,"event_name":"Vampires","floor":24,"gold_loss":0},{"damage_healed":0,"gold_gain":0,"player_choice":"Fight","damage_taken":0,"max_hp_gain":0,"max_hp_loss":0,"event_name":"MindBloom","floor":36,"gold_loss":0},{"damage_healed":0,"gold_gain":50,"player_choice":"Pray","damage_taken":0,"max_hp_gain":0,"max_hp_loss":0,"event_name":"Golden Shrine","floor":45,"gold_loss":0},{"cards_removed":["Self Repair"],"damage_healed":0,"gold_gain":0,"player_choice":"Removed Power","damage_taken":0,"max_hp_gain":0,"max_hp_loss":0,"event_name":"Falling","floor":48,"gold_loss":0}],"is_beta":false,"boss_relics":[{"not_picked":["Eternal Feather","Lizard Tail"],"picked":"Coffee Dripper"},{"not_picked":["Sozu","Runic Dome"],"picked":"Fusion Hammer"}],"items_purged_floors":[3,21,38],"is_endless":false,"potions_floor_spawned":[14,18,29,37,40,44,47,55],"killed_by":"The Heart","ascension_level":20}