{"gold_per_floor":[19,19,29,43,54,54,83,83,83,101,118,43,43,60,60,134,134,151,421,441,102,102],"floor_reached":22,"playtime":1262,"items_purged":["Strike_R","Strike_R"],"score":329,"play_id":"40a2a193-74f3-43c1-9195-440551c2e0ac","local_time":"20190313160850","is_ascension_mode":true,"campfire_choices":[{"data":"Shrug It Off","floor":6.0,"key":"SMITH"},{"data":"Seeing Red","floor":13.0,"key":"SMITH"},{"data":"Anger","floor":15.0,"key":"SMITH"}],"neow_cost":"NO_GOLD","seed_source_timestamp":140496137786964,"circlet_count":0,"master_deck":["AscendersBane","Strike_R","Strike_R","Strike_R","Defend_R","Defend_R","Defend_R","Defend_R","Bash+1","Anger+1","Shrug It Off+1","Ghostly Armor","Evolve","Pommel Strike","Seeing Red+1","Impervious","Juggernaut","Body Slam","True Grit","Ghostly Armor"],"special_seed":0,"relics":["Burning Blood","Anchor","Lantern","Mark of Pain","Bronze Scales"],"potions_floor_usage":[18,20],"damage_taken":[{"damage":9.0,"enemies":"Jaw Worm","floor":1.0,"turns":6.0},{"damage":1.0,"enemies":"Cultist","floor":3.0,"turns":3.0},{"damage":0.0,"enemies":"Small Slimes","floor":4.0,"turns":4.0},{"damage":4.0,"enemies":"Exordium Thugs","floor":5.0,"turns":5.0},{"damage":22.0,"enemies":"Gremlin Nob","floor":7.0,"turns":5.0},{"damage":1.0,"enemies":"Looter","floor":10.0,"turns":3.0},{"damage":5.0,"enemies":"Gremlin Gang","floor":11.0,"turns":6.0},{"damage":3.0,"enemies":"Blue Slaver","floor":14.0,"turns":5.0},{"damage":42.0,"enemies":"Slime Boss","floor":16.0,"turns":13.0},{"damage":6,"enemies":"Spheric Guardian","floor":18,"turns":5},{"damage":19,"enemies":"3 Byrds","floor":20,"turns":5},{"damage":30,"enemies":"Snake Plant","floor":22,"turns":3}],"seed_played":"-5810888192012520071","potions_obtained":[{"floor":4.0,"key":"Fire Potion"},{"floor":5.0,"key":"Weak Potion"},{"floor":10.0,"key":"Swift Potion"},{"floor":14.0,"key":"AttackPotion"}],"is_trial":false,"path_per_floor":["M","?","M","M","M","R","E","?","T","M","M","$","R","M","R","B",null,"M","?","M","$","M"],"character_chosen":"IRONCLAD","items_purchased":["Bronze Scales","True Grit","Ghostly Armor"],"campfire_rested":0,"item_purchase_floors":[21,21,21],"current_hp_per_floor":[79,79,84,89,89,89,73,60,60,65,66,66,66,69,69,33,75,75,43,30,30,0],"gold":102,"neow_bonus":"TWENTY_PERCENT_HP_BONUS","is_prod":false,"is_daily":false,"chose_seed":false,"campfire_upgraded":3,"win_rate":0,"timestamp":1552507730,"path_taken":["M","?","M","?","M","R","E","?","T","M","M","?","R","M","R","BOSS","M","?","?","$","M"],"build_version":"2019-01-23","purchased_purges":2,"victory":false,"max_hp_per_floor":[89,89,89,89,89,89,89,89,89,89,89,89,89,89,89,89,89,89,89,89,89,89],"card_choices":[{"not_picked":["Anger","Bloodletting","Warcry"],"picked":"SKIP","floor":1.0},{"not_picked":["Bloodletting","Warcry"],"picked":"Anger","floor":1.0},{"not_picked":["Shockwave","Iron Wave"],"picked":"Shrug It Off","floor":3.0},{"not_picked":["Body Slam","Armaments"],"picked":"Ghostly Armor","floor":4.0},{"not_picked":["Flex","Thunderclap"],"picked":"Evolve","floor":5.0},{"not_picked":["Perfected Strike","Havoc"],"picked":"Pommel Strike","floor":7.0},{"not_picked":["Heavy Blade","Evolve","Clothesline"],"picked":"SKIP","floor":10.0},{"not_picked":["Warcry","Pummel"],"picked":"Seeing Red","floor":11.0},{"not_picked":["Warcry","Wild Strike"],"picked":"Impervious","floor":14.0},{"not_picked":["Berserk","Bludgeon"],"picked":"Juggernaut","floor":16.0},{"not_picked":["Perfected Strike+1","Pummel"],"picked":"Body Slam","floor":18},{"not_picked":["Hemokinesis","Wild Strike","Sentinel"],"picked":"SKIP","floor":20}],"player_experience":363504,"relics_obtained":[{"floor":7.0,"key":"Anchor"},{"floor":9.0,"key":"Lantern"}],"event_choices":[{"damage_healed":0.0,"max_hp_gain":0.0,"max_hp_loss":0.0,"gold_gain":0.0,"event_name":"Upgrade Shrine","player_choice":"Upgraded","floor":2.0,"gold_loss":0.0,"damage_taken":0.0,"cards_upgraded":["Bash"]},{"damage_healed":0.0,"max_hp_gain":0.0,"max_hp_loss":0.0,"gold_gain":0.0,"event_name":"Wheel of Change","player_choice":"Damaged","floor":8.0,"gold_loss":0.0,"damage_taken":13.0},{"damage_healed":0,"gold_gain":270,"player_choice":"GOLD GOLD GOLD ","damage_taken":32,"max_hp_gain":0,"max_hp_loss":0,"event_name":"Knowing Skull","floor":19,"potions_obtained":[],"gold_loss":0,"cards_obtained":[]}],"is_beta":false,"boss_relics":[{"not_picked":["Fusion Hammer","Ectoplasm"],"picked":"Mark of Pain"}],"items_purged_floors":[12,21],"is_endless":false,"potions_floor_spawned":[4,5,10,14,16],"killed_by":"Snake Plant","ascension_level":15}