{"gold_per_floor":[113,113,125,275,286,286,104,138,226,256,320,346,358,405,417,503,515,547,579,606,635,659,671,683],"floor_reached":24,"playtime":870,"items_purged":["Doubt"],"score":399,"play_id":"4ee1b59f-2e90-499d-a02c-4432edcb8feb","local_time":"20181007183935","is_ascension_mode":true,"campfire_choices":[{"data":"Tempest","floor":6.0,"key":"SMITH"},{"data":"Zap","floor":13,"key":"SMITH"},{"data":"Rip and Tear","floor":15,"key":"SMITH"},{"floor":23,"key":"REST"}],"neow_cost":"NONE","seed_source_timestamp":762414932040726,"circlet_count":0,"master_deck":["Strike_B","Strike_B","Strike_B","Defend_B","Defend_B","Defend_B","Defend_B","Zap+1","Dualcast","AscendersBane","Rip and Tear+1","Tempest+1","Leap","Jack Of All Trades","Chill","Turbo","White Noise","All For One","Beam Cell","Tempest+1","BootSequence","Stack+1"],"special_seed":0,"relics":["Cracked Core","Blood Vial","MawBank","Matryoshka","Omamori","DataDisk","Mango","Eternal Feather"],"potions_floor_usage":[18,21,21],"damage_taken":[{"damage":2.0,"enemies":"Jaw Worm","floor":1.0,"turns":4.0},{"damage":0.0,"enemies":"Small Slimes","floor":3.0,"turns":2.0},{"damage":0.0,"enemies":"2 Louse","floor":5.0,"turns":3.0},{"damage":8.0,"enemies":"Gremlin Nob","floor":8.0,"turns":3.0},{"damage":20.0,"enemies":"Exordium Wildlife","floor":10.0,"turns":3.0},{"damage":1,"enemies":"Looter","floor":12,"turns":3},{"damage":24,"enemies":"Lagavulin","floor":14,"turns":4},{"damage":15,"enemies":"Hexaghost","floor":16,"turns":9},{"damage":18,"enemies":"Spheric Guardian","floor":18,"turns":4},{"damage":17,"enemies":"2 Thieves","floor":19,"turns":3},{"damage":9,"enemies":"Cultist and Chosen","floor":20,"turns":4},{"damage":5,"enemies":"Snecko","floor":21,"turns":3},{"damage":24,"enemies":"Snake Plant","floor":22,"turns":3},{"damage":52,"enemies":"Slavers","floor":24,"turns":4}],"seed_played":"-3002328390786851840","potions_obtained":[{"floor":3.0,"key":"AttackPotion"},{"floor":10.0,"key":"SneckoOil"},{"floor":16,"key":"Strength Potion"},{"floor":19,"key":"SneckoOil"},{"floor":21,"key":"Strength Potion"}],"is_trial":false,"path_per_floor":["M","?","M","?","M","R","$","E","T","M","T","M","R","E","R","B",null,"M","M","M","M","M","R"],"character_chosen":"DEFECT","items_purchased":["Jack Of All Trades"],"campfire_rested":1,"item_purchase_floors":[7],"current_hp_per_floor":[64,57,59,59,61,61,61,55,55,37,37,38,38,30,30,17,68,52,37,30,27,5,42,0],"gold":683,"neow_bonus":"RANDOM_COMMON_RELIC","is_prod":false,"is_daily":false,"chose_seed":false,"campfire_upgraded":3,"win_rate":0,"timestamp":1538930375,"path_taken":["M","?","M","?","M","R","$","E","T","M","?","M","R","E","R","BOSS","M","?","M","M","M","R","E"],"build_version":"2018-10-04v2","purchased_purges":1,"victory":false,"max_hp_per_floor":[71,71,71,71,71,71,71,71,71,71,71,71,71,85,85,85,85,85,85,85,85,85,85,85],"card_choices":[{"not_picked":["Rebound","Gash"],"picked":"Rip and Tear","floor":1.0},{"not_picked":["Recycle","Leap"],"picked":"Tempest","floor":3.0},{"not_picked":["Coolheaded","Storm"],"picked":"Leap","floor":5.0},{"not_picked":["Go for the Eyes","Skim","Compile Driver"],"picked":"SKIP","floor":8.0},{"not_picked":["Hello World","Leap"],"picked":"Chill","floor":10.0},{"not_picked":["Skim","Turbo","Rebound"],"picked":"SKIP","floor":12},{"not_picked":["Skim","Rebound"],"picked":"Turbo","floor":12},{"not_picked":["Rebound","Leap"],"picked":"White Noise","floor":14},{"not_picked":["Meteor Strike","Thunder Strike"],"picked":"All For One","floor":16},{"not_picked":["Hologram","Rebound"],"picked":"Beam Cell","floor":18},{"not_picked":["Leap","Reprogram","Streamline"],"picked":"SKIP","floor":19},{"not_picked":["Coolheaded","Go for the Eyes"],"picked":"Tempest+1","floor":20},{"not_picked":["Redo","Cold Snap"],"picked":"BootSequence","floor":21},{"not_picked":["Cold Snap","Capacitor"],"picked":"Stack+1","floor":22}],"player_experience":815237,"relics_obtained":[{"floor":8.0,"key":"MawBank"},{"floor":9.0,"key":"Matryoshka"},{"floor":11,"key":"Omamori"},{"floor":11,"key":"DataDisk"},{"floor":14,"key":"Mango"}],"event_choices":[{"event_name":"Golden Wing","player_choice":"Card Removal","floor":2.0,"damage_taken":0.0},{"event_name":"Liars Game","player_choice":"agreed","floor":4.0,"damage_taken":0.0}],"is_beta":false,"boss_relics":[{"not_picked":["Empty Cage","Coffee Dripper"],"picked":"Eternal Feather"}],"items_purged_floors":[7],"is_endless":false,"potions_floor_spawned":[3,10,16,19,21],"killed_by":"Slavers","ascension_level":18}