{"gold_per_floor":[118,128,53,53,66,66,95,95,95,115,40,40,67,67,67,138,138,138,138,78,78,78,78,78,78,78,78,78,4,4,4,4,4,4,4,4,4,4,4,4,4,4,4,4,4,4,4,4,4,4],"floor_reached":50,"playtime":2229,"items_purged":["Pain"],"score":1310,"play_id":"ebbe0837-2113-4769-b0a7-17bed333e442","local_time":"20190225052450","is_ascension_mode":true,"campfire_choices":[{"data":"Defragment","floor":6.0,"key":"SMITH"},{"data":"Zap","floor":8.0,"key":"SMITH"},{"floor":12.0,"key":"REST"},{"data":"Tempest","floor":15.0,"key":"SMITH"},{"data":"Dualcast","floor":23.0,"key":"SMITH"},{"floor":25.0,"key":"REST"},{"data":"Ball Lightning","floor":28.0,"key":"SMITH"},{"floor":32.0,"key":"REST"},{"floor":40.0,"key":"REST"},{"data":"Defragment","floor":42.0,"key":"SMITH"},{"floor":49.0,"key":"REST"}],"neow_cost":"TEN_PERCENT_HP_LOSS","seed_source_timestamp":432282191558311,"circlet_count":0,"master_deck":["AscendersBane","Strike_B","Strike_B","Defend_B","Defend_B","Defend_B","Defend_B","Zap+1","Dualcast+1","Ball Lightning+1","Defragment+1","Leap","Multi-Cast+1","Tempest+1","Echo Form","Cold Snap+1","Glacier","FTL+1","Leap+1","Defragment","Core Surge","Glacier","Defragment+1","Conserve Battery+1","Biased Cognition","Turbo+1","Writhe","Turbo+1"],"special_seed":0,"relics":["Cracked Core","Du-Vu Doll","WarpedTongs","Letter Opener","Symbiotic Virus","Cables","Ectoplasm","Ornamental Fan","Whetstone","Boot","Runic Pyramid","Gremlin Horn","Bronze Scales","Bottled Lightning","PreservedInsect","Ice Cream"],"potions_floor_usage":[],"damage_taken":[{"damage":0.0,"enemies":"Cultist","floor":1.0,"turns":2.0},{"damage":0.0,"enemies":"2 Louse","floor":2.0,"turns":2.0},{"damage":21.0,"enemies":"Small Slimes","floor":5.0,"turns":3.0},{"damage":20.0,"enemies":"Lagavulin","floor":7.0,"turns":6.0},{"damage":3.0,"enemies":"Gremlin Gang","floor":10.0,"turns":3.0},{"damage":8.0,"enemies":"Gremlin Nob","floor":13.0,"turns":3.0},{"damage":0.0,"enemies":"Slime Boss","floor":16.0,"turns":4.0},{"damage":0.0,"enemies":"Spheric Guardian","floor":18.0,"turns":3.0},{"damage":13.0,"enemies":"2 Thieves","floor":20.0,"turns":3.0},{"damage":8.0,"enemies":"Centurion and Healer","floor":21.0,"turns":5.0},{"damage":14.0,"enemies":"Snake Plant","floor":22.0,"turns":3.0},{"damage":12.0,"enemies":"Slavers","floor":24.0,"turns":4.0},{"damage":30.0,"enemies":"Gremlin Leader","floor":30.0,"turns":5.0},{"damage":0.0,"enemies":"Snecko","floor":31.0,"turns":3.0},{"damage":20.0,"enemies":"Champ","floor":33.0,"turns":5.0},{"damage":8.0,"enemies":"3 Shapes","floor":35.0,"turns":3.0},{"damage":0.0,"enemies":"Orb Walker","floor":36.0,"turns":3.0},{"damage":8.0,"enemies":"Sphere and 2 Shapes","floor":38.0,"turns":6.0},{"damage":0.0,"enemies":"4 Shapes","floor":39.0,"turns":4.0},{"damage":4.0,"enemies":"Reptomancer","floor":41.0,"turns":6.0},{"damage":23.0,"enemies":"Transient","floor":44.0,"turns":6.0},{"damage":7.0,"enemies":"Nemesis","floor":45.0,"turns":5.0},{"damage":0.0,"enemies":"Maw","floor":46.0,"turns":6.0},{"damage":0.0,"enemies":"Reptomancer","floor":48.0,"turns":4.0},{"damage":65,"enemies":"Awakened One","floor":50,"turns":4}],"seed_played":"6805333718010900795","potions_obtained":[{"floor":1.0,"key":"Fire Potion"},{"floor":13.0,"key":"Swift Potion"},{"floor":16.0,"key":"PowerPotion"},{"floor":21.0,"key":"Regen Potion"},{"floor":22.0,"key":"SkillPotion"},{"floor":30.0,"key":"Explosive Potion"},{"floor":39.0,"key":"SteroidPotion"},{"floor":41.0,"key":"LiquidBronze"},{"floor":46.0,"key":"Strength Potion"}],"is_trial":false,"path_per_floor":["M","M","?","?","M","R","E","R","T","M","$","R","E","?","R","B",null,"M","?","M","M","M","R","E","R","T","$","R","$","E","M","R","B",null,"M","M","T","M","M","R","E","R","T","M","E","M","?","E","R","B"],"character_chosen":"DEFECT","items_purchased":["Defragment"],"campfire_rested":5,"item_purchase_floors":[29],"current_hp_per_floor":[64,64,64,64,43,43,23,23,23,20,20,39,31,24,24,24,54,54,54,41,33,28,28,16,35,35,35,35,35,5,5,24,4,49,41,41,41,33,33,52,48,48,48,25,18,18,31,31,50,0],"gold":4,"neow_bonus":"ONE_RARE_RELIC","is_prod":false,"is_daily":false,"chose_seed":false,"campfire_upgraded":6,"win_rate":0,"timestamp":1551068690,"path_taken":["M","?","?","?","M","R","E","R","T","?","$","R","E","?","R","BOSS","M","?","M","?","M","R","E","R","T","$","R","$","E","?","R","BOSS","M","?","?","M","M","R","E","R","T","M","E","M","?","E","R","BOSS"],"build_version":"2019-01-23","purchased_purges":1,"victory":false,"max_hp_per_floor":[64,64,64,64,64,64,64,64,64,64,64,64,64,64,64,64,64,64,64,64,64,64,64,64,64,64,64,64,64,64,64,64,64,64,64,64,64,64,64,64,64,64,64,64,64,64,64,64,64,64],"card_choices":[{"not_picked":["Reprogram","Hologram"],"picked":"Ball Lightning","floor":1.0},{"not_picked":["Glacier","Sweeping Beam"],"picked":"Defragment","floor":2.0},{"not_picked":["Lockon","Force Field"],"picked":"Leap","floor":5.0},{"not_picked":["Gash","Barrage","Redo"],"picked":"SKIP","floor":7.0},{"not_picked":["Doom and Gloom","Coolheaded"],"picked":"Multi-Cast","floor":10.0},{"not_picked":["Scrape","Rebound"],"picked":"Tempest","floor":13.0},{"not_picked":["Amplify","Machine Learning"],"picked":"Echo Form","floor":16.0},{"not_picked":["Stack","Barrage"],"picked":"Cold Snap","floor":18.0},{"not_picked":["Hologram","Beam Cell"],"picked":"Glacier","floor":20.0},{"not_picked":["Genetic Algorithm","Stack"],"picked":"FTL","floor":21.0},{"not_picked":["Gash","Streamline+1","Ball Lightning"],"picked":"SKIP","floor":22.0},{"not_picked":["Genetic Algorithm","Rainbow"],"picked":"Leap+1","floor":24.0},{"not_picked":["Capacitor","Gash","Aggregate"],"picked":"SKIP","floor":30.0},{"not_picked":["Conserve Battery","Go for the Eyes","Rebound"],"picked":"SKIP","floor":31.0},{"not_picked":["Reboot","Creative AI"],"picked":"Core Surge","floor":33.0},{"not_picked":["Hologram","Ball Lightning+1"],"picked":"Glacier","floor":35.0},{"not_picked":["Sweeping Beam","Gash"],"picked":"Defragment","floor":36.0},{"not_picked":["White Noise","Hello World"],"picked":"Conserve Battery+1","floor":38.0},{"not_picked":["Gash","Reinforced Body","Stack"],"picked":"SKIP","floor":39.0},{"not_picked":["Melter","Cold Snap"],"picked":"Biased Cognition","floor":41.0},{"not_picked":["Self Repair","Ball Lightning+1","Barrage+1"],"picked":"SKIP","floor":44.0},{"not_picked":["Stack+1","Heatsinks"],"picked":"Turbo+1","floor":45.0},{"not_picked":["Streamline","Stack","Beam Cell"],"picked":"SKIP","floor":46.0},{"not_picked":["Consume+1","Heatsinks+1"],"picked":"Turbo+1","floor":48.0}],"player_experience":1140113,"relics_obtained":[{"floor":7.0,"key":"Letter Opener"},{"floor":9.0,"key":"Symbiotic Virus"},{"floor":13.0,"key":"Cables"},{"floor":24.0,"key":"Ornamental Fan"},{"floor":26.0,"key":"Whetstone"},{"floor":30.0,"key":"Boot"},{"floor":37.0,"key":"Gremlin Horn"},{"floor":41.0,"key":"Bronze Scales"},{"floor":43.0,"key":"Bottled Lightning"},{"floor":45.0,"key":"PreservedInsect"},{"floor":48.0,"key":"Ice Cream"}],"event_choices":[{"cards_removed":["Strike_B"],"damage_healed":0.0,"max_hp_gain":0.0,"max_hp_loss":0.0,"gold_gain":0.0,"event_name":"The Cleric","player_choice":"Card Removal","floor":3.0,"gold_loss":75.0,"damage_taken":0.0},{"damage_healed":0.0,"max_hp_gain":0.0,"max_hp_loss":0.0,"gold_gain":0.0,"event_name":"Accursed Blacksmith","player_choice":"Rummage","floor":4.0,"gold_loss":0.0,"damage_taken":0.0,"relics_obtained":["WarpedTongs"],"cards_obtained":["Pain"]},{"cards_removed":["Strike_B"],"damage_healed":0.0,"max_hp_gain":0.0,"max_hp_loss":0.0,"gold_gain":0.0,"event_name":"Golden Wing","player_choice":"Card Removal","floor":14.0,"gold_loss":0.0,"damage_taken":7.0},{"damage_healed":0.0,"max_hp_gain":0.0,"max_hp_loss":0.0,"gold_gain":0.0,"event_name":"Upgrade Shrine","player_choice":"Upgraded","floor":19.0,"gold_loss":0.0,"damage_taken":0.0,"cards_upgraded":["Multi-Cast"]},{"damage_healed":13.0,"max_hp_gain":0.0,"max_hp_loss":0.0,"gold_gain":0.0,"event_name":"Winding Halls","player_choice":"Writhe","floor":47.0,"gold_loss":0.0,"damage_taken":0.0,"cards_obtained":["Writhe"]}],"is_beta":false,"boss_relics":[{"not_picked":["Tiny House","Pandora\u0027s Box"],"picked":"Ectoplasm"},{"not_picked":["Fusion Hammer","FrozenCore"],"picked":"Runic Pyramid"}],"items_purged_floors":[11],"is_endless":false,"potions_floor_spawned":[1,13,16,21,22,30,39,41,44,46],"killed_by":"Awakened One","ascension_level":20}