{"gold_per_floor":[119,130,130,80,96,96,139,158,213,213,233,233,252,275,275,398,398,421,421,11,34,57,95,95,113,113,113,113,113,127,127,127,127],"floor_reached":33,"playtime":1816,"items_purged":[],"score":319,"play_id":"05b143c1-c6be-4c10-8ac9-beee64a3b040","local_time":"20190318191428","is_ascension_mode":false,"campfire_choices":[{"data":"Poisoned Stab","floor":6,"key":"SMITH"},{"floor":10,"key":"REST"},{"floor":12,"key":"REST"},{"data":"Footwork","floor":15,"key":"SMITH"},{"floor":24,"key":"REST"},{"floor":32,"key":"REST"}],"neow_cost":"NONE","seed_source_timestamp":263196366820461,"circlet_count":0,"master_deck":["Defend_G","Defend_G","Defend_G","Defend_G","Strike_G","Strike_G","Strike_G","Survivor","Neutralize","Bane","Poisoned Stab+1","Footwork+1","Caltrops","Unload","Envenom","All Out Attack+1","Caltrops+1","Prepared+1","Deadly Poison","Footwork","Deadly Poison","Corpse Explosion","Bouncing Flask+1","Writhe"],"relics":["Ring of the Snake","Juzu Bracelet","Golden Idol","Paper Crane","Bag of Marbles","Astrolabe","MutagenicStrength","Thread and Needle","Dream Catcher","Frozen Egg 2","Lantern","Pantograph"],"potions_floor_usage":[8,8,16,16,23,33,33,33],"damage_taken":[{"damage":2,"enemies":"Small Slimes","floor":1,"turns":4},{"damage":0,"enemies":"2 Louse","floor":2,"turns":3},{"damage":11,"enemies":"Jaw Worm","floor":5,"turns":4},{"damage":31,"enemies":"3 Sentries","floor":7,"turns":11},{"damage":3,"enemies":"Large Slime","floor":8,"turns":5},{"damage":0,"enemies":"Blue Slaver","floor":11,"turns":3},{"damage":0,"enemies":"Exordium Wildlife","floor":13,"turns":2},{"damage":3,"enemies":"3 Louse","floor":14,"turns":2},{"damage":0,"enemies":"Slime Boss","floor":16,"turns":7},{"damage":18,"enemies":"3 Byrds","floor":18,"turns":3},{"damage":9,"enemies":"Spheric Guardian","floor":21,"turns":4},{"damage":18,"enemies":"Centurion and Healer","floor":22,"turns":9},{"damage":8,"enemies":"Book of Stabbing","floor":23,"turns":3},{"damage":12,"enemies":"Cultist and Chosen","floor":25,"turns":4},{"damage":14,"enemies":"3 Cultists","floor":30,"turns":3},{"damage":91,"enemies":"Champ","floor":33,"turns":12}],"seed_played":"-3489414437644342109","potions_obtained":[{"floor":1,"key":"Weak Potion"},{"floor":2,"key":"EntropicBrew"},{"floor":14,"key":"Fire Potion"},{"floor":16,"key":"SkillPotion"},{"floor":22,"key":"Dexterity Potion"},{"floor":30,"key":"Strength Potion"}],"is_trial":false,"path_per_floor":["M","M","?","?","M","R","E","M","T","R","M","R","M","M","R","B",null,"M","?","$","M","M","E","R","M","T","?","T","?","M","?","R","B"],"character_chosen":"THE_SILENT","items_purchased":["Thread and Needle","Deadly Poison","Footwork"],"campfire_rested":4,"item_purchase_floors":[20,20,20],"current_hp_per_floor":[68,68,68,68,57,57,26,23,23,44,44,65,65,62,62,62,70,52,52,52,43,25,17,38,26,26,26,26,26,12,35,56,0],"gold":127,"neow_bonus":"RANDOM_COMMON_RELIC","is_prod":false,"is_daily":false,"chose_seed":false,"campfire_upgraded":2,"win_rate":0,"timestamp":1552896868,"path_taken":["M","M","?","?","M","R","E","M","T","R","M","R","M","M","R","BOSS","M","?","$","M","M","E","R","M","T","?","?","?","M","?","R","BOSS"],"build_version":"2019-01-23","purchased_purges":0,"victory":false,"max_hp_per_floor":[70,70,70,70,70,70,70,70,70,70,70,70,70,70,70,70,70,70,70,70,70,70,70,70,70,70,70,70,70,70,70,70,70],"card_choices":[{"not_picked":["Calculated Gamble","Dodge and Roll"],"picked":"Bane","floor":1},{"not_picked":["Setup","Prepared"],"picked":"Poisoned Stab","floor":2},{"not_picked":["Endless Agony","Bane","Dagger Spray"],"picked":"SKIP","floor":5},{"not_picked":["Cloak And Dagger","Choke"],"picked":"Footwork","floor":7},{"not_picked":["PiercingWail","All Out Attack"],"picked":"Caltrops","floor":8},{"not_picked":["Flying Knee","Poisoned Stab","Dodge and Roll"],"picked":"SKIP","floor":11},{"not_picked":["Sucker Punch","Expertise"],"picked":"Unload","floor":13},{"not_picked":["Cloak And Dagger","Deflect","Finisher"],"picked":"SKIP","floor":14},{"not_picked":["Unload","A Thousand Cuts"],"picked":"Envenom","floor":16},{"not_picked":["Calculated Gamble","Flechettes","Flying Knee"],"picked":"SKIP","floor":18},{"not_picked":["Leg Sweep+1","Outmaneuver+1"],"picked":"Deadly Poison","floor":21},{"not_picked":["Underhanded Strike+1","Slice","Dodge and Roll"],"picked":"SKIP","floor":22},{"not_picked":["Terror","Distraction"],"picked":"Corpse Explosion","floor":23},{"not_picked":["Cloak And Dagger","Dagger Throw"],"picked":"Bouncing Flask+1","floor":24},{"not_picked":["Flying Knee","Poisoned Stab","Underhanded Strike"],"picked":"SKIP","floor":25},{"not_picked":["Prepared+1","Leg Sweep","Blade Dance"],"picked":"SKIP","floor":30}],"player_experience":231490,"relics_obtained":[{"floor":7,"key":"Paper Crane"},{"floor":9,"key":"Bag of Marbles"},{"floor":23,"key":"Dream Catcher"},{"floor":26,"key":"Frozen Egg 2"},{"floor":28,"key":"Pantograph"}],"event_choices":[{"damage_healed":0,"gold_gain":0,"player_choice":"Take Wound","damage_taken":0,"relics_obtained":["Golden Idol"],"max_hp_gain":0,"max_hp_loss":0,"event_name":"Golden Idol","floor":3,"gold_loss":0,"cards_obtained":["Injury"]},{"cards_removed":["Injury"],"damage_healed":0,"gold_gain":0,"player_choice":"Card Removal","damage_taken":0,"max_hp_gain":0,"max_hp_loss":0,"event_name":"The Cleric","floor":4,"gold_loss":50},{"damage_healed":0,"gold_gain":0,"player_choice":"Inject Mutagens","damage_taken":0,"relics_obtained":["MutagenicStrength"],"max_hp_gain":0,"max_hp_loss":0,"event_name":"Drug Dealer","floor":19,"gold_loss":0},{"damage_healed":0,"gold_gain":0,"player_choice":"Opened","damage_taken":0,"relics_obtained":["Lantern"],"max_hp_gain":0,"max_hp_loss":0,"event_name":"The Mausoleum","floor":27,"gold_loss":0,"cards_obtained":["Writhe"]},{"damage_healed":0,"gold_gain":0,"player_choice":"Ignored","damage_taken":0,"max_hp_gain":0,"max_hp_loss":0,"event_name":"Vampires","floor":29,"gold_loss":0},{"damage_healed":23,"gold_gain":0,"player_choice":"Heal","damage_taken":0,"max_hp_gain":0,"max_hp_loss":0,"event_name":"The Library","floor":31,"gold_loss":0}],"is_beta":false,"boss_relics":[{"not_picked":["Philosopher\u0027s Stone","Velvet Choker"],"picked":"Astrolabe"}],"items_purged_floors":[],"is_endless":false,"potions_floor_spawned":[1,2,11,13,14,16,22,30],"killed_by":"Champ","ascension_level":0}