{"gold_per_floor":[109,174,174,249,263,263,38,73,73,0,11,11,11,30,30,130,130,145,161,178,211,56,56],"floor_reached":23,"playtime":1338,"items_purged":["Strike_G"],"score":278,"play_id":"a311b75b-821e-43f8-b0d2-3f695d70c90a","local_time":"20190309141017","is_ascension_mode":true,"campfire_choices":[{"data":"Caltrops","floor":6,"key":"SMITH"},{"data":"Dash","floor":12,"key":"SMITH"},{"data":"Well Laid Plans","floor":15,"key":"SMITH"}],"neow_cost":"NONE","seed_source_timestamp":251571121332948,"circlet_count":0,"master_deck":["Defend_G","Defend_G","Defend_G","Defend_G","Defend_G","Strike_G","Strike_G","Strike_G","Strike_G","Survivor","Neutralize","Predator+1","Caltrops+1","Dash+1","Well Laid Plans+1","Footwork","Sucker Punch","All Out Attack","Bullet Time","Calculated Gamble+1","Acrobatics","Tactician+1","Reflex"],"relics":["Ring of the Snake","NeowsBlessing","Bag of Preparation","Blood Vial","Shuriken","Centennial Puzzle","Runic Pyramid","Red Mask"],"potions_floor_usage":[20,21],"damage_taken":[{"damage":0,"enemies":"Jaw Worm","floor":1,"turns":1},{"damage":0,"enemies":"2 Louse","floor":5,"turns":1},{"damage":0,"enemies":"Gremlin Nob","floor":8,"turns":1},{"damage":0,"enemies":"Cultist","floor":11,"turns":3},{"damage":7,"enemies":"Lots of Slimes","floor":14,"turns":5},{"damage":11,"enemies":"Hexaghost","floor":16,"turns":9},{"damage":8,"enemies":"2 Thieves","floor":18,"turns":3},{"damage":0,"enemies":"3 Byrds","floor":19,"turns":2},{"damage":46,"enemies":"Snecko","floor":20,"turns":7},{"damage":1,"enemies":"Masked Bandits","floor":21,"turns":2},{"damage":34,"enemies":"Gremlin Leader","floor":23,"turns":4}],"seed_played":"-1692025525683605512","potions_obtained":[{"floor":1,"key":"SkillPotion"},{"floor":14,"key":"Regen Potion"},{"floor":19,"key":"Explosive Potion"},{"floor":21,"key":"Dexterity Potion"}],"is_trial":false,"path_per_floor":["M","?","?","?","M","R","$","E","T","$","M","R","?","M","R","B",null,"M","M","M","?","$","E"],"character_chosen":"THE_SILENT","items_purchased":["Bag of Preparation","Dash","Footwork","Reflex"],"campfire_rested":0,"item_purchase_floors":[7,7,10,22],"current_hp_per_floor":[63,63,63,56,56,56,56,56,56,56,58,58,58,53,53,44,64,58,60,28,29,29,0],"gold":56,"neow_bonus":"THREE_ENEMY_KILL","is_prod":false,"is_daily":false,"chose_seed":false,"campfire_upgraded":3,"win_rate":0,"timestamp":1552137017,"path_taken":["M","?","?","?","?","R","$","E","T","?","M","R","?","?","R","BOSS","M","M","M","?","$","E"],"build_version":"2019-01-23","purchased_purges":1,"victory":false,"max_hp_per_floor":[70,70,70,70,70,70,70,70,70,70,70,70,70,70,70,70,70,70,70,70,70,70,70],"card_choices":[{"not_picked":["Expertise","Dagger Throw"],"picked":"Predator","floor":1},{"not_picked":["Deadly Poison","Blade Dance"],"picked":"Caltrops","floor":5},{"not_picked":["Prepared","PiercingWail"],"picked":"Well Laid Plans","floor":8},{"not_picked":["Slice","Deflect"],"picked":"Sucker Punch","floor":11},{"not_picked":["Slice","Dagger Spray"],"picked":"All Out Attack","floor":14},{"not_picked":["Night Terror","Unload"],"picked":"Bullet Time","floor":16},{"not_picked":["Outmaneuver","Riddle With Holes"],"picked":"Calculated Gamble+1","floor":18},{"not_picked":["Blade Dance","Dagger Spray"],"picked":"Acrobatics","floor":19},{"not_picked":["Endless Agony","Flying Knee"],"picked":"Tactician+1","floor":20}],"player_experience":467359,"relics_obtained":[{"floor":8,"key":"Blood Vial"},{"floor":9,"key":"Shuriken"},{"floor":21,"key":"Red Mask"}],"event_choices":[{"damage_healed":0,"gold_gain":65,"player_choice":"Gained Gold","damage_taken":0,"max_hp_gain":0,"max_hp_loss":0,"event_name":"Golden Wing","floor":2,"gold_loss":0},{"damage_healed":0,"gold_gain":0,"player_choice":"Grow","damage_taken":0,"max_hp_gain":0,"max_hp_loss":0,"event_name":"Living Wall","floor":3,"gold_loss":0,"cards_upgraded":["Predator"]},{"damage_healed":0,"gold_gain":75,"player_choice":"Touch","damage_taken":7,"max_hp_gain":0,"max_hp_loss":0,"event_name":"FaceTrader","floor":4,"gold_loss":0},{"damage_healed":0,"gold_gain":0,"player_choice":"Gave Potion","damage_taken":0,"relics_obtained":["Centennial Puzzle"],"max_hp_gain":0,"max_hp_loss":0,"event_name":"WeMeetAgain","floor":13,"gold_loss":0},{"damage_healed":0,"gold_gain":0,"player_choice":"Fought Bandits","damage_taken":0,"max_hp_gain":0,"max_hp_loss":0,"event_name":"Masked Bandits","floor":21,"gold_loss":0}],"is_beta":false,"boss_relics":[{"not_picked":["White Beast Statue","Eternal Feather"],"picked":"Runic Pyramid"}],"items_purged_floors":[22],"is_endless":false,"potions_floor_spawned":[1,14,19,21],"killed_by":"Gremlin Leader","ascension_level":6}