{"gold_per_floor":[114,114,39,53,69,69,95,170,170,170,188,198,198,227,227,301,351,361,361,286,286,301,333,333,390,390,401,401,401,401,401,401,401],"floor_reached":33,"playtime":834,"items_purged":["Defend_R"],"score":620,"play_id":"9009d81a-8a80-46af-92ca-8f78e50a31bd","local_time":"20190124002349","is_ascension_mode":true,"campfire_choices":[{"data":"Inflame","floor":6.0,"key":"SMITH"},{"data":"Spot Weakness","floor":10.0,"key":"SMITH"},{"data":"Fiend Fire","floor":15.0,"key":"SMITH"},{"floor":24.0,"key":"REST"},{"data":"Bash","floor":28.0,"key":"SMITH"},{"data":"Cleave","floor":30.0,"key":"SMITH"},{"floor":32,"key":"REST"}],"neow_cost":"NONE","seed_source_timestamp":1228239483624430,"circlet_count":0,"master_deck":["AscendersBane","Strike_R","Strike_R","Defend_R","Defend_R","Defend_R","Bash+1","Cleave+1","Inflame+1","Twin Strike+1","Shrug It Off","Spot Weakness+1","Fiend Fire+1","Limit Break","Heavy Blade+1"],"special_seed":0,"relics":["Burning Blood","NeowsBlessing","Letter Opener","Gremlin Horn","Bag of Marbles","Tiny House","MutagenicStrength","Omamori","Tiny Chest","Dodecahedron","Gambling Chip"],"potions_floor_usage":[31],"damage_taken":[{"damage":0.0,"enemies":"2 Louse","floor":1.0,"turns":1.0},{"damage":0.0,"enemies":"Cultist","floor":4.0,"turns":1.0},{"damage":0.0,"enemies":"Small Slimes","floor":5.0,"turns":1.0},{"damage":17.0,"enemies":"Lagavulin","floor":7.0,"turns":6.0},{"damage":0.0,"enemies":"2 Fungi Beasts","floor":11.0,"turns":3.0},{"damage":0.0,"enemies":"Looter","floor":12.0,"turns":1.0},{"damage":8.0,"enemies":"Gremlin Nob","floor":14.0,"turns":3.0},{"damage":46.0,"enemies":"Hexaghost","floor":16.0,"turns":7.0},{"damage":6.0,"enemies":"3 Byrds","floor":18.0,"turns":2.0},{"damage":22.0,"enemies":"Spheric Guardian","floor":22.0,"turns":4.0},{"damage":43.0,"enemies":"Gremlin Leader","floor":23.0,"turns":5.0},{"damage":27.0,"enemies":"Book of Stabbing","floor":25.0,"turns":3.0},{"damage":1.0,"enemies":"Centurion and Healer","floor":27.0,"turns":5.0},{"damage":0,"enemies":"Cultist and Chosen","floor":31,"turns":2},{"damage":58,"enemies":"Collector","floor":33,"turns":6}],"seed_played":"2034422836357399882","potions_obtained":[{"floor":4.0,"key":"Swift Potion"},{"floor":5.0,"key":"SkillPotion"},{"floor":16.0,"key":"LiquidBronze"},{"floor":17.0,"key":"SmokeBomb"},{"floor":23.0,"key":"Energy Potion"}],"is_trial":false,"path_per_floor":["M","?","$","M","M","R","E","?","T","R","M","M","?","E","R","B",null,"M","?","?","?","M","E","R","E","T","M","R","T","R","M","R","B"],"character_chosen":"IRONCLAD","items_purchased":[],"campfire_rested":2,"item_purchase_floors":[],"current_hp_per_floor":[74,74,74,75,75,75,64,53,53,53,59,65,65,63,63,23,67,67,67,67,67,51,14,38,17,17,22,22,22,22,28,52,0],"gold":401,"neow_bonus":"THREE_ENEMY_KILL","is_prod":false,"is_daily":false,"chose_seed":false,"campfire_upgraded":5,"win_rate":0,"timestamp":1548285829,"path_taken":["M","?","$","?","M","R","E","?","T","R","M","M","?","E","R","BOSS","M","?","?","?","M","E","R","E","T","M","R","?","R","M","R","BOSS"],"build_version":"2019-01-23","purchased_purges":1,"victory":false,"max_hp_per_floor":[75,75,75,75,75,75,75,75,75,75,75,75,75,75,75,75,80,80,80,80,80,80,80,80,80,80,80,80,80,80,80,80,80],"card_choices":[{"not_picked":["Wild Strike","Pummel"],"picked":"Cleave","floor":1.0},{"not_picked":["Clothesline","Dropkick"],"picked":"Twin Strike","floor":4.0},{"not_picked":["Twin Strike","Corruption"],"picked":"Shrug It Off","floor":5.0},{"not_picked":["Headbutt","Cleave"],"picked":"Spot Weakness","floor":7.0},{"not_picked":["Seeing Red","Cleave"],"picked":"Fiend Fire","floor":11.0},{"not_picked":["Twin Strike","Second Wind","Armaments"],"picked":"SKIP","floor":12.0},{"not_picked":["Inflame","Rupture","Searing Blow"],"picked":"SKIP","floor":14.0},{"not_picked":["Double Tap","Reaper"],"picked":"Limit Break","floor":16.0},{"not_picked":["Clothesline+1","Infernal Blade","True Grit"],"picked":"SKIP","floor":18.0},{"not_picked":["Havoc","Anger","Body Slam"],"picked":"SKIP","floor":22.0},{"not_picked":["Flex+1","Shrug It Off"],"picked":"Heavy Blade+1","floor":23.0},{"not_picked":["Seeing Red","Sever Soul","Blood for Blood"],"picked":"SKIP","floor":25.0},{"not_picked":["Corruption","Perfected Strike","Havoc"],"picked":"SKIP","floor":27.0}],"player_experience":928387,"relics_obtained":[{"floor":7.0,"key":"Letter Opener"},{"floor":9.0,"key":"Gremlin Horn"},{"floor":14.0,"key":"Bag of Marbles"},{"floor":23.0,"key":"Omamori"},{"floor":25.0,"key":"Tiny Chest"},{"floor":26.0,"key":"Dodecahedron"},{"floor":29.0,"key":"Gambling Chip"}],"event_choices":[{"damage_healed":0.0,"max_hp_gain":0.0,"max_hp_loss":0.0,"gold_gain":0.0,"cards_transformed":["Strike_R"],"event_name":"Transmorgrifier","player_choice":"Transformed","floor":2.0,"gold_loss":0.0,"damage_taken":0.0,"cards_obtained":["Inflame"]},{"damage_healed":0.0,"max_hp_gain":0.0,"max_hp_loss":0.0,"gold_gain":75.0,"event_name":"World of Goop","player_choice":"Gather Gold","floor":8.0,"gold_loss":0.0,"damage_taken":11.0},{"cards_removed":["Strike_R"],"damage_healed":0.0,"max_hp_gain":0.0,"max_hp_loss":0.0,"gold_gain":0.0,"event_name":"Bonfire Elementals","player_choice":"Offered Basic","floor":13.0,"gold_loss":0.0,"damage_taken":0.0},{"damage_healed":0.0,"max_hp_gain":0.0,"max_hp_loss":0.0,"gold_gain":0.0,"event_name":"Vampires","player_choice":"Ignored","floor":19.0,"gold_loss":0.0,"damage_taken":0.0},{"cards_removed":["Strike_R"],"damage_healed":0.0,"max_hp_gain":0.0,"max_hp_loss":0.0,"gold_gain":0.0,"event_name":"Beggar","player_choice":"Gave Gold","floor":20.0,"gold_loss":75.0,"damage_taken":0.0},{"damage_healed":0.0,"max_hp_gain":0.0,"max_hp_loss":0.0,"gold_gain":0.0,"event_name":"Drug Dealer","player_choice":"Inject Mutagens","floor":21.0,"gold_loss":0.0,"damage_taken":0.0,"relics_obtained":["MutagenicStrength"]}],"is_beta":false,"boss_relics":[{"not_picked":["Coffee Dripper","Busted Crown"],"picked":"Tiny House"}],"items_purged_floors":[3],"is_endless":false,"potions_floor_spawned":[4,5,16,23],"killed_by":"Collector","ascension_level":19}