{"gold_per_floor":[110,125,137,156,212,226,226,237,237,237,252,252,268,13,13,113,113,129,140,155,165,165,190,190],"floor_reached":24,"playtime":3171,"items_purged":[],"score":214,"play_id":"d3793d92-2286-4119-9214-1fe7bc750614","local_time":"20180628221734","is_ascension_mode":false,"campfire_choices":[{"data":"Neutralize","floor":7,"key":"SMITH"},{"data":"Strike_G","floor":10,"key":"SMITH"},{"data":"Slice","floor":12,"key":"SMITH"},{"floor":15,"key":"REST"}],"neow_cost":"NONE","seed_source_timestamp":1365106670807269,"circlet_count":0,"master_deck":["Defend_G","Defend_G","Defend_G","Defend_G","Defend_G","Strike_G","Strike_G","Strike_G+1","Strike_G","Strike_G","Survivor","Neutralize+1","Backstab","Deadly Poison","Outmaneuver","Deadly Poison","Backflip","Flying Knee","Slice+1","Dagger Spray","Noxious Fumes","Die Die Die","Crippling Poison","Night Terror","Infinite Blades+1","Slice+1"],"relics":["Ring of the Snake","Blood Vial","Meat on the Bone","Busted Crown","Nilry\u0027s Codex","Boot"],"potions_floor_usage":[23,23,23,24],"damage_taken":[{"damage":0,"enemies":"2 Louse","floor":1,"turns":4},{"damage":1,"enemies":"Jaw Worm","floor":2,"turns":4},{"damage":2,"enemies":"Small Slimes","floor":3,"turns":4},{"damage":4,"enemies":"Blue Slaver","floor":4,"turns":6},{"damage":7,"enemies":"Exordium Wildlife","floor":6,"turns":5},{"damage":16,"enemies":"Large Slime","floor":8,"turns":8},{"damage":4,"enemies":"Exordium Thugs","floor":11,"turns":4},{"damage":8,"enemies":"2 Fungi Beasts","floor":13,"turns":3},{"damage":35,"enemies":"The Guardian","floor":16,"turns":9},{"damage":5,"enemies":"Shell Parasite","floor":18,"turns":4},{"damage":16,"enemies":"2 Thieves","floor":19,"turns":4},{"damage":12,"enemies":"Centurion and Healer","floor":20,"turns":5},{"damage":20,"enemies":"Snake Plant","floor":21,"turns":4},{"damage":20,"enemies":"Slavers","floor":23,"turns":5},{"damage":16,"enemies":"Cultist and Chosen","floor":24,"turns":3}],"seed_played":"7467705414721391921","potions_obtained":[{"floor":2,"key":"PowerPotion"},{"floor":3,"key":"SpeedPotion"},{"floor":6,"key":"Fire Potion"},{"floor":23,"key":"SkillPotion"}],"is_trial":false,"path_per_floor":["M","M","M","M","?","M","R","M","T","R","M","R","M","$","R","B",null,"M","M","M","M","?","E"],"character_chosen":"THE_SILENT","items_purchased":["Noxious Fumes","Die Die Die","Crippling Poison"],"campfire_rested":1,"item_purchase_floors":[14,14,14],"current_hp_per_floor":[70,69,68,66,66,61,61,47,47,47,45,45,39,39,60,39,70,65,51,41,35,19,13,0],"gold":190,"neow_bonus":"RANDOM_COMMON_RELIC","is_prod":false,"is_daily":false,"chose_seed":false,"campfire_upgraded":3,"win_rate":0.0,"timestamp":1530238654,"path_taken":["M","M","M","M","?","M","R","M","T","R","M","R","M","$","R","BOSS","M","M","M","M","?","E","M"],"build_version":"2018-06-21v2","purchased_purges":0,"victory":false,"max_hp_per_floor":[70,70,70,70,70,70,70,70,70,70,70,70,70,70,70,70,70,70,70,70,70,70,70,70],"card_choices":[{"not_picked":["Acrobatics","Caltrops"],"picked":"Backstab","floor":1},{"not_picked":["Flechettes","Riddle With Holes"],"picked":"Deadly Poison","floor":2},{"not_picked":["Poisoned Stab","Quick Slash"],"picked":"Outmaneuver","floor":3},{"not_picked":["Blur","Terror"],"picked":"Deadly Poison","floor":4},{"not_picked":["Backstab","PiercingWail"],"picked":"Backflip","floor":6},{"not_picked":["Backflip","A Thousand Cuts"],"picked":"Flying Knee","floor":8},{"not_picked":["Infinite Blades","Acrobatics"],"picked":"Slice","floor":11},{"not_picked":["Sucker Punch","Deflect"],"picked":"Dagger Spray","floor":13},{"not_picked":["Wraith Form v2","Venomology"],"picked":"Night Terror","floor":16},{"not_picked":[],"picked":"Infinite Blades+1","floor":18},{"not_picked":[],"picked":"Slice+1","floor":19},{"not_picked":["Poisoned Stab"],"picked":"SKIP","floor":20},{"not_picked":["Reflex+1"],"picked":"SKIP","floor":21},{"not_picked":["Dodge and Roll"],"picked":"SKIP","floor":23}],"player_experience":51110,"relics_obtained":[{"floor":9,"key":"Meat on the Bone"},{"floor":22,"key":"Nilry\u0027s Codex"},{"floor":23,"key":"Boot"}],"event_choices":[{"event_name":"Golden Wing","player_choice":"Gained Gold","floor":5,"damage_taken":0},{"event_name":"Cursed Tome","player_choice":"Obtained Book","floor":22,"damage_taken":0}],"boss_relics":[{"not_picked":["Velvet Choker","Empty Cage"],"picked":"Busted Crown"}],"items_purged_floors":[],"is_endless":false,"potions_floor_spawned":[2,3,6,20,23],"killed_by":"Cultist and Chosen","ascension_level":0}