{"gold_per_floor":[109,123,123,142,142,142,167,13,39,64,79,79,93,123,123,123],"floor_reached":16,"playtime":523,"items_purged":["Strike_R"],"score":215,"play_id":"fca686cf-f8e2-4e24-830c-12abeb75c81d","local_time":"20190127110717","is_ascension_mode":true,"campfire_choices":[{"data":"Iron Wave","floor":6.0,"key":"SMITH"},{"data":"Ghostly Armor","floor":12.0,"key":"SMITH"},{"data":"Bash","floor":15.0,"key":"SMITH"}],"neow_cost":"TEN_PERCENT_HP_LOSS","seed_source_timestamp":1526293298989170,"circlet_count":0,"master_deck":["AscendersBane","Strike_R","Strike_R","Strike_R","Strike_R","Defend_R+1","Defend_R","Defend_R","Defend_R","Bash+1","Feed+1","Iron Wave+1","Whirlwind+1","Rampage","Ghostly Armor+1","Evolve"],"special_seed":0,"relics":["Burning Blood","Anchor","Omamori","Regal Pillow"],"potions_floor_usage":[16],"damage_taken":[{"damage":1.0,"enemies":"Cultist","floor":1.0,"turns":3.0},{"damage":8.0,"enemies":"2 Louse","floor":2.0,"turns":5.0},{"damage":16.0,"enemies":"Small Slimes","floor":4.0,"turns":4.0},{"damage":24.0,"enemies":"Lagavulin","floor":7.0,"turns":7.0},{"damage":32.0,"enemies":"Gremlin Nob","floor":10.0,"turns":4.0},{"damage":0.0,"enemies":"3 Louse","floor":11.0,"turns":3.0},{"damage":1.0,"enemies":"Exordium Wildlife","floor":13.0,"turns":6.0},{"damage":36,"enemies":"Hexaghost","floor":16,"turns":9}],"seed_played":"-525767325416744214","potions_obtained":[{"floor":2.0,"key":"SneckoOil"},{"floor":4.0,"key":"Block Potion"},{"floor":11.0,"key":"BloodPotion"}],"is_trial":false,"path_per_floor":["M","M","?","M","?","R","E","$","T","E","M","R","M","?","R","B"],"character_chosen":"IRONCLAD","items_purchased":["Regen Potion"],"campfire_rested":0,"item_purchase_floors":[8],"current_hp_per_floor":[68,69,69,63,40,40,22,22,22,8,18,18,27,27,27,0],"gold":123,"neow_bonus":"THREE_RARE_CARDS","is_prod":false,"is_daily":false,"chose_seed":false,"campfire_upgraded":3,"win_rate":0,"timestamp":1548583637,"path_taken":["M","M","?","?","?","R","E","$","T","E","M","R","M","?","R","BOSS"],"build_version":"2019-01-23","purchased_purges":1,"victory":false,"max_hp_per_floor":[68,71,71,75,75,75,75,75,75,75,79,79,83,83,83,83],"card_choices":[{"not_picked":["Dark Embrace","Fiend Fire"],"picked":"Feed","floor":0.0},{"not_picked":["Anger","Clothesline"],"picked":"Iron Wave","floor":1.0},{"not_picked":["Flame Barrier","Clothesline"],"picked":"Whirlwind","floor":2.0},{"not_picked":["Havoc","Armaments"],"picked":"Rampage","floor":4.0},{"not_picked":["Blood for Blood","Searing Blow","Clothesline"],"picked":"SKIP","floor":7.0},{"not_picked":["Fire Breathing","Disarm"],"picked":"Ghostly Armor","floor":10.0},{"not_picked":["Berserk","Cleave","Flex"],"picked":"SKIP","floor":11.0},{"not_picked":["Clash","Battle Trance"],"picked":"Evolve","floor":13.0}],"player_experience":945234,"relics_obtained":[{"floor":7.0,"key":"Anchor"},{"floor":9.0,"key":"Omamori"},{"floor":10.0,"key":"Regal Pillow"}],"event_choices":[{"damage_healed":0.0,"max_hp_gain":0.0,"max_hp_loss":0.0,"gold_gain":0.0,"event_name":"Upgrade Shrine","player_choice":"Upgraded","floor":3.0,"gold_loss":0.0,"damage_taken":0.0,"cards_upgraded":["Feed"]},{"damage_healed":0.0,"max_hp_gain":0.0,"max_hp_loss":0.0,"gold_gain":0.0,"event_name":"Shining Light","player_choice":"Entered Light","floor":5.0,"gold_loss":0.0,"damage_taken":23.0,"cards_upgraded":["Whirlwind","Defend_R"]},{"damage_healed":0.0,"max_hp_gain":0.0,"max_hp_loss":0.0,"gold_gain":30.0,"event_name":"Dead Adventurer","player_choice":"Searched \u00271\u0027 times","floor":14.0,"gold_loss":0.0,"damage_taken":0.0}],"is_beta":false,"boss_relics":[],"items_purged_floors":[8],"is_endless":false,"potions_floor_spawned":[2,4,11],"killed_by":"Hexaghost","ascension_level":19}