{"gold_per_floor":[111,111,111,111,180,180,216,4,4,4,43,43,57,80,80,80],"floor_reached":16,"playtime":361,"items_purged":[],"score":259,"play_id":"8de7e95c-705e-4cf6-86fb-30f901ceb826","local_time":"20181007220140","is_ascension_mode":true,"campfire_choices":[{"data":"Neutralize","floor":6.0,"key":"SMITH"},{"data":"Blade Dance","floor":10.0,"key":"SMITH"},{"data":"Dagger Throw","floor":12.0,"key":"SMITH"},{"data":"Noxious Fumes","floor":15.0,"key":"SMITH"}],"neow_cost":"NONE","seed_source_timestamp":0,"circlet_count":0,"master_deck":["Defend_G","Defend_G","Defend_G","Defend_G","Defend_G","Strike_G","Strike_G","Strike_G","Strike_G","Survivor","Neutralize+1","AscendersBane","Blade Dance+1","Injury","Dagger Throw+1","Heel Hook","Endless Agony","Backflip","Noxious Fumes+1"],"special_seed":0,"relics":["Ring of the Snake","NeowsBlessing","Golden Idol","SsserpentHead","Singing Bowl","PrismaticShard","Matryoshka","Meat on the Bone"],"potions_floor_usage":[],"damage_taken":[{"damage":0.0,"enemies":"Jaw Worm","floor":1.0,"turns":1.0},{"damage":0.0,"enemies":"Small Slimes","floor":5.0,"turns":1.0},{"damage":0.0,"enemies":"Gremlin Nob","floor":7.0,"turns":1.0},{"damage":50.0,"enemies":"Lagavulin","floor":11.0,"turns":11.0},{"damage":0.0,"enemies":"2 Louse","floor":13.0,"turns":2.0},{"damage":12.0,"enemies":"Exordium Wildlife","floor":14.0,"turns":3.0},{"damage":29,"enemies":"The Guardian","floor":16,"turns":5}],"seed_played":"-229029885106934544","potions_obtained":[{"floor":5.0,"key":"EssenceOfSteel"}],"is_trial":false,"path_per_floor":["M","?","?","?","M","R","E","$","T","R","E","R","M","M","R"],"character_chosen":"THE_SILENT","items_purchased":["PrismaticShard","Endless Agony"],"campfire_rested":0,"item_purchase_floors":[8,8],"current_hp_per_floor":[59,59,59,59,59,59,61,61,61,61,13,13,25,25,25,0],"gold":80,"neow_bonus":"THREE_ENEMY_KILL","is_prod":false,"is_daily":false,"chose_seed":false,"campfire_upgraded":4,"win_rate":0,"timestamp":1538942500,"path_taken":["M","?","?","?","?","R","E","?","T","R","E","R","M","M","R","BOSS"],"build_version":"2018-10-04v2","purchased_purges":0,"victory":false,"max_hp_per_floor":[66,66,66,66,66,66,68,68,68,68,70,70,70,70,70,70],"card_choices":[{"not_picked":["Deflect","Quick Slash"],"picked":"Blade Dance","floor":1.0},{"not_picked":["PiercingWail","Grand Finale"],"picked":"Heel Hook","floor":5.0},{"not_picked":["PiercingWail","Catalyst","Burst"],"picked":"Singing Bowl","floor":7.0},{"not_picked":["Perfected Strike","True Grit","Coolheaded"],"picked":"Singing Bowl","floor":11.0},{"not_picked":["Leg Sweep","Corruption"],"picked":"Backflip","floor":13.0},{"not_picked":["Dodge and Roll","Trip"],"picked":"Noxious Fumes","floor":14.0}],"player_experience":816808,"relics_obtained":[{"floor":7.0,"key":"Singing Bowl"},{"floor":9.0,"key":"Matryoshka"},{"floor":11.0,"key":"Meat on the Bone"}],"event_choices":[{"event_name":"Golden Idol","player_choice":"Take Wound","floor":2.0,"damage_taken":0.0},{"event_name":"Transmorgrifier","player_choice":"Transform","floor":3.0,"damage_taken":0.0},{"event_name":"FaceTrader","player_choice":"Trade","floor":4.0,"damage_taken":0.0}],"is_beta":false,"boss_relics":[],"items_purged_floors":[],"is_endless":false,"potions_floor_spawned":[5],"killed_by":"The Guardian","ascension_level":19}