{"gold_per_floor":[20,20,30,40,40,51,51,110,110,126,126,126,126],"floor_reached":13,"playtime":374,"items_purged":[],"score":170,"play_id":"473bb369-c3de-47e8-a38c-ef0131406ee5","local_time":"20190314035330","is_ascension_mode":true,"campfire_choices":[{"data":"Loop","floor":7.0,"key":"SMITH"},{"floor":11.0,"key":"REST"}],"neow_cost":"NO_GOLD","seed_source_timestamp":60894227727216,"circlet_count":0,"master_deck":["AscendersBane","Strike_B","Strike_B","Strike_B","Strike_B","Defend_B","Defend_B","Defend_B","Defend_B+1","Zap","Dualcast","Rainbow+1","Turbo","BootSequence","Loop+1","FTL","Auto Shields"],"special_seed":0,"relics":["Cracked Core","Tiny Chest","Potion Belt","Molten Egg 2"],"potions_floor_usage":[],"damage_taken":[{"damage":7.0,"enemies":"2 Louse","floor":1.0,"turns":3.0},{"damage":2.0,"enemies":"Small Slimes","floor":3.0,"turns":3.0},{"damage":17.0,"enemies":"Jaw Worm","floor":4.0,"turns":4.0},{"damage":3.0,"enemies":"3 Louse","floor":6.0,"turns":4.0},{"damage":31.0,"enemies":"Gremlin Nob","floor":8.0,"turns":4.0},{"damage":3.0,"enemies":"Exordium Thugs","floor":10.0,"turns":4.0},{"damage":30,"enemies":"3 Sentries","floor":13,"turns":6}],"seed_played":"2633886330135537565","potions_obtained":[{"floor":4.0,"key":"EntropicBrew"}],"is_trial":false,"path_per_floor":["M","?","M","M","?","M","R","E","T","M","R","T","E"],"character_chosen":"DEFECT","items_purchased":[],"campfire_rested":1,"item_purchase_floors":[],"current_hp_per_floor":[57,36,34,17,40,37,37,6,6,3,24,24,0],"gold":126,"neow_bonus":"THREE_RARE_CARDS","is_prod":false,"is_daily":false,"chose_seed":false,"campfire_upgraded":1,"win_rate":0,"timestamp":1552532010,"path_taken":["M","?","M","M","?","M","R","E","T","M","R","?","E"],"build_version":"2019-01-23","purchased_purges":0,"victory":false,"max_hp_per_floor":[71,71,71,71,71,71,71,71,71,71,71,71,71],"card_choices":[{"not_picked":["All For One","Machine Learning"],"picked":"Rainbow","floor":0.0},{"not_picked":["Aggregate","Rebound"],"picked":"Turbo","floor":1.0},{"not_picked":["Gash","Static Discharge","Fusion"],"picked":"SKIP","floor":3.0},{"not_picked":["Redo","Conserve Battery"],"picked":"BootSequence","floor":4.0},{"not_picked":["Conserve Battery","Redo"],"picked":"Loop","floor":6.0},{"not_picked":["Conserve Battery","Barrage"],"picked":"FTL","floor":8.0},{"not_picked":["Storm","Rebound"],"picked":"Auto Shields","floor":10.0}],"player_experience":1190322,"relics_obtained":[{"floor":8.0,"key":"Tiny Chest"},{"floor":9.0,"key":"Potion Belt"},{"floor":12.0,"key":"Molten Egg 2"}],"event_choices":[{"damage_healed":0.0,"max_hp_gain":0.0,"max_hp_loss":0.0,"gold_gain":0.0,"event_name":"Shining Light","player_choice":"Entered Light","floor":2.0,"gold_loss":0.0,"damage_taken":21.0,"cards_upgraded":["Rainbow","Defend_B"]},{"damage_healed":23.0,"max_hp_gain":0.0,"max_hp_loss":0.0,"gold_gain":0.0,"event_name":"Big Fish","player_choice":"Banana","floor":5.0,"gold_loss":0.0,"damage_taken":0.0}],"is_beta":false,"boss_relics":[],"items_purged_floors":[],"is_endless":false,"potions_floor_spawned":[4],"killed_by":"3 Sentries","ascension_level":20}