{"gold_per_floor":[215,165,165,175,185,185,210,210,255,283,303,79,79,91,91,196,196,207,72,122,122,122,151,168,181,181,181,208,241,274,112,112,208,208,228,240,260,120,130,130,159,109,109,109,141,160,160,190,190,190],"floor_reached":51,"playtime":6125,"items_purged":["Strike_G","Strike_G","Strike_G+1","Defend_G+1","Defend_G+1"],"score":961,"play_id":"c08cfb19-f648-47ee-9464-5c9290fb9796","local_time":"20190301002901","is_ascension_mode":true,"campfire_choices":[{"data":"Noxious Fumes","floor":6,"key":"SMITH"},{"data":"Calculated Gamble","floor":8,"key":"SMITH"},{"floor":13,"key":"REST"},{"data":"Footwork","floor":15,"key":"SMITH"},{"data":"Tools of the Trade","floor":27,"key":"SMITH"},{"data":"Blur","floor":32,"key":"SMITH"},{"data":"Footwork","floor":40,"key":"SMITH"},{"data":"Backflip","floor":44,"key":"SMITH"},{"data":"Blur","floor":49,"key":"SMITH"}],"neow_cost":"NONE","seed_source_timestamp":686568447607226,"circlet_count":0,"master_deck":["Defend_G+1","Defend_G+1","Defend_G+1","Strike_G+1","Survivor","Neutralize","Quick Slash","Noxious Fumes+1","Skewer","Calculated Gamble+1","Backflip","Footwork+1","Noxious Fumes","Blur+1","Reflex","Envenom+1","Backflip+1","Noxious Fumes","Tools of the Trade+1","Reflex+1","Prepared","Blur+1","Well Laid Plans+1","Acrobatics+1","Blur","Caltrops","Corpse Explosion","Bane","Footwork+1","Finesse","Sadistic Nature"],"relics":["Ring of the Snake","Bronze Scales","Potion Belt","Mercury Hourglass","Coffee Dripper","Centennial Puzzle","Art of War","Ninja Scroll","Smiling Mask","Red Mask","Regal Pillow","Sozu","PreservedInsect","Unceasing Top","The Courier","Lantern"],"potions_floor_usage":[18,18,29,30,50,50,50],"damage_taken":[{"damage":2,"enemies":"Jaw Worm","floor":1,"turns":5},{"damage":2,"enemies":"Small Slimes","floor":4,"turns":4},{"damage":0,"enemies":"Cultist","floor":5,"turns":4},{"damage":31,"enemies":"Lagavulin","floor":7,"turns":9},{"damage":22,"enemies":"Gremlin Nob","floor":10,"turns":4},{"damage":4,"enemies":"Lots of Slimes","floor":11,"turns":3},{"damage":1,"enemies":"3 Louse","floor":14,"turns":2},{"damage":18,"enemies":"The Guardian","floor":16,"turns":9},{"damage":1,"enemies":"3 Byrds","floor":18,"turns":3},{"damage":0,"enemies":"Book of Stabbing","floor":23,"turns":6},{"damage":0,"enemies":"Shell Parasite","floor":24,"turns":7},{"damage":0,"enemies":"Snake Plant","floor":25,"turns":5},{"damage":7,"enemies":"Slavers","floor":28,"turns":5},{"damage":4,"enemies":"Masked Bandits","floor":29,"turns":4},{"damage":18,"enemies":"Gremlin Leader","floor":30,"turns":9},{"damage":8,"enemies":"Automaton","floor":33,"turns":10},{"damage":0,"enemies":"Orb Walker","floor":35,"turns":4},{"damage":0,"enemies":"3 Shapes","floor":36,"turns":4},{"damage":14,"enemies":"Transient","floor":37,"turns":5},{"damage":1,"enemies":"3 Darklings","floor":39,"turns":3},{"damage":9,"enemies":"Nemesis","floor":41,"turns":9},{"damage":0,"enemies":"Giant Head","floor":45,"turns":8},{"damage":1,"enemies":"Writhing Mass","floor":46,"turns":7},{"damage":14,"enemies":"Nemesis","floor":48,"turns":7},{"damage":12,"enemies":"Awakened One","floor":50,"turns":13}],"seed_played":"-4545218773046136383","potions_obtained":[{"floor":10,"key":"SteroidPotion"},{"floor":11,"key":"SpeedPotion"},{"floor":14,"key":"Block Potion"},{"floor":16,"key":"Dexterity Potion"},{"floor":24,"key":"Weak Potion"},{"floor":25,"key":"FairyPotion"},{"floor":28,"key":"Energy Potion"},{"floor":30,"key":"SteroidPotion"},{"floor":33,"key":"Energy Potion"}],"is_trial":false,"path_per_floor":["M","?","?","M","M","R","E","R","T","E","M","$","R","M","R","B",null,"M","$","T","?","?","E","M","M","T","R","E","?","E","$","R","B",null,"M","M","M","$","M","R","E","$","T","R","E","M","?","E","R","B",null],"character_chosen":"THE_SILENT","items_purchased":["Noxious Fumes","Blur","Noxious Fumes","Blur","Caltrops","Finesse"],"campfire_rested":1,"item_purchase_floors":[12,12,19,31,31,38],"current_hp_per_floor":[68,68,68,66,66,66,35,35,35,13,9,9,30,29,29,11,70,69,69,69,69,69,69,69,69,69,69,62,58,40,40,40,32,70,70,70,56,56,55,55,46,46,46,46,46,45,45,31,31,19],"gold":190,"neow_bonus":"HUNDRED_GOLD","is_prod":false,"is_daily":false,"chose_seed":false,"campfire_upgraded":8,"win_rate":0,"timestamp":1551396541,"path_taken":["M","?","?","?","M","R","E","R","T","E","M","$","R","M","R","BOSS","M","$","?","?","?","E","M","?","T","R","E","?","E","?","R","BOSS","M","M","M","$","M","R","E","$","T","R","E","?","?","E","R","BOSS"],"build_version":"2019-01-23","purchased_purges":5,"victory":true,"max_hp_per_floor":[70,70,70,70,70,70,70,70,70,70,70,70,70,70,70,70,70,70,70,70,70,70,70,70,70,70,70,70,70,70,70,70,70,70,70,70,70,70,70,70,70,70,70,70,70,70,70,70,70,70],"card_choices":[{"not_picked":["Outmaneuver","Flying Knee"],"picked":"Quick Slash","floor":1},{"not_picked":["Expertise","Blade Dance"],"picked":"Noxious Fumes","floor":4},{"not_picked":["Setup","Acrobatics"],"picked":"Skewer","floor":5},{"not_picked":["Blade Dance","Accuracy"],"picked":"Calculated Gamble","floor":7},{"not_picked":["Blade Dance","Acrobatics"],"picked":"Backflip","floor":10},{"not_picked":["Cloak And Dagger","Sucker Punch"],"picked":"Footwork","floor":11},{"not_picked":["Acrobatics","Flying Knee"],"picked":"Reflex","floor":14},{"not_picked":["Die Die Die","Venomology"],"picked":"Envenom","floor":16},{"not_picked":["Dagger Spray","Dagger Throw"],"picked":"Backflip","floor":18},{"not_picked":["Poisoned Stab","Endless Agony"],"picked":"Tools of the Trade","floor":23},{"not_picked":["Poisoned Stab","Quick Slash"],"picked":"Reflex+1","floor":24},{"not_picked":["Deflect+1","Sucker Punch"],"picked":"Prepared","floor":25},{"not_picked":["Masterful Stab","Deflect"],"picked":"Blur","floor":28},{"not_picked":["Sucker Punch+1","Distraction+1"],"picked":"Well Laid Plans+1","floor":29},{"not_picked":["Quick Slash+1","Blade Dance+1"],"picked":"Acrobatics+1","floor":30},{"not_picked":["Die Die Die","Storm of Steel"],"picked":"Corpse Explosion","floor":33},{"not_picked":["Flying Knee+1","Outmaneuver"],"picked":"Bane","floor":35},{"not_picked":["Reflex","Accuracy+1","Poisoned Stab"],"picked":"SKIP","floor":36},{"not_picked":["PiercingWail","Dagger Spray+1"],"picked":"Footwork","floor":37},{"not_picked":["Acrobatics","Poisoned Stab+1","Deflect+1"],"picked":"SKIP","floor":39},{"not_picked":["Flechettes","Quick Slash+1","Dash"],"picked":"SKIP","floor":41},{"not_picked":["Die Die Die","Leg Sweep","Heel Hook+1"],"picked":"SKIP","floor":45},{"not_picked":["Outmaneuver+1","Deadly Poison","Blade Dance+1"],"picked":"SKIP","floor":46},{"not_picked":["Secret Technique","Transmutation"],"picked":"Sadistic Nature","floor":47},{"not_picked":["Underhanded Strike+1","Caltrops+1","Dagger Throw+1"],"picked":"SKIP","floor":48}],"player_experience":394052,"relics_obtained":[{"floor":7,"key":"Bronze Scales"},{"floor":9,"key":"Potion Belt"},{"floor":10,"key":"Mercury Hourglass"},{"floor":20,"key":"Centennial Puzzle"},{"floor":23,"key":"Art of War"},{"floor":26,"key":"Ninja Scroll"},{"floor":28,"key":"Smiling Mask"},{"floor":29,"key":"Red Mask"},{"floor":30,"key":"Regal Pillow"},{"floor":41,"key":"PreservedInsect"},{"floor":43,"key":"Unceasing Top"},{"floor":45,"key":"The Courier"},{"floor":48,"key":"Lantern"}],"event_choices":[{"cards_removed":["Strike_G"],"damage_healed":0,"gold_gain":0,"player_choice":"Card Removal","damage_taken":0,"max_hp_gain":0,"max_hp_loss":0,"event_name":"The Cleric","floor":2,"gold_loss":50},{"damage_healed":0,"gold_gain":0,"player_choice":"Bought 0 Potions","damage_taken":0,"max_hp_gain":0,"max_hp_loss":0,"event_name":"The Woman in Blue","floor":3,"gold_loss":0},{"damage_healed":0,"gold_gain":0,"player_choice":"Simplicity","damage_taken":0,"max_hp_gain":0,"max_hp_loss":0,"event_name":"Back to Basics","floor":21,"gold_loss":0,"cards_upgraded":["Defend_G","Defend_G","Defend_G","Defend_G","Defend_G","Strike_G","Strike_G"]},{"damage_healed":0,"gold_gain":0,"player_choice":"Upgraded","damage_taken":0,"max_hp_gain":0,"max_hp_loss":0,"event_name":"Upgrade Shrine","floor":22,"gold_loss":0,"cards_upgraded":["Envenom"]},{"damage_healed":0,"gold_gain":0,"player_choice":"Fought Bandits","damage_taken":0,"max_hp_gain":0,"max_hp_loss":0,"event_name":"Masked Bandits","floor":29,"gold_loss":0},{"damage_healed":0,"gold_gain":0,"player_choice":"Memory 1","damage_taken":0,"max_hp_gain":0,"max_hp_loss":0,"event_name":"SensoryStone","floor":47,"gold_loss":0}],"is_beta":false,"boss_relics":[{"not_picked":["Eternal Feather","Orrery"],"picked":"Coffee Dripper"},{"not_picked":["Lizard Tail","Tiny House"],"picked":"Sozu"}],"items_purged_floors":[12,19,31,38,42],"is_endless":false,"potions_floor_spawned":[10,11,14,16,24,25,28,30,33,35,39,48],"ascension_level":4}