{"gold_per_floor":[114,44,54,54,73,105,125,155,182,213,213,240,87,106,106,201,201,212,241,241,251,278,278,304,321,321,331,364,382,417,53,53,149,149,159,159,174,193,193,222,222,240,288,288,288,301,349,349,349,349],"floor_reached":51,"playtime":26912,"items_purged":["Strike_R"],"score":1086,"play_id":"42297cfb-8a1b-42bc-a24f-398e52942356","local_time":"20190212010856","is_ascension_mode":true,"campfire_choices":[{"data":"Flame Barrier","floor":15.0,"key":"SMITH"},{"data":"Juggernaut","floor":23.0,"key":"SMITH"},{"data":"Intimidate","floor":32.0,"key":"SMITH"},{"data":"Demon Form","floor":41.0,"key":"SMITH"},{"data":"Offering","floor":45,"key":"SMITH"},{"data":"Dual Wield","floor":49,"key":"SMITH"}],"neow_cost":"NONE","seed_source_timestamp":1286949766316254,"circlet_count":0,"master_deck":["Strike_R","Strike_R","Strike_R+1","Strike_R+1","Defend_R","Defend_R","Defend_R","Defend_R","Bash+1","Metallicize+1","Rage","Intimidate+1","Cleave","Offering+1","Flame Barrier+1","Inflame","Juggernaut+1","Entrench+1","Evolve","Seeing Red+1","Dual Wield+1","Iron Wave","Demon Form+1","Feel No Pain+1","True Grit+1","Body Slam+1","Demon Form+1"],"special_seed":0,"relics":["Burning Blood","Meat on the Bone","Bottled Tornado","Matryoshka","Red Skull","Blood Vial","Bronze Scales","Anchor","Orichalcum","White Beast Statue","Red Mask","Singing Bowl","Lantern","Darkstone Periapt","Ornamental Fan","Girya","Ancient Tea Set","Ice Cream","Coffee Dripper","Pear","Bag of Preparation","Whetstone"],"potions_floor_usage":[42,50],"damage_taken":[{"damage":11.0,"enemies":"Cultist","floor":1.0,"turns":4.0},{"damage":2.0,"enemies":"2 Louse","floor":3.0,"turns":4.0},{"damage":8.0,"enemies":"Small Slimes","floor":5.0,"turns":4.0},{"damage":26.0,"enemies":"3 Sentries","floor":6.0,"turns":9.0},{"damage":9.0,"enemies":"Blue Slaver","floor":7.0,"turns":3.0},{"damage":20.0,"enemies":"Gremlin Nob","floor":8.0,"turns":4.0},{"damage":31.0,"enemies":"Lagavulin","floor":10.0,"turns":7.0},{"damage":16.0,"enemies":"3 Sentries","floor":12.0,"turns":5.0},{"damage":0.0,"enemies":"Red Slaver","floor":14.0,"turns":4.0},{"damage":12.0,"enemies":"Hexaghost","floor":16.0,"turns":9.0},{"damage":7.0,"enemies":"Chosen","floor":18.0,"turns":5.0},{"damage":16.0,"enemies":"Masked Bandits","floor":19.0,"turns":5.0},{"damage":9.0,"enemies":"Spheric Guardian","floor":21.0,"turns":4.0},{"damage":16.0,"enemies":"Slavers","floor":24.0,"turns":4.0},{"damage":14.0,"enemies":"Snake Plant","floor":25.0,"turns":5.0},{"damage":22.0,"enemies":"Shelled Parasite and Fungi","floor":27.0,"turns":5.0},{"damage":27.0,"enemies":"Gremlin Leader","floor":28.0,"turns":6.0},{"damage":15.0,"enemies":"Sentry and Sphere","floor":29.0,"turns":6.0},{"damage":6.0,"enemies":"Slavers","floor":30.0,"turns":4.0},{"damage":49.0,"enemies":"Collector","floor":33.0,"turns":12.0},{"damage":18.0,"enemies":"Orb Walker","floor":35.0,"turns":6.0},{"damage":26.0,"enemies":"3 Shapes","floor":37.0,"turns":5.0},{"damage":36.0,"enemies":"Transient","floor":38.0,"turns":5.0},{"damage":30.0,"enemies":"Nemesis","floor":40.0,"turns":9.0},{"damage":22,"enemies":"Writhing Mass","floor":42,"turns":6},{"damage":19,"enemies":"Sphere and 2 Shapes","floor":46,"turns":5},{"damage":61,"enemies":"Awakened One","floor":50,"turns":6}],"seed_played":"-1978111841059505872","potions_obtained":[{"floor":1.0,"key":"GamblersBrew"},{"floor":7.0,"key":"Weak Potion"},{"floor":8.0,"key":"AttackPotion"},{"floor":18.0,"key":"AttackPotion"},{"floor":19.0,"key":"SneckoOil"},{"floor":21.0,"key":"Fire Potion"},{"floor":24.0,"key":"Ancient Potion"},{"floor":25.0,"key":"Explosive Potion"},{"floor":27.0,"key":"Explosive Potion"},{"floor":28.0,"key":"Explosive Potion"},{"floor":29.0,"key":"Block Potion"},{"floor":30.0,"key":"Dexterity Potion"},{"floor":33.0,"key":"SteroidPotion"},{"floor":35.0,"key":"SneckoOil"},{"floor":36.0,"key":"FairyPotion"},{"floor":36.0,"key":"EntropicBrew"},{"floor":37.0,"key":"BloodPotion"},{"floor":40.0,"key":"Strength Potion"},{"floor":42,"key":"SkillPotion"},{"floor":46,"key":"EssenceOfSteel"}],"is_trial":false,"path_per_floor":["M","$","M","T","M","E","M","E","T","E","?","E","$","M","R","B",null,"M","?","?","M","T","R","E","M","T","M","E","M","E","$","R","B",null,"M","?","M","M","?","E","R","M","T","?","R","M","T","?","R","B",null],"character_chosen":"IRONCLAD","items_purchased":["Rage","Orichalcum","Ice Cream"],"campfire_rested":0,"item_purchase_floors":[2,13,31],"current_hp_per_floor":[67,67,71,71,69,49,58,56,56,45,45,49,49,57,57,53,73,74,66,66,65,65,65,59,53,53,51,46,53,57,57,57,28,73,65,65,59,43,43,53,53,53,53,99,99,86,86,86,86,45],"gold":349,"neow_bonus":"UPGRADE_CARD","is_prod":false,"is_daily":false,"chose_seed":false,"campfire_upgraded":6,"win_rate":0,"timestamp":1549951736,"path_taken":["M","?","?","?","M","E","M","E","T","E","?","E","$","M","R","BOSS","M","?","?","M","?","R","E","M","T","M","E","M","E","?","R","BOSS","M","?","?","M","?","E","R","M","T","?","R","?","?","?","R","BOSS"],"build_version":"2019-01-23","purchased_purges":1,"victory":true,"max_hp_per_floor":[80,80,80,80,80,80,80,80,80,80,80,80,80,80,80,80,80,80,80,80,80,80,80,82,82,82,82,84,86,88,88,88,88,88,90,90,90,90,85,97,97,99,99,99,99,99,99,99,99,99],"card_choices":[{"not_picked":["Sever Soul","Havoc"],"picked":"Metallicize","floor":1.0},{"not_picked":["Wild Strike","Power Through"],"picked":"Intimidate","floor":3.0},{"not_picked":["Heavy Blade","Havoc"],"picked":"Cleave","floor":5.0},{"not_picked":["Second Wind","Bludgeon"],"picked":"Offering","floor":6.0},{"not_picked":["Armaments","Body Slam","Searing Blow"],"picked":"SKIP","floor":7.0},{"not_picked":["Blood for Blood","Intimidate","Sword Boomerang"],"picked":"SKIP","floor":8.0},{"not_picked":["Wild Strike","Sever Soul"],"picked":"Flame Barrier","floor":10.0},{"not_picked":["Twin Strike","True Grit","Combust"],"picked":"SKIP","floor":12.0},{"not_picked":["Flex","Corruption"],"picked":"Inflame","floor":14.0},{"not_picked":["Double Tap","Offering"],"picked":"Juggernaut","floor":16.0},{"not_picked":["Body Slam","Wild Strike"],"picked":"Entrench+1","floor":18.0},{"not_picked":["Havoc+1","Shrug It Off"],"picked":"Evolve","floor":19.0},{"not_picked":["Cleave+1","Pommel Strike+1"],"picked":"Seeing Red+1","floor":21.0},{"not_picked":["Shrug It Off","Exhume","True Grit"],"picked":"Singing Bowl","floor":24.0},{"not_picked":["Clothesline","Whirlwind"],"picked":"Dual Wield","floor":25.0},{"not_picked":["Pommel Strike","Cleave"],"picked":"Iron Wave","floor":27.0},{"not_picked":["Intimidate","Ghostly Armor","Burning Pact+1"],"picked":"Singing Bowl","floor":28.0},{"not_picked":["Battle Trance","Intimidate+1","Burning Pact"],"picked":"Singing Bowl","floor":29.0},{"not_picked":["Flame Barrier","Shrug It Off","Cleave"],"picked":"Singing Bowl","floor":30.0},{"not_picked":["Impervious","Juggernaut"],"picked":"Demon Form","floor":33.0},{"not_picked":["Evolve+1","Clothesline","Warcry"],"picked":"Singing Bowl","floor":35.0},{"not_picked":["Rage+1","Bloodletting"],"picked":"Feel No Pain+1","floor":37.0},{"not_picked":["Clothesline","Armaments+1"],"picked":"True Grit+1","floor":38.0},{"not_picked":["True Grit","Infernal Blade","Second Wind"],"picked":"Singing Bowl","floor":40.0},{"not_picked":["Anger","Wild Strike","Cleave+1"],"picked":"Singing Bowl","floor":42},{"not_picked":["Sever Soul+1","True Grit+1"],"picked":"Body Slam+1","floor":46}],"player_experience":403606,"relics_obtained":[{"floor":4.0,"key":"Meat on the Bone"},{"floor":6.0,"key":"Bottled Tornado"},{"floor":8.0,"key":"Matryoshka"},{"floor":9.0,"key":"Red Skull"},{"floor":9.0,"key":"Blood Vial"},{"floor":10.0,"key":"Bronze Scales"},{"floor":12.0,"key":"Anchor"},{"floor":19.0,"key":"Red Mask"},{"floor":22.0,"key":"Singing Bowl"},{"floor":22.0,"key":"Lantern"},{"floor":24.0,"key":"Darkstone Periapt"},{"floor":26.0,"key":"Ornamental Fan"},{"floor":28.0,"key":"Girya"},{"floor":30.0,"key":"Ancient Tea Set"},{"floor":40.0,"key":"Pear"},{"floor":43,"key":"Bag of Preparation"},{"floor":47,"key":"Whetstone"}],"event_choices":[{"damage_healed":0.0,"max_hp_gain":0.0,"max_hp_loss":0.0,"gold_gain":0.0,"event_name":"Living Wall","player_choice":"Grow","floor":11.0,"gold_loss":0.0,"damage_taken":0.0,"cards_upgraded":["Metallicize"]},{"damage_healed":0.0,"max_hp_gain":0.0,"max_hp_loss":0.0,"gold_gain":0.0,"event_name":"Masked Bandits","player_choice":"Fought Bandits","floor":19.0,"gold_loss":0.0,"damage_taken":0.0},{"damage_healed":0.0,"max_hp_gain":0.0,"max_hp_loss":0.0,"gold_gain":0.0,"event_name":"Cursed Tome","player_choice":"Ignored","floor":20.0,"gold_loss":0.0,"damage_taken":0.0},{"damage_healed":0.0,"max_hp_gain":0.0,"max_hp_loss":0.0,"gold_gain":0.0,"event_name":"Lab","player_choice":"Got Potions","floor":36.0,"gold_loss":0.0,"damage_taken":0.0},{"damage_healed":0.0,"max_hp_gain":0.0,"max_hp_loss":5.0,"gold_gain":0.0,"event_name":"Winding Halls","player_choice":"Max HP","floor":39.0,"gold_loss":0.0,"damage_taken":0.0},{"damage_healed":46,"gold_gain":0,"player_choice":"Full Heal","damage_taken":0,"max_hp_gain":0,"max_hp_loss":0,"event_name":"Wheel of Change","floor":44,"gold_loss":0},{"damage_healed":0,"gold_gain":0,"player_choice":"Copied","damage_taken":0,"max_hp_gain":0,"max_hp_loss":0,"event_name":"Duplicator","floor":48,"gold_loss":0,"cards_obtained":["Demon Form"]}],"is_beta":false,"boss_relics":[{"not_picked":["Busted Crown","Fusion Hammer"],"picked":"White Beast Statue"},{"not_picked":["Philosopher\u0027s Stone","Empty Cage"],"picked":"Coffee Dripper"}],"items_purged_floors":[31],"is_endless":false,"potions_floor_spawned":[1,7,8,18,19,21,24,25,27,28,29,30,33,35,37,38,40,42,46],"ascension_level":8}