{"gold_per_floor":[117,117,140,155,171,204,379,395,395,419,450,450,34,52,52,173,173,187,206,206,229,229,229,229,229,229,57,75,100,100,116,116,219,219,239,255,255,270,270,270,302,108,108,108,135,135,153,153,153,153],"floor_reached":51,"playtime":4979,"items_purged":["Doubt","Parasite"],"score":1041,"play_id":"30a13912-6a88-42e9-931a-62fcee339e4b","local_time":"20190313162058","is_ascension_mode":true,"campfire_choices":[{"data":"A Thousand Cuts","floor":12,"key":"SMITH"},{"data":"Footwork","floor":15,"key":"SMITH"},{"data":"After Image","floor":23,"key":"SMITH"},{"data":"Accuracy","floor":25,"key":"SMITH"},{"data":"Adrenaline","floor":30,"key":"SMITH"},{"data":"Concentrate","floor":32,"key":"SMITH"},{"data":"After Image","floor":40,"key":"SMITH"},{"data":"Choke","floor":44,"key":"SMITH"},{"data":"Expertise","floor":49,"key":"SMITH"}],"neow_cost":"NONE","seed_source_timestamp":304867723304662,"circlet_count":0,"master_deck":["Defend_G","Defend_G","Defend_G","Defend_G","Survivor","Neutralize","Blade Dance","Tactician","Cloak And Dagger","Choke+1","Footwork+1","Accuracy+1","A Thousand Cuts+1","Underhanded Strike","Dagger Throw","Terror","After Image+1","Acrobatics","Outmaneuver+1","Bite","Bite","Bite","Bite","Bite","Acrobatics+1","J.A.X.","Footwork","Deep Breath+1","Reflex+1","Adrenaline+1","Concentrate+1","After Image+1","Backflip+1","Chrysalis","Secret Weapon","Discovery","Quick Slash","Backflip","Infinite Blades+1","Expertise+1"],"relics":["Ring of the Snake","Bloody Idol","Mummified Hand","Pantograph","Bird Faced Urn","Ice Cream","WristBlade","Ninja Scroll","Ornamental Fan","HoveringKite","Pear","Shuriken","Sundial"],"potions_floor_usage":[5,11,11,18,45,50,50],"damage_taken":[{"damage":0,"enemies":"Small Slimes","floor":1,"turns":4},{"damage":1,"enemies":"Jaw Worm","floor":3,"turns":6},{"damage":2,"enemies":"2 Louse","floor":4,"turns":4},{"damage":0,"enemies":"Looter","floor":5,"turns":4},{"damage":35,"enemies":"Gremlin Nob","floor":6,"turns":5},{"damage":1,"enemies":"Exordium Wildlife","floor":8,"turns":4},{"damage":6,"enemies":"Red Slaver","floor":10,"turns":2},{"damage":10,"enemies":"Lagavulin","floor":11,"turns":9},{"damage":0,"enemies":"Looter","floor":14,"turns":3},{"damage":0,"enemies":"Slime Boss","floor":16,"turns":7},{"damage":19,"enemies":"3 Byrds","floor":18,"turns":4},{"damage":18,"enemies":"2 Thieves","floor":19,"turns":3},{"damage":10,"enemies":"Centurion and Healer","floor":21,"turns":5},{"damage":17,"enemies":"Sentry and Sphere","floor":28,"turns":4},{"damage":3,"enemies":"Gremlin Leader","floor":29,"turns":4},{"damage":0,"enemies":"3 Cultists","floor":31,"turns":3},{"damage":47,"enemies":"Collector","floor":33,"turns":8},{"damage":6,"enemies":"3 Darklings","floor":35,"turns":5},{"damage":0,"enemies":"Orb Walker","floor":36,"turns":3},{"damage":3,"enemies":"Writhing Mass","floor":38,"turns":5},{"damage":13,"enemies":"Nemesis","floor":41,"turns":5},{"damage":5,"enemies":"Reptomancer","floor":45,"turns":6},{"damage":0,"enemies":"3 Darklings","floor":47,"turns":6},{"damage":28,"enemies":"Donu and Deca","floor":50,"turns":7}],"seed_played":"-5289039394778559551","potions_obtained":[{"floor":1,"key":"Energy Potion"},{"floor":8,"key":"AttackPotion"},{"floor":10,"key":"AttackPotion"},{"floor":11,"key":"PowerPotion"},{"floor":14,"key":"SteroidPotion"},{"floor":19,"key":"Dexterity Potion"},{"floor":21,"key":"GamblersBrew"},{"floor":29,"key":"Fire Potion"},{"floor":45,"key":"Strength Potion"}],"is_trial":false,"path_per_floor":["M","?","M","M","M","E","?","M","T","M","E","R","$","M","R","B",null,"M","M","?","M","?","R","?","R","T","$","M","E","R","M","R","B",null,"M","M","?","M","?","R","E","$","T","R","E","?","M","?","R","B",null],"character_chosen":"THE_SILENT","items_purchased":["Ice Cream","Dagger Throw","Footwork","Deep Breath","Backflip","Infinite Blades"],"campfire_rested":0,"item_purchase_floors":[13,13,27,27,42,42],"current_hp_per_floor":[70,70,69,67,67,32,32,31,31,25,15,15,15,21,21,52,66,52,40,40,43,43,43,43,43,43,43,41,49,49,49,49,24,43,49,49,49,49,39,39,55,55,55,55,56,56,56,56,56,52],"gold":153,"neow_bonus":"TEN_PERCENT_HP_BONUS","is_prod":false,"is_daily":false,"chose_seed":false,"campfire_upgraded":9,"win_rate":0,"timestamp":1552490458,"path_taken":["M","?","M","M","M","E","?","M","T","M","E","R","$","M","R","BOSS","M","M","?","M","?","R","?","R","T","?","?","E","R","M","R","BOSS","M","M","?","?","?","R","E","$","T","R","E","?","?","?","R","BOSS"],"build_version":"2019-01-23","purchased_purges":2,"victory":true,"max_hp_per_floor":[77,71,71,71,71,71,71,71,71,71,71,71,71,71,71,71,71,71,71,49,49,49,49,49,49,49,49,49,49,49,49,49,49,49,49,49,49,49,49,49,59,56,56,56,56,56,56,56,56,56],"card_choices":[{"not_picked":["Setup","Deadly Poison"],"picked":"Blade Dance","floor":1},{"not_picked":["Dagger Spray","Choke"],"picked":"Tactician","floor":3},{"not_picked":["Dodge and Roll","Choke"],"picked":"Cloak And Dagger","floor":4},{"not_picked":["Bouncing Flask","Underhanded Strike"],"picked":"Choke","floor":5},{"not_picked":["Dodge and Roll","Dagger Throw"],"picked":"Footwork","floor":6},{"not_picked":["Dagger Spray","Tactician"],"picked":"Accuracy","floor":8},{"not_picked":["Quick Slash","Deflect"],"picked":"A Thousand Cuts","floor":10},{"not_picked":["Slice","Predator"],"picked":"Underhanded Strike","floor":11},{"not_picked":["Bane","PiercingWail"],"picked":"Terror","floor":14},{"not_picked":["Wraith Form v2","Night Terror"],"picked":"After Image","floor":16},{"not_picked":["Dagger Spray+1","Underhanded Strike"],"picked":"Acrobatics","floor":18},{"not_picked":["Quick Slash","Dagger Spray"],"picked":"Outmaneuver+1","floor":19},{"not_picked":["Bouncing Flask","Poisoned Stab"],"picked":"Acrobatics+1","floor":21},{"not_picked":["Acrobatics","Blade Dance"],"picked":"Reflex+1","floor":28},{"not_picked":["Storm of Steel","Dodge and Roll"],"picked":"Adrenaline","floor":29},{"not_picked":["Flechettes","PiercingWail+1"],"picked":"Concentrate","floor":31},{"not_picked":["Envenom","Storm of Steel"],"picked":"After Image","floor":33},{"not_picked":["Bane+1","Terror+1","PiercingWail"],"picked":"SKIP","floor":35},{"not_picked":["Masterful Stab+1","Cloak And Dagger","Deflect+1"],"picked":"SKIP","floor":36},{"not_picked":["All Out Attack","Catalyst"],"picked":"Backflip+1","floor":38},{"not_picked":["Bandage Up","Panacea"],"picked":"Chrysalis","floor":39},{"not_picked":["Forethought","PanicButton"],"picked":"Secret Weapon","floor":39},{"not_picked":["Forethought","Swift Strike"],"picked":"Discovery","floor":39},{"not_picked":["Flying Knee+1","Sucker Punch+1"],"picked":"Quick Slash","floor":41},{"not_picked":["Dash+1","Poisoned Stab+1","Terror+1"],"picked":"SKIP","floor":45},{"not_picked":["Flying Knee+1","Endless Agony+1"],"picked":"Expertise","floor":47}],"player_experience":479100,"relics_obtained":[{"floor":6,"key":"Mummified Hand"},{"floor":9,"key":"Pantograph"},{"floor":11,"key":"Bird Faced Urn"},{"floor":26,"key":"Ninja Scroll"},{"floor":29,"key":"Ornamental Fan"},{"floor":41,"key":"Pear"},{"floor":43,"key":"Shuriken"},{"floor":45,"key":"Sundial"}],"event_choices":[{"damage_healed":0,"gold_gain":0,"player_choice":"Lose Max HP","damage_taken":0,"relics_obtained":["Golden Idol"],"max_hp_gain":0,"max_hp_loss":6,"event_name":"Golden Idol","floor":2,"gold_loss":0},{"damage_healed":0,"gold_gain":175,"player_choice":"AGREE","damage_taken":0,"max_hp_gain":0,"max_hp_loss":0,"event_name":"Liars Game","floor":7,"gold_loss":0,"cards_obtained":["Doubt"]},{"damage_healed":0,"gold_gain":0,"player_choice":"Became a vampire","damage_taken":0,"max_hp_gain":0,"max_hp_loss":22,"event_name":"Vampires","floor":20,"gold_loss":0,"cards_obtained":["Bite","Bite","Bite","Bite","Bite"]},{"damage_healed":0,"gold_gain":0,"player_choice":"Gave Idol","damage_taken":0,"relics_obtained":["Bloody Idol"],"max_hp_gain":0,"max_hp_loss":0,"event_name":"Forgotten Altar","floor":22,"relics_lost":["Golden Idol"],"gold_loss":0},{"damage_healed":0,"gold_gain":0,"player_choice":"Obtain J.A.X.","damage_taken":0,"max_hp_gain":0,"max_hp_loss":0,"event_name":"Drug Dealer","floor":24,"gold_loss":0,"cards_obtained":["J.A.X."]},{"cards_removed":["Defend_G"],"damage_healed":0,"gold_gain":0,"player_choice":"Purged","damage_taken":0,"max_hp_gain":0,"max_hp_loss":0,"event_name":"Purifier","floor":37,"gold_loss":0},{"damage_healed":0,"gold_gain":0,"player_choice":"Memory 3","damage_taken":10,"max_hp_gain":0,"max_hp_loss":0,"event_name":"SensoryStone","floor":39,"gold_loss":0},{"damage_healed":0,"gold_gain":0,"player_choice":"Upgraded","damage_taken":0,"max_hp_gain":0,"max_hp_loss":0,"event_name":"Upgrade Shrine","floor":46,"gold_loss":0,"cards_upgraded":["Deep Breath"]},{"damage_healed":0,"gold_gain":0,"player_choice":"Forge","damage_taken":0,"max_hp_gain":0,"max_hp_loss":0,"event_name":"Accursed Blacksmith","floor":48,"gold_loss":0,"cards_upgraded":["Infinite Blades"]}],"is_beta":false,"boss_relics":[{"not_picked":["Snecko Eye","Sozu"],"picked":"WristBlade"},{"not_picked":["Orrery","Eternal Feather"],"picked":"HoveringKite"}],"items_purged_floors":[13,42],"is_endless":false,"potions_floor_spawned":[1,8,10,11,14,19,21,29,35,45,47],"ascension_level":6}