{"gold_per_floor":[110,110,34,48,48,48,68,107,107,120,85,109,127,127,127,252,252,266,266,285,285,308,308,308,347,347,367,367,392,392,411,411,536,536,551,551,551,575,45,45,45,3,3,3,3,128,128,11,11,11],"floor_reached":51,"playtime":4467,"items_purged":["Anger"],"score":759,"play_id":"3439dd34-6275-4431-aef9-35e971afcb91","local_time":"20190308224628","is_ascension_mode":true,"campfire_choices":[{"data":"Armaments","floor":6,"key":"SMITH"},{"data":"Demon Form","floor":15,"key":"SMITH"},{"data":"Feed","floor":23,"key":"SMITH"},{"data":"Flame Barrier","floor":30,"key":"SMITH"},{"floor":32,"key":"REST"},{"data":"Rage","floor":40,"key":"PURGE"},{"data":"Limit Break","floor":41,"key":"SMITH"},{"floor":44,"key":"REST"},{"data":"The Bomb","floor":45,"key":"SMITH"},{"data":"Chrysalis","floor":47,"key":"PURGE"},{"floor":49,"key":"REST"}],"neow_cost":"PERCENT_DAMAGE","seed_source_timestamp":568178504677118,"circlet_count":0,"master_deck":["Defend_R+1","Defend_R+1","Defend_R+1","Bash","Demon Form+1","Ghostly Armor+1","Rampage","Armaments+1","Pommel Strike","Warcry","Disarm","Ghostly Armor","Discovery","Feed+1","Whirlwind","Thunderclap","Ghostly Armor+1","Limit Break+1","Flame Barrier+1","Pummel+1","Berserk","Intimidate+1","Bludgeon+1","Disarm+1","The Bomb+1","Barricade","Shrug It Off","Headbutt+1","Heavy Blade","Flame Barrier","Clothesline"],"relics":["Burning Blood","Golden Idol","The Courier","War Paint","Snecko Eye","Omamori","Orichalcum","WingedGreaves","Astrolabe","Peace Pipe","Lantern","Darkstone Periapt","Ginger"],"potions_floor_usage":[8,25,25,33,33,50,50],"damage_taken":[{"damage":2,"enemies":"2 Louse","floor":1,"turns":5},{"damage":7,"enemies":"Cultist","floor":4,"turns":7},{"damage":0,"enemies":"Small Slimes","floor":7,"turns":4},{"damage":32,"enemies":"Gremlin Nob","floor":8,"turns":4},{"damage":0,"enemies":"3 Louse","floor":10,"turns":4},{"damage":1,"enemies":"Exordium Thugs","floor":12,"turns":5},{"damage":1,"enemies":"Large Slime","floor":13,"turns":6},{"damage":12,"enemies":"Slime Boss","floor":16,"turns":9},{"damage":13,"enemies":"Chosen","floor":18,"turns":10},{"damage":18,"enemies":"Shell Parasite","floor":20,"turns":4},{"damage":11,"enemies":"Sentry and Sphere","floor":22,"turns":6},{"damage":37,"enemies":"Slavers","floor":25,"turns":6},{"damage":27,"enemies":"Snake Plant","floor":27,"turns":5},{"damage":6,"enemies":"Centurion and Healer","floor":29,"turns":6},{"damage":7,"enemies":"Shelled Parasite and Fungi","floor":31,"turns":7},{"damage":53,"enemies":"Collector","floor":33,"turns":7},{"damage":14,"enemies":"Orb Walker","floor":35,"turns":4},{"damage":54,"enemies":"3 Darklings","floor":38,"turns":6},{"damage":1,"enemies":"Mind Bloom Boss Battle","floor":46,"turns":7},{"damage":97,"enemies":"Donu and Deca","floor":50,"turns":8}],"seed_played":"-4893084271900479737","potions_obtained":[{"floor":7,"key":"LiquidBronze"},{"floor":8,"key":"Poison Potion"},{"floor":10,"key":"SteroidPotion"},{"floor":16,"key":"Ancient Potion"},{"floor":20,"key":"Dexterity Potion"},{"floor":25,"key":"Fire Potion"},{"floor":27,"key":"Dexterity Potion"},{"floor":46,"key":"SteroidPotion"}],"is_trial":false,"path_per_floor":["?","$","?","?","?","?","?","?","?","?","?","?"],"character_chosen":"IRONCLAD","items_purchased":["Rampage","Barricade","Peace Pipe","Lantern","Shrug It Off","Heavy Blade","Flame Barrier","Clothesline"],"campfire_rested":3,"item_purchase_floors":[3,39,39,39,42,48,48,48],"current_hp_per_floor":[60,60,60,59,39,39,45,19,19,25,45,50,55,55,55,49,80,77,77,65,65,63,63,63,36,36,19,50,54,54,57,87,44,107,99,99,94,46,46,46,46,46,46,78,78,83,83,83,107,16],"gold":11,"neow_bonus":"TRANSFORM_TWO_CARDS","is_prod":false,"is_daily":false,"chose_seed":false,"campfire_upgraded":6,"win_rate":0,"timestamp":1552110388,"path_taken":["M","?","?","M","?","R","M","E","T","M","?","M","M","?","R","BOSS","M","?","M","?","M","R","?","E","T","M","?","M","R","M","R","BOSS","M","?","?","M","$","R","R","$","T","R","R","?","R","$","R","BOSS"],"build_version":"2019-01-23","purchased_purges":1,"victory":true,"max_hp_per_floor":[80,80,80,80,80,80,80,80,80,80,80,80,80,80,80,80,80,84,84,84,84,87,87,87,91,91,95,95,99,99,103,103,107,107,107,107,107,107,107,107,107,107,107,107,107,107,107,107,107,107],"card_choices":[{"not_picked":["Twin Strike","Sentinel"],"picked":"Ghostly Armor","floor":1},{"not_picked":["Havoc","Iron Wave"],"picked":"Armaments","floor":4},{"not_picked":["Sword Boomerang","Armaments"],"picked":"Anger","floor":7},{"not_picked":["Dropkick","Reckless Charge"],"picked":"Pommel Strike","floor":8},{"not_picked":["Brutality","Anger"],"picked":"Warcry","floor":10},{"not_picked":["Seeing Red","Power Through"],"picked":"Disarm","floor":12},{"not_picked":["Sever Soul","Twin Strike"],"picked":"Ghostly Armor","floor":13},{"not_picked":["Double Tap","Bludgeon"],"picked":"Feed","floor":16},{"not_picked":["Clash","Spot Weakness"],"picked":"Whirlwind","floor":18},{"not_picked":["Shrug It Off","Clash"],"picked":"Thunderclap","floor":20},{"not_picked":["Warcry","Rage"],"picked":"Ghostly Armor+1","floor":22},{"not_picked":["Wild Strike","Metallicize+1"],"picked":"Limit Break","floor":25},{"not_picked":["Body Slam","Anger"],"picked":"Flame Barrier","floor":27},{"not_picked":["Warcry+1","Cleave","Anger"],"picked":"SKIP","floor":29},{"not_picked":["Pommel Strike+1","Havoc"],"picked":"Pummel+1","floor":31},{"not_picked":["Offering","Fiend Fire"],"picked":"Berserk","floor":33},{"not_picked":["Flex+1","Sentinel+1","Perfected Strike"],"picked":"SKIP","floor":35},{"not_picked":["Trip","Secret Technique"],"picked":"The Bomb","floor":37},{"not_picked":["Enlightenment","Jack Of All Trades"],"picked":"Chrysalis","floor":37},{"not_picked":["Sword Boomerang+1","Clash","Dual Wield+1"],"picked":"SKIP","floor":38},{"not_picked":["Havoc","Inflame+1"],"picked":"Headbutt+1","floor":46}],"player_experience":172070,"relics_obtained":[{"floor":8,"key":"The Courier"},{"floor":9,"key":"War Paint"},{"floor":25,"key":"Orichalcum"},{"floor":26,"key":"WingedGreaves"},{"floor":43,"key":"Darkstone Periapt"},{"floor":46,"key":"Ginger"}],"event_choices":[{"cards_removed":["Strike_R"],"damage_healed":0,"gold_gain":0,"player_choice":"Purged","damage_taken":0,"max_hp_gain":0,"max_hp_loss":0,"event_name":"Purifier","floor":2,"gold_loss":0},{"damage_healed":0,"gold_gain":0,"player_choice":"Take Damage","damage_taken":20,"relics_obtained":["Golden Idol"],"max_hp_gain":0,"max_hp_loss":0,"event_name":"Golden Idol","floor":5,"gold_loss":0},{"damage_healed":20,"gold_gain":0,"player_choice":"Healed","damage_taken":0,"max_hp_gain":0,"max_hp_loss":0,"event_name":"The Cleric","floor":11,"gold_loss":35},{"damage_healed":0,"gold_gain":0,"player_choice":"1 cards matched","damage_taken":0,"max_hp_gain":0,"max_hp_loss":0,"event_name":"Match and Keep!","floor":14,"gold_loss":0,"cards_obtained":["Discovery"]},{"damage_healed":0,"gold_gain":0,"player_choice":"Opened","damage_taken":0,"relics_obtained":["Omamori"],"max_hp_gain":0,"max_hp_loss":0,"event_name":"The Mausoleum","floor":19,"gold_loss":0},{"damage_healed":0,"gold_gain":0,"player_choice":"Ignored","damage_taken":0,"max_hp_gain":0,"max_hp_loss":0,"event_name":"Vampires","floor":21,"gold_loss":0},{"damage_healed":0,"gold_gain":0,"player_choice":"Simplicity","damage_taken":0,"max_hp_gain":0,"max_hp_loss":0,"event_name":"Back to Basics","floor":24,"gold_loss":0,"cards_upgraded":["Strike_R","Strike_R","Defend_R","Defend_R","Defend_R"]},{"damage_healed":31,"gold_gain":0,"player_choice":"Heal","damage_taken":0,"max_hp_gain":0,"max_hp_loss":0,"event_name":"The Library","floor":28,"gold_loss":0},{"damage_healed":0,"gold_gain":0,"player_choice":"Ignored","damage_taken":0,"max_hp_gain":0,"max_hp_loss":0,"event_name":"Tomb of Lord Red Mask","floor":36,"gold_loss":0},{"damage_healed":0,"gold_gain":0,"player_choice":"Memory 2","damage_taken":5,"max_hp_gain":0,"max_hp_loss":0,"event_name":"SensoryStone","floor":37,"gold_loss":0},{"damage_healed":0,"gold_gain":0,"player_choice":"Fight","damage_taken":0,"max_hp_gain":0,"max_hp_loss":0,"event_name":"MindBloom","floor":46,"gold_loss":0}],"is_beta":false,"boss_relics":[{"not_picked":["Black Blood","Calling Bell"],"picked":"Snecko Eye"},{"not_picked":["Velvet Choker","Pandora\u0027s Box"],"picked":"Astrolabe"}],"items_purged_floors":[39],"is_endless":false,"potions_floor_spawned":[7,8,10,16,20,25,27,31,46],"ascension_level":3}