{"gold_per_floor":[111,123,134,154,154,154,154,154,181,33,33,49,49,49,49,154,154,164,79,79,4,37,37,57,90,114,147,246,246,256,24,24,24],"floor_reached":33,"playtime":3304,"items_purged":["Defend_G"],"score":379,"play_id":"7e2e3f09-c201-48d4-8e5a-6d543047b1c1","local_time":"20190315180505","is_ascension_mode":true,"campfire_choices":[{"data":"Well Laid Plans","floor":6,"key":"SMITH"},{"data":"Calculated Gamble","floor":8,"key":"SMITH"},{"floor":13,"key":"REST"},{"data":"A Thousand Cuts","floor":15,"key":"SMITH"},{"data":"A Thousand Cuts","floor":23,"key":"SMITH"},{"floor":29,"key":"REST"},{"floor":32,"key":"REST"}],"neow_cost":"NONE","seed_source_timestamp":385450286008208,"circlet_count":0,"master_deck":["Defend_G","Defend_G","Defend_G","Strike_G","Strike_G","Strike_G","Survivor","Neutralize","Bullet Time+1","Acrobatics","Infinite Blades","Calculated Gamble+1","Well Laid Plans+1","A Thousand Cuts+1","Crippling Poison","A Thousand Cuts+1","Dash","Expertise","A Thousand Cuts","Deadly Poison+1","Caltrops+1","Backflip+1","Leg Sweep","Catalyst","Tactician"],"relics":["Ring of the Snake","Juzu Bracelet","Orichalcum","Philosopher\u0027s Stone","Centennial Puzzle","Red Mask","The Specimen","Vajra","Potion Belt","Snake Skull"],"potions_floor_usage":[16,16,16,27],"damage_taken":[{"damage":0,"enemies":"2 Louse","floor":1,"turns":3},{"damage":7,"enemies":"Jaw Worm","floor":2,"turns":6},{"damage":6,"enemies":"Cultist","floor":3,"turns":4},{"damage":35,"enemies":"Gremlin Gang","floor":4,"turns":6},{"damage":4,"enemies":"3 Louse","floor":12,"turns":4},{"damage":21,"enemies":"Hexaghost","floor":16,"turns":10},{"damage":4,"enemies":"Chosen","floor":18,"turns":3},{"damage":6,"enemies":"Masked Bandits","floor":22,"turns":3},{"damage":2,"enemies":"Shell Parasite","floor":24,"turns":3},{"damage":18,"enemies":"Gremlin Leader","floor":25,"turns":4},{"damage":24,"enemies":"Slavers","floor":27,"turns":3},{"damage":5,"enemies":"3 Cultists","floor":30,"turns":3},{"damage":48,"enemies":"Automaton","floor":33,"turns":6}],"seed_played":"2703536754053471150","potions_obtained":[{"floor":1,"key":"Swift Potion"},{"floor":3,"key":"Dexterity Potion"},{"floor":12,"key":"Ancient Potion"},{"floor":24,"key":"Weak Potion"}],"is_trial":false,"path_per_floor":["M","M","M","M","?","R","?","R","T","$","?","M","R","$","R","B",null,"M","?","?","$","?","R","M","E","T","E","?","R","M","$","R","B"],"character_chosen":"THE_SILENT","items_purchased":["Orichalcum","Snake Skull","Tactician"],"campfire_rested":3,"item_purchase_floors":[10,31,31],"current_hp_per_floor":[63,56,50,15,15,15,15,15,15,15,15,11,32,32,32,11,55,51,51,51,51,45,45,43,25,25,1,1,22,17,17,38,0],"gold":24,"neow_bonus":"ONE_RANDOM_RARE_CARD","is_prod":false,"is_daily":false,"chose_seed":false,"campfire_upgraded":4,"win_rate":0,"timestamp":1552669505,"path_taken":["M","M","M","M","?","R","?","R","T","$","?","M","R","$","R","BOSS","M","?","?","$","?","R","M","E","T","E","?","R","M","?","R","BOSS"],"build_version":"2019-01-23","purchased_purges":1,"victory":false,"max_hp_per_floor":[70,70,70,70,70,70,70,70,70,70,70,70,70,70,70,70,70,70,70,70,70,70,70,70,70,70,70,70,70,70,70,70,70],"card_choices":[{"not_picked":["Catalyst","Bane"],"picked":"Acrobatics","floor":1},{"not_picked":["Poisoned Stab","Quick Slash"],"picked":"Infinite Blades","floor":2},{"not_picked":["Prepared","Acrobatics"],"picked":"Calculated Gamble","floor":3},{"not_picked":["Acrobatics","Blur"],"picked":"Well Laid Plans","floor":4},{"not_picked":["Endless Agony","Poisoned Stab"],"picked":"Crippling Poison","floor":12},{"not_picked":["Wraith Form v2","After Image"],"picked":"A Thousand Cuts","floor":16},{"not_picked":["Outmaneuver+1","Bouncing Flask+1"],"picked":"Dash","floor":18},{"not_picked":["Concentrate","Skewer"],"picked":"Deadly Poison+1","floor":22},{"not_picked":["Cloak And Dagger","Dagger Throw"],"picked":"Caltrops+1","floor":24},{"not_picked":["Acrobatics","Bouncing Flask+1"],"picked":"Backflip+1","floor":25},{"not_picked":["Sucker Punch","Flechettes+1"],"picked":"Leg Sweep","floor":27},{"not_picked":["Dodge and Roll","Deadly Poison"],"picked":"Catalyst","floor":30}],"player_experience":500262,"relics_obtained":[{"floor":9,"key":"Juzu Bracelet"},{"floor":22,"key":"Red Mask"},{"floor":25,"key":"The Specimen"},{"floor":26,"key":"Vajra"},{"floor":27,"key":"Potion Belt"}],"event_choices":[{"damage_healed":0,"gold_gain":0,"player_choice":"Grow","damage_taken":0,"max_hp_gain":0,"max_hp_loss":0,"event_name":"Living Wall","floor":5,"gold_loss":0,"cards_upgraded":["Bullet Time"]},{"damage_healed":0,"gold_gain":0,"cards_transformed":["Strike_G"],"player_choice":"Transformed","damage_taken":0,"max_hp_gain":0,"max_hp_loss":0,"event_name":"Transmorgrifier","floor":7,"gold_loss":0,"cards_obtained":["A Thousand Cuts"]},{"damage_healed":0,"gold_gain":0,"player_choice":"Leave","damage_taken":0,"max_hp_gain":0,"max_hp_loss":0,"event_name":"FaceTrader","floor":11,"gold_loss":0},{"damage_healed":0,"gold_gain":0,"player_choice":"Obtained Relic","damage_taken":0,"relics_obtained":["Centennial Puzzle"],"max_hp_gain":0,"max_hp_loss":0,"event_name":"Addict","floor":19,"gold_loss":85},{"damage_healed":0,"gold_gain":0,"cards_transformed":["Defend_G","Strike_G"],"player_choice":"Became Test Subject","damage_taken":0,"max_hp_gain":0,"max_hp_loss":0,"event_name":"Drug Dealer","floor":20,"gold_loss":0,"cards_obtained":["Expertise","A Thousand Cuts"]},{"damage_healed":0,"gold_gain":0,"player_choice":"Fought Bandits","damage_taken":0,"max_hp_gain":0,"max_hp_loss":0,"event_name":"Masked Bandits","floor":22,"gold_loss":0},{"damage_healed":0,"gold_gain":99,"player_choice":"Stole From Cult","damage_taken":0,"max_hp_gain":0,"max_hp_loss":0,"event_name":"Nest","floor":28,"gold_loss":0}],"is_beta":false,"boss_relics":[{"not_picked":["Astrolabe","Velvet Choker"],"picked":"Philosopher\u0027s Stone"}],"items_purged_floors":[21],"is_endless":false,"potions_floor_spawned":[1,3,12,24],"killed_by":"Automaton","ascension_level":8}