{"gold_per_floor":[116,116,116,116,135,173,173,42,42,42,42,68,106,160,160,279,279,297,297,46,59,73,113,136,136,136,136,136,136,168,185,185,288,288,303,216,234,250,106,106],"floor_reached":40,"playtime":8980,"items_purged":["Defend_G","Strike_G"],"score":592,"play_id":"9bbe4efc-ac28-4886-8989-6c6823f19875","local_time":"20190305203009","is_ascension_mode":true,"campfire_choices":[{"data":"Neutralize","floor":7.0,"key":"SMITH"},{"floor":15.0,"key":"REST"},{"floor":27,"key":"REST"},{"data":"Tools of the Trade","floor":29,"key":"SMITH"},{"data":"Accuracy","floor":32,"key":"SMITH"}],"neow_cost":"NONE","seed_source_timestamp":0,"circlet_count":0,"master_deck":["Defend_G","Defend_G","Defend_G","Strike_G","Strike_G","Strike_G","Survivor+1","Neutralize+1","Choke","Cloak And Dagger","Dagger Throw","Blade Dance","Infinite Blades+1","Well Laid Plans","Backflip+1","Malaise","Infinite Blades","Well Laid Plans","Well Laid Plans+1","Acrobatics+1","Tools of the Trade+1","Backflip+1","Accuracy+1","Prepared+1","Envenom","Concentrate+1","Noxious Fumes","Blur+1","Footwork"],"special_seed":0,"relics":["Ring of the Snake","NeowsBlessing","Bloody Idol","Orichalcum","Paper Crane","Odd Mushroom","Bottled Lightning","War Paint","Sozu","Ninja Scroll","Juzu Bracelet","Matryoshka","Bottled Tornado","The Courier","Toxic Egg 2","WristBlade"],"potions_floor_usage":[],"damage_taken":[{"damage":0.0,"enemies":"Small Slimes","floor":1.0,"turns":1.0},{"damage":0.0,"enemies":"Jaw Worm","floor":5.0,"turns":1.0},{"damage":0.0,"enemies":"3 Sentries","floor":6.0,"turns":1.0},{"damage":24.0,"enemies":"The Mushroom Lair","floor":12.0,"turns":4.0},{"damage":16.0,"enemies":"Gremlin Nob","floor":13.0,"turns":4.0},{"damage":4.0,"enemies":"Slime Boss","floor":16.0,"turns":9.0},{"damage":0.0,"enemies":"3 Byrds","floor":18.0,"turns":5.0},{"damage":0.0,"enemies":"Shell Parasite","floor":21.0,"turns":5.0},{"damage":9.0,"enemies":"Cultist and Chosen","floor":22.0,"turns":7.0},{"damage":25.0,"enemies":"Slavers","floor":23.0,"turns":8.0},{"damage":4.0,"enemies":"Snake Plant","floor":24.0,"turns":6.0},{"damage":1,"enemies":"Book of Stabbing","floor":30,"turns":7},{"damage":0,"enemies":"Chosen and Byrds","floor":31,"turns":5},{"damage":36,"enemies":"Collector","floor":33,"turns":12},{"damage":9,"enemies":"Orb Walker","floor":35,"turns":4},{"damage":31,"enemies":"3 Darklings","floor":37,"turns":4},{"damage":12,"enemies":"Spire Growth","floor":38,"turns":7},{"damage":19,"enemies":"Reptomancer","floor":40,"turns":3}],"seed_played":"-7338144384993993150","potions_obtained":[{"floor":13.0,"key":"SteroidPotion"}],"is_trial":false,"path_per_floor":["M","?","?","?","M","E","R","$","T","?","?","?","E","T","R","B",null,"M","?","$","M","M","E","M","?","T","R","T","R","E","M","R","B",null,"M","$","M","M","$","E"],"character_chosen":"THE_SILENT","items_purchased":["Blade Dance","Infinite Blades","Ninja Scroll","Noxious Fumes","Footwork"],"campfire_rested":2,"item_purchase_floors":[8,8,20,36,39],"current_hp_per_floor":[63,63,56,56,56,56,56,56,56,65,65,41,25,25,44,40,59,59,59,59,59,50,25,21,21,21,40,40,40,44,49,49,18,53,49,49,23,16,16,0],"gold":106,"neow_bonus":"THREE_ENEMY_KILL","is_prod":false,"is_daily":false,"chose_seed":false,"campfire_upgraded":3,"win_rate":0,"timestamp":1551814209,"path_taken":["M","?","?","?","?","E","R","$","T","?","?","?","E","?","R","BOSS","M","?","$","M","M","E","M","?","T","R","?","R","E","M","R","BOSS","M","$","M","M","$","E"],"build_version":"2019-01-23","purchased_purges":2,"victory":false,"max_hp_per_floor":[70,65,65,65,65,65,65,65,65,65,65,65,65,65,65,65,65,65,65,65,65,65,65,65,65,65,65,65,65,65,65,65,65,65,65,65,65,65,65,65],"card_choices":[{"not_picked":["Dagger Spray","Deadly Poison"],"picked":"Choke","floor":1.0},{"not_picked":["Dagger Spray","Underhanded Strike"],"picked":"Cloak And Dagger","floor":5.0},{"not_picked":["Wraith Form v2","Poisoned Stab"],"picked":"Dagger Throw","floor":6.0},{"not_picked":["Outmaneuver","Cloak And Dagger"],"picked":"Well Laid Plans","floor":12.0},{"not_picked":["Setup","Masterful Stab"],"picked":"Backflip","floor":13.0},{"not_picked":["Doppelganger","Burst"],"picked":"Malaise","floor":16.0},{"not_picked":["Prepared","Poisoned Stab"],"picked":"Infinite Blades","floor":18.0},{"not_picked":["Distraction","Dagger Spray"],"picked":"Well Laid Plans+1","floor":21.0},{"not_picked":["Bane","Deadly Poison+1"],"picked":"Acrobatics+1","floor":22.0},{"not_picked":["Endless Agony+1","Poisoned Stab"],"picked":"Tools of the Trade","floor":23.0},{"not_picked":["Blade Dance","Outmaneuver+1"],"picked":"Backflip+1","floor":24.0},{"not_picked":["Well Laid Plans+1","Tools of the Trade"],"picked":"Accuracy","floor":30},{"not_picked":["Expertise+1","Dagger Throw+1"],"picked":"Prepared+1","floor":31},{"not_picked":["Night Terror+1","Die Die Die"],"picked":"Envenom","floor":33},{"not_picked":["Eviscerate+1","Deflect+1"],"picked":"Concentrate+1","floor":35},{"not_picked":["Skewer","Deflect+1"],"picked":"Blur+1","floor":37},{"not_picked":["Bane","Deadly Poison+1","Deflect+1"],"picked":"SKIP","floor":38}],"player_experience":452316,"relics_obtained":[{"floor":6.0,"key":"Orichalcum"},{"floor":9.0,"key":"Paper Crane"},{"floor":12.0,"key":"Odd Mushroom"},{"floor":13.0,"key":"Bottled Lightning"},{"floor":14.0,"key":"War Paint"},{"floor":23.0,"key":"Juzu Bracelet"},{"floor":26,"key":"Matryoshka"},{"floor":28,"key":"Bottled Tornado"},{"floor":28,"key":"The Courier"},{"floor":30,"key":"Toxic Egg 2"}],"event_choices":[{"damage_healed":0.0,"max_hp_gain":0.0,"max_hp_loss":5.0,"gold_gain":0.0,"event_name":"Golden Idol","player_choice":"Lose Max HP","floor":2.0,"gold_loss":0.0,"damage_taken":0.0,"relics_obtained":["Golden Idol"]},{"cards_removed":["Strike_G"],"damage_healed":0.0,"max_hp_gain":0.0,"max_hp_loss":0.0,"gold_gain":0.0,"event_name":"Golden Wing","player_choice":"Card Removal","floor":3.0,"gold_loss":0.0,"damage_taken":7.0},{"cards_removed":["Defend_G"],"damage_healed":0.0,"max_hp_gain":0.0,"max_hp_loss":0.0,"gold_gain":0.0,"event_name":"Purifier","player_choice":"Purged","floor":4.0,"gold_loss":0.0,"damage_taken":0.0},{"damage_healed":21.0,"max_hp_gain":0.0,"max_hp_loss":0.0,"gold_gain":0.0,"event_name":"Big Fish","player_choice":"Banana","floor":10.0,"gold_loss":0.0,"damage_taken":0.0},{"damage_healed":0.0,"max_hp_gain":0.0,"max_hp_loss":0.0,"gold_gain":0.0,"event_name":"Living Wall","player_choice":"Grow","floor":11.0,"gold_loss":0.0,"damage_taken":0.0,"cards_upgraded":["Infinite Blades"]},{"damage_healed":0.0,"max_hp_gain":0.0,"max_hp_loss":0.0,"gold_gain":0.0,"event_name":"Mushrooms","player_choice":"Fought Mushrooms","floor":12.0,"gold_loss":0.0,"damage_taken":0.0},{"damage_healed":0.0,"max_hp_gain":0.0,"max_hp_loss":0.0,"gold_gain":0.0,"event_name":"The Library","player_choice":"Read","floor":19.0,"gold_loss":0.0,"damage_taken":0.0,"cards_obtained":["Well Laid Plans"]},{"damage_healed":0,"gold_gain":0,"player_choice":"Gave Idol","damage_taken":0,"relics_obtained":["Bloody Idol"],"max_hp_gain":0,"max_hp_loss":0,"event_name":"Forgotten Altar","floor":25,"relics_lost":["Golden Idol"],"gold_loss":0}],"is_beta":false,"boss_relics":[{"not_picked":["Runic Pyramid","Velvet Choker"],"picked":"Sozu"},{"not_picked":["Philosopher\u0027s Stone","White Beast Statue"],"picked":"WristBlade"}],"items_purged_floors":[36,39],"is_endless":false,"potions_floor_spawned":[13,18,23,31,35,38],"killed_by":"Reptomancer","ascension_level":6}