{"gold_per_floor":[110,121,196,31,81,81,112,129,198,224,244,204],"floor_reached":12,"playtime":357,"items_purged":["Decay"],"score":176,"play_id":"7dbad960-f7e6-49f3-9099-263b3b003bf5","local_time":"20181023230437","is_ascension_mode":true,"campfire_choices":[{"data":"Chaos","floor":6.0,"key":"SMITH"}],"neow_cost":"CURSE","seed_source_timestamp":1058989160916380,"circlet_count":0,"master_deck":["Strike_B","Strike_B","Strike_B","Defend_B","Defend_B","Defend_B","Zap","Dualcast","AscendersBane","Fusion","Blizzard","Ball Lightning","Leap","Chaos+1","Conserve Battery","BootSequence","Cold Snap"],"special_seed":0,"relics":["Cracked Core","Juzu Bracelet","Blue Candle","Omamori"],"potions_floor_usage":[10,12],"damage_taken":[{"damage":3.0,"enemies":"Cultist","floor":1.0,"turns":3.0},{"damage":6.0,"enemies":"2 Louse","floor":2.0,"turns":3.0},{"damage":25.0,"enemies":"3 Sentries","floor":7.0,"turns":8.0},{"damage":0.0,"enemies":"Small Slimes","floor":8.0,"turns":3.0},{"damage":11,"enemies":"Gremlin Nob","floor":10,"turns":3},{"damage":4,"enemies":"2 Fungi Beasts","floor":11,"turns":3},{"damage":10,"enemies":"Exordium Thugs","floor":12,"turns":2}],"seed_played":"-4632725121446053237","potions_obtained":[{"floor":7.0,"key":"GamblersBrew"},{"floor":10,"key":"AttackPotion"}],"is_trial":false,"path_per_floor":["M","M","?","$","?","R","E","M","T","E","M"],"character_chosen":"DEFECT","items_purchased":["Chaos"],"campfire_rested":0,"item_purchase_floors":[4],"current_hp_per_floor":[61,55,44,44,44,44,19,19,19,8,4,0],"gold":204,"neow_bonus":"TRANSFORM_TWO_CARDS","is_prod":false,"is_daily":false,"chose_seed":false,"campfire_upgraded":1,"win_rate":0,"timestamp":1540328677,"path_taken":["M","?","?","?","?","R","E","M","T","E","M","M"],"build_version":"2018-10-18","purchased_purges":1,"victory":false,"max_hp_per_floor":[71,71,71,71,71,71,71,71,71,71,71,71],"card_choices":[{"not_picked":["Sunder","Streamline"],"picked":"Ball Lightning","floor":1.0},{"not_picked":["Redo","Static Discharge"],"picked":"Leap","floor":2.0},{"not_picked":["Blizzard","Tempest"],"picked":"Conserve Battery","floor":7.0},{"not_picked":["Heatsinks","Sweeping Beam","Turbo"],"picked":"SKIP","floor":8.0},{"not_picked":["Machine Learning","Coolheaded"],"picked":"BootSequence","floor":10},{"not_picked":["Doom and Gloom","Gash"],"picked":"Cold Snap","floor":11}],"player_experience":860124,"relics_obtained":[{"floor":7.0,"key":"Juzu Bracelet"},{"floor":9.0,"key":"Blue Candle"},{"floor":10,"key":"Omamori"}],"event_choices":[{"damage_healed":0.0,"max_hp_gain":0.0,"max_hp_loss":0.0,"gold_gain":75.0,"event_name":"World of Goop","player_choice":"Gather Gold","floor":3.0,"gold_loss":0.0,"damage_taken":11.0},{"damage_healed":0.0,"max_hp_gain":0.0,"max_hp_loss":0.0,"gold_gain":100.0,"event_name":"Golden Shrine","player_choice":"Pray","floor":5.0,"gold_loss":0.0,"damage_taken":0.0}],"is_beta":false,"boss_relics":[],"items_purged_floors":[4],"is_endless":false,"potions_floor_spawned":[7,10],"killed_by":"Exordium Thugs","ascension_level":20}