{"gold_per_floor":[362,13,13,36,51,51,91,91,121,147,147,185,185,216,216,336,336,361,361,143,168,184,184,227,239,277,320,352,364,419,78,78,198,198,211,232,32,157,157,188,188,221,248,124,165,40,103,127,127,127],"floor_reached":51,"playtime":2446,"items_purged":["Defend_B","Strike_B","Transmutation+1"],"score":1044,"play_id":"d0960af0-aace-4a00-8533-42d745166e27","local_time":"20190215093010","is_ascension_mode":true,"campfire_choices":[{"data":"Zap","floor":6.0,"key":"SMITH"},{"floor":11.0,"key":"REST"},{"data":"Dualcast","floor":15.0,"key":"SMITH"},{"data":"Streamline","floor":23.0,"key":"SMITH"},{"data":"Sweeping Beam","floor":25.0,"key":"SMITH"},{"floor":32.0,"key":"REST"},{"data":"Transmutation","floor":41,"key":"SMITH"},{"floor":49,"key":"REST"}],"neow_cost":"PERCENT_DAMAGE","seed_source_timestamp":80777163744477,"circlet_count":0,"master_deck":["Strike_B+1","Strike_B+1","Defend_B","Defend_B","Defend_B","Zap+1","Dualcast+1","Ball Lightning","Steam","Go for the Eyes","Leap","Compile Driver","Conserve Battery","Sweeping Beam+1","Ball Lightning","Streamline+1","Rebound+1","Stack+1","Compile Driver+1"],"special_seed":0,"relics":["Cracked Core","Toolbox","Whetstone","Golden Idol","Cables","Tiny Chest","Pen Nib","PreservedInsect","Strawberry","Orrery","FossilizedHelix","Happy Flower","Bronze Scales","MawBank","Juzu Bracelet","Vajra","Mercury Hourglass","Mummified Hand","Sling","Nuclear Battery","Potion Belt","StoneCalendar","Centennial Puzzle","DataDisk","Blood Vial","Bag of Preparation","Peace Pipe"],"potions_floor_usage":[33,33,33,40,47,48,50,50,50,50],"damage_taken":[{"damage":0.0,"enemies":"2 Louse","floor":1.0,"turns":2.0},{"damage":1.0,"enemies":"Jaw Worm","floor":4.0,"turns":2.0},{"damage":0.0,"enemies":"Small Slimes","floor":5.0,"turns":2.0},{"damage":20.0,"enemies":"3 Sentries","floor":7.0,"turns":5.0},{"damage":10.0,"enemies":"Lagavulin","floor":12.0,"turns":4.0},{"damage":4.0,"enemies":"3 Sentries","floor":14.0,"turns":3.0},{"damage":26.0,"enemies":"Slime Boss","floor":16.0,"turns":9.0},{"damage":0.0,"enemies":"Spheric Guardian","floor":18.0,"turns":3.0},{"damage":0.0,"enemies":"3 Byrds","floor":22.0,"turns":3.0},{"damage":9.0,"enemies":"Gremlin Leader","floor":24.0,"turns":4.0},{"damage":13.0,"enemies":"Slavers","floor":27.0,"turns":2.0},{"damage":8.0,"enemies":"Shelled Parasite and Fungi","floor":28.0,"turns":4.0},{"damage":12.0,"enemies":"Gremlin Leader","floor":30.0,"turns":2.0},{"damage":42,"enemies":"Collector","floor":33,"turns":8},{"damage":0,"enemies":"3 Darklings","floor":35,"turns":3},{"damage":0,"enemies":"Orb Walker","floor":36,"turns":3},{"damage":21,"enemies":"Mind Bloom Boss Battle","floor":38,"turns":4},{"damage":0,"enemies":"Giant Head","floor":40,"turns":7},{"damage":0,"enemies":"Reptomancer","floor":42,"turns":3},{"damage":0,"enemies":"Nemesis","floor":45,"turns":5},{"damage":0,"enemies":"2 Orb Walkers","floor":47,"turns":4},{"damage":0,"enemies":"Transient","floor":48,"turns":5},{"damage":59,"enemies":"Awakened One","floor":50,"turns":10}],"seed_played":"7447416445657835063","potions_obtained":[{"floor":4.0,"key":"LiquidBronze"},{"floor":5.0,"key":"LiquidBronze"},{"floor":16.0,"key":"Fire Potion"},{"floor":28.0,"key":"EssenceOfSteel"},{"floor":30.0,"key":"Swift Potion"},{"floor":38,"key":"Block Potion"},{"floor":40,"key":"Dexterity Potion"},{"floor":42,"key":"FearPotion"},{"floor":47,"key":"Explosive Potion"}],"is_trial":false,"path_per_floor":["M","$","?","M","M","R","E","$","T","T","R","E","?","E","R","B",null,"M","?","$","T","M","R","E","R","T","E","M","T","E","$","R","B",null,"M","M","$","?","?","E","R","E","T","$","E","$","?","M","R","B",null],"character_chosen":"DEFECT","items_purchased":["Toolbox","Whetstone","Happy Flower","Sling","SteroidPotion","Potion Belt","SpeedPotion","FocusPotion","Energy Potion"],"campfire_rested":3,"item_purchase_floors":[2,2,20,31,31,37,37,44,44],"current_hp_per_floor":[54,54,54,53,53,53,33,33,33,33,53,43,36,39,39,13,76,76,76,76,76,76,76,67,67,67,54,46,46,34,34,56,14,76,76,76,76,55,55,55,55,55,55,55,57,57,59,61,76,17],"gold":127,"neow_bonus":"TWO_FIFTY_GOLD","is_prod":false,"is_daily":false,"chose_seed":false,"campfire_upgraded":5,"win_rate":0,"timestamp":1550219410,"path_taken":["M","$","?","M","M","R","E","$","T","?","R","E","?","E","R","BOSS","M","?","$","?","M","R","E","R","T","E","M","?","E","$","R","BOSS","M","M","$","?","?","E","R","E","T","$","E","$","?","M","R","BOSS"],"build_version":"2019-01-23","purchased_purges":3,"victory":true,"max_hp_per_floor":[75,75,69,69,69,69,69,69,69,69,69,69,69,76,76,76,76,76,76,76,76,76,76,76,76,76,76,76,76,76,76,76,76,76,76,76,76,76,76,76,76,76,76,76,76,76,76,76,76,76],"card_choices":[{"not_picked":["Hologram","Defragment"],"picked":"Ball Lightning","floor":1.0},{"not_picked":["Hello World","Melter"],"picked":"Steam","floor":4.0},{"not_picked":["Undo","Redo"],"picked":"Go for the Eyes","floor":5.0},{"not_picked":["Lockon","Consume"],"picked":"Leap","floor":7.0},{"not_picked":["FTL","Go for the Eyes"],"picked":"Compile Driver","floor":12.0},{"not_picked":["Compile Driver","Coolheaded","Barrage"],"picked":"SKIP","floor":14.0},{"not_picked":["Stack","Go for the Eyes"],"picked":"Conserve Battery","floor":17.0},{"not_picked":["Melter","Barrage"],"picked":"Sweeping Beam","floor":17.0},{"not_picked":["Go for the Eyes","Glacier"],"picked":"Ball Lightning","floor":17.0},{"not_picked":["Fission","Hello World","Stack"],"picked":"SKIP","floor":18.0},{"not_picked":["Hello World","Sunder+1"],"picked":"Streamline","floor":22.0},{"not_picked":["Turbo+1","Reinforced Body","Static Discharge+1"],"picked":"SKIP","floor":24.0},{"not_picked":["Doom and Gloom","Conserve Battery"],"picked":"Rebound+1","floor":27.0},{"not_picked":["Chill","Storm","Steam"],"picked":"SKIP","floor":28.0},{"not_picked":["Lockon","Leap","Echo Form"],"picked":"SKIP","floor":30.0},{"not_picked":["Loop+1","Genetic Algorithm"],"picked":"Stack+1","floor":35},{"not_picked":["Hologram","Compile Driver+1","Storm+1"],"picked":"SKIP","floor":36},{"not_picked":["Dark Shackles","Purity"],"picked":"Transmutation","floor":39},{"not_picked":["Storm+1","Leap","Genetic Algorithm+1"],"picked":"SKIP","floor":40},{"not_picked":["Hologram","White Noise","Streamline+1"],"picked":"SKIP","floor":42},{"not_picked":["Scrape+1","Doom and Gloom+1"],"picked":"Compile Driver+1","floor":45},{"not_picked":["Hologram","Lockon+1","Barrage"],"picked":"SKIP","floor":48}],"player_experience":1082976,"relics_obtained":[{"floor":7.0,"key":"Cables"},{"floor":9.0,"key":"Tiny Chest"},{"floor":10.0,"key":"Pen Nib"},{"floor":12.0,"key":"PreservedInsect"},{"floor":14.0,"key":"Strawberry"},{"floor":21.0,"key":"Bronze Scales"},{"floor":24.0,"key":"MawBank"},{"floor":26.0,"key":"Juzu Bracelet"},{"floor":27.0,"key":"Vajra"},{"floor":29.0,"key":"Mercury Hourglass"},{"floor":30.0,"key":"Mummified Hand"},{"floor":38,"key":"StoneCalendar"},{"floor":40,"key":"Centennial Puzzle"},{"floor":42,"key":"DataDisk"},{"floor":43,"key":"Blood Vial"},{"floor":45,"key":"Bag of Preparation"},{"floor":47,"key":"Peace Pipe"}],"event_choices":[{"damage_healed":0.0,"max_hp_gain":0.0,"max_hp_loss":6.0,"gold_gain":0.0,"event_name":"Golden Idol","player_choice":"Lose Max HP","floor":3.0,"gold_loss":0.0,"damage_taken":0.0,"relics_obtained":["Golden Idol"]},{"cards_removed":["Strike_B"],"damage_healed":0.0,"max_hp_gain":0.0,"max_hp_loss":0.0,"gold_gain":0.0,"event_name":"Golden Wing","player_choice":"Card Removal","floor":13.0,"gold_loss":0.0,"damage_taken":7.0},{"damage_healed":0.0,"max_hp_gain":0.0,"max_hp_loss":0.0,"gold_gain":0.0,"event_name":"WeMeetAgain","player_choice":"Gave Potion","floor":19.0,"gold_loss":0.0,"damage_taken":0.0,"relics_obtained":["FossilizedHelix"]},{"damage_healed":0,"gold_gain":0,"player_choice":"Fight","damage_taken":0,"max_hp_gain":0,"max_hp_loss":0,"event_name":"MindBloom","floor":38,"gold_loss":0},{"damage_healed":0,"gold_gain":0,"player_choice":"Memory 1","damage_taken":0,"max_hp_gain":0,"max_hp_loss":0,"event_name":"SensoryStone","floor":39,"gold_loss":0},{"damage_healed":0,"gold_gain":0,"player_choice":"Fight","damage_taken":0,"max_hp_gain":0,"max_hp_loss":0,"event_name":"Mysterious Sphere","floor":47,"gold_loss":0}],"is_beta":false,"boss_relics":[{"not_picked":["Pandora\u0027s Box","Fusion Hammer"],"picked":"Orrery"},{"not_picked":["Coffee Dripper","Philosopher\u0027s Stone"],"picked":"Nuclear Battery"}],"items_purged_floors":[20,31,46],"is_endless":false,"potions_floor_spawned":[4,5,16,28,30,38,40,42,47],"ascension_level":1}