{"gold_per_floor":[119,119,119,18,18,18,43,43,43,81,97,97,113,78,78,208,208,228,248,273,273,273,273,311,40,64,105,105,105,125,125,125,222,222,237,237,237,247,147,147,175,175,175,202,217,217,234,262,262,262],"floor_reached":51,"playtime":5240,"items_purged":["Defend_G","Strike_G"],"score":1112,"play_id":"ebb7c02d-7b6e-494c-95f0-c318f5111683","local_time":"20190316025543","is_ascension_mode":true,"campfire_choices":[{"data":"Tactician","floor":6,"key":"SMITH"},{"data":"Terror","floor":8,"key":"SMITH"},{"floor":12,"key":"REST"},{"data":"Bullet Time","floor":15,"key":"SMITH"},{"data":"After Image","floor":23,"key":"SMITH"},{"data":"Calculated Gamble","floor":29,"key":"SMITH"},{"data":"Apotheosis","floor":32,"key":"SMITH"},{"data":"Infinite Blades","floor":40,"key":"SMITH"},{"floor":42,"key":"REST"},{"floor":46,"key":"REST"},{"data":"Well Laid Plans","floor":49,"key":"SMITH"}],"neow_cost":"NONE","seed_source_timestamp":388873251518769,"circlet_count":0,"master_deck":["Defend_G","Defend_G","Strike_G","Strike_G","Survivor","Neutralize+1","Tactician+1","Prepared+1","Terror+1","Bullet Time+1","Predator","Acrobatics","After Image+1","Finisher+1","Reflex+1","Reflex+1","Malaise+1","Calculated Gamble+1","Apotheosis+1","Calculated Gamble+1","A Thousand Cuts+1","Acrobatics+1","Infinite Blades+1","Concentrate+1","Well Laid Plans+1"],"relics":["Ring of the Serpent","Bloody Idol","Tingsha","Bag of Preparation","Art of War","Nilry\u0027s Codex","PreservedInsect","Omamori","Oddly Smooth Stone","Empty Cage","Bronze Scales","Kunai","Snake Skull","War Paint"],"potions_floor_usage":[10,16,20,35,48,50,50],"damage_taken":[{"damage":4,"enemies":"Small Slimes","floor":1,"turns":6},{"damage":0,"enemies":"2 Louse","floor":7,"turns":3},{"damage":32,"enemies":"3 Sentries","floor":10,"turns":9},{"damage":2,"enemies":"Jaw Worm","floor":11,"turns":4},{"damage":0,"enemies":"3 Louse","floor":13,"turns":3},{"damage":2,"enemies":"The Guardian","floor":16,"turns":11},{"damage":0,"enemies":"Chosen","floor":18,"turns":5},{"damage":0,"enemies":"Spheric Guardian","floor":19,"turns":3},{"damage":11,"enemies":"Snake Plant","floor":20,"turns":4},{"damage":3,"enemies":"Book of Stabbing","floor":24,"turns":3},{"damage":0,"enemies":"Gremlin Leader","floor":27,"turns":4},{"damage":0,"enemies":"3 Cultists","floor":30,"turns":3},{"damage":2,"enemies":"Champ","floor":33,"turns":4},{"damage":9,"enemies":"3 Shapes","floor":35,"turns":3},{"damage":17,"enemies":"Orb Walker","floor":38,"turns":4},{"damage":8,"enemies":"Nemesis","floor":41,"turns":3},{"damage":0,"enemies":"Giant Head","floor":44,"turns":3},{"damage":26,"enemies":"Jaw Worm Horde","floor":45,"turns":2},{"damage":0,"enemies":"4 Shapes","floor":47,"turns":1},{"damage":11,"enemies":"Nemesis","floor":48,"turns":6},{"damage":21,"enemies":"Time Eater","floor":50,"turns":7}],"seed_played":"4143335051623353781","potions_obtained":[{"floor":7,"key":"AttackPotion"},{"floor":11,"key":"Fire Potion"},{"floor":18,"key":"GhostInAJar"},{"floor":30,"key":"AttackPotion"},{"floor":44,"key":"Swift Potion"},{"floor":47,"key":"Poison Potion"},{"floor":48,"key":"GamblersBrew"}],"is_trial":false,"path_per_floor":["M","?","?","$","?","R","M","R","T","E","M","R","M","?","R","B",null,"M","M","M","?","?","R","E","$","T","E","$","R","M","?","R","B",null,"M","?","?","M","$","R","E","R","T","E","M","R","M","E","R","B",null],"character_chosen":"THE_SILENT","items_purchased":["Prepared","Calculated Gamble","Apotheosis"],"campfire_rested":3,"item_purchase_floors":[4,25,25],"current_hp_per_floor":[59,59,52,52,49,49,49,49,49,17,15,34,34,50,50,48,61,61,61,50,34,34,34,31,31,31,31,31,31,31,31,31,34,57,53,53,53,41,41,41,38,57,57,62,41,60,65,59,59,38],"gold":262,"neow_bonus":"UPGRADE_CARD","is_prod":false,"is_daily":false,"chose_seed":false,"campfire_upgraded":8,"win_rate":0,"timestamp":1552701343,"path_taken":["M","?","?","$","?","R","M","R","T","E","M","R","M","?","R","BOSS","M","M","M","?","?","R","E","$","T","E","?","R","?","?","R","BOSS","M","?","?","?","$","R","E","R","T","E","M","R","M","E","R","BOSS"],"build_version":"2019-01-23","purchased_purges":2,"victory":true,"max_hp_per_floor":[70,65,65,65,65,65,65,65,65,65,65,65,65,65,65,65,65,65,65,65,65,65,65,65,65,65,65,65,65,65,65,65,65,65,65,65,65,65,65,65,65,65,65,65,65,65,65,65,65,65],"card_choices":[{"not_picked":["Poisoned Stab","Deadly Poison"],"picked":"Tactician","floor":1},{"not_picked":["Outmaneuver","Poisoned Stab"],"picked":"Terror","floor":7},{"not_picked":["Distraction","Bane"],"picked":"Bullet Time","floor":10},{"not_picked":["Slice","Dodge and Roll"],"picked":"Predator","floor":11},{"not_picked":["Bane","Poisoned Stab"],"picked":"Acrobatics","floor":13},{"not_picked":["Adrenaline","Corpse Explosion"],"picked":"After Image","floor":16},{"not_picked":["Bane","Outmaneuver"],"picked":"Finisher+1","floor":18},{"not_picked":["Backstab","Dash"],"picked":"Reflex+1","floor":19},{"not_picked":["Dodge and Roll","Backflip"],"picked":"Reflex+1","floor":20},{"not_picked":["PiercingWail","Deflect"],"picked":"Malaise","floor":24},{"not_picked":["Reflex","Terror"],"picked":"Calculated Gamble+1","floor":27},{"not_picked":["Blade Dance","Deadly Poison+1","PiercingWail"],"picked":"SKIP","floor":30},{"not_picked":["Die Die Die","Unload"],"picked":"A Thousand Cuts","floor":33},{"not_picked":["Dodge and Roll","Masterful Stab"],"picked":"Acrobatics+1","floor":35},{"not_picked":["Cloak And Dagger","PiercingWail"],"picked":"Infinite Blades","floor":38},{"not_picked":["All Out Attack","Underhanded Strike+1","Envenom"],"picked":"SKIP","floor":41},{"not_picked":["Deflect+1","Backflip","Bane"],"picked":"SKIP","floor":44},{"not_picked":["Sucker Punch","Slice"],"picked":"Concentrate+1","floor":45},{"not_picked":["Cloak And Dagger+1","Dagger Throw","Heel Hook+1"],"picked":"SKIP","floor":47},{"not_picked":["Quick Slash+1","Dagger Throw"],"picked":"Well Laid Plans","floor":48}],"player_experience":503566,"relics_obtained":[{"floor":9,"key":"Bag of Preparation"},{"floor":10,"key":"Art of War"},{"floor":21,"key":"Nilry\u0027s Codex"},{"floor":24,"key":"PreservedInsect"},{"floor":26,"key":"Omamori"},{"floor":27,"key":"Oddly Smooth Stone"},{"floor":41,"key":"Bronze Scales"},{"floor":43,"key":"Kunai"},{"floor":44,"key":"Snake Skull"},{"floor":48,"key":"War Paint"}],"event_choices":[{"damage_healed":0,"gold_gain":0,"player_choice":"Lose Max HP","damage_taken":0,"relics_obtained":["Golden Idol"],"max_hp_gain":0,"max_hp_loss":5,"event_name":"Golden Idol","floor":2,"gold_loss":0},{"cards_removed":["Strike_G"],"damage_healed":0,"gold_gain":0,"player_choice":"Card Removal","damage_taken":7,"max_hp_gain":0,"max_hp_loss":0,"event_name":"Golden Wing","floor":3,"gold_loss":0},{"damage_healed":0,"gold_gain":0,"player_choice":"Success","damage_taken":3,"relics_obtained":["Tingsha"],"max_hp_gain":0,"max_hp_loss":0,"event_name":"Scrap Ooze","floor":5,"gold_loss":0},{"damage_healed":16,"gold_gain":0,"player_choice":"Healed","damage_taken":0,"max_hp_gain":0,"max_hp_loss":0,"event_name":"The Cleric","floor":14,"gold_loss":35},{"damage_healed":0,"gold_gain":0,"player_choice":"Obtained Book","damage_taken":16,"max_hp_gain":0,"max_hp_loss":0,"event_name":"Cursed Tome","floor":21,"gold_loss":0},{"damage_healed":0,"gold_gain":0,"player_choice":"Ignored","damage_taken":0,"max_hp_gain":0,"max_hp_loss":0,"event_name":"Vampires","floor":22,"gold_loss":0},{"damage_healed":0,"gold_gain":0,"player_choice":"Gave Idol","damage_taken":0,"relics_obtained":["Bloody Idol"],"max_hp_gain":0,"max_hp_loss":0,"event_name":"Forgotten Altar","floor":31,"relics_lost":["Golden Idol"],"gold_loss":0},{"cards_removed":["Strike_G"],"damage_healed":0,"gold_gain":0,"player_choice":"Removed Attack","damage_taken":0,"max_hp_gain":0,"max_hp_loss":0,"event_name":"Falling","floor":36,"gold_loss":0},{"damage_healed":0,"gold_gain":0,"player_choice":"Upgraded","damage_taken":0,"max_hp_gain":0,"max_hp_loss":0,"event_name":"Upgrade Shrine","floor":37,"gold_loss":0,"cards_upgraded":["A Thousand Cuts"]}],"is_beta":false,"boss_relics":[{"not_picked":["Lizard Tail","WristBlade"],"picked":"Ring of the Serpent"},{"not_picked":["Runic Dome","White Beast Statue"],"picked":"Empty Cage"}],"items_purged_floors":[4,39],"is_endless":false,"potions_floor_spawned":[7,11,18,30,44,47,48],"ascension_level":8}