{"gold_per_floor":[116,132,149,160,174,174,207,207,207,207,223,223,223,235,235,331,331,348,366,382,401,162,217,252,252,277,277,295,295,308,318,318,414,414,477,577,577,577,178,178,198,198,223,256,81,81,120,184,184,184],"floor_reached":50,"playtime":6122,"items_purged":["Strike_B","Strike_B","Strike_B"],"score":575,"play_id":"cc7b817a-a420-4723-bd30-f04badc1a8a6","local_time":"20190216191241","is_ascension_mode":true,"campfire_choices":[{"data":"Streamline","floor":6.0,"key":"SMITH"},{"data":"Beam Cell","floor":8.0,"key":"SMITH"},{"data":"Melter","floor":10.0,"key":"SMITH"},{"data":"Ball Lightning","floor":13.0,"key":"SMITH"},{"data":"Zap","floor":15.0,"key":"SMITH"},{"data":"HandOfGreed","floor":25.0,"key":"SMITH"},{"data":"Dualcast","floor":27.0,"key":"SMITH"},{"data":"Go for the Eyes","floor":29.0,"key":"SMITH"},{"floor":32.0,"key":"REST"},{"floor":40.0,"key":"REST"},{"data":"Madness","floor":42.0,"key":"SMITH"},{"floor":46.0,"key":"REST"},{"floor":49.0,"key":"REST"}],"neow_cost":"NONE","seed_source_timestamp":0,"circlet_count":0,"master_deck":["Strike_B","Defend_B","Defend_B","Defend_B","Defend_B","Zap+1","Dualcast+1","Finesse","Beam Cell+1","Streamline+1","Go for the Eyes+1","Melter+1","Self Repair","Reboot","Ball Lightning+1","All For One","Sunder","HandOfGreed+1","Beam Cell+1","Conserve Battery+1","Seek","Leap+1","Madness+1","Madness","Auto Shields","Seek","Scrape","Chill+1","Gash+1","Gash+1"],"special_seed":0,"relics":["Cracked Core"],"potions_floor_usage":[50],"damage_taken":[{"damage":7.0,"enemies":"Small Slimes","floor":1.0,"turns":4.0},{"damage":1.0,"enemies":"Cultist","floor":2.0,"turns":3.0},{"damage":0.0,"enemies":"2 Louse","floor":3.0,"turns":1.0},{"damage":0.0,"enemies":"Large Slime","floor":4.0,"turns":5.0},{"damage":5.0,"enemies":"Lots of Slimes","floor":5.0,"turns":4.0},{"damage":11.0,"enemies":"Lagavulin","floor":7.0,"turns":5.0},{"damage":2.0,"enemies":"3 Louse","floor":11.0,"turns":3.0},{"damage":4.0,"enemies":"Gremlin Gang","floor":14.0,"turns":4.0},{"damage":0.0,"enemies":"Slime Boss","floor":16.0,"turns":4.0},{"damage":5.0,"enemies":"Chosen","floor":18.0,"turns":3.0},{"damage":3.0,"enemies":"3 Byrds","floor":19.0,"turns":4.0},{"damage":21.0,"enemies":"3 Cultists","floor":20.0,"turns":5.0},{"damage":22.0,"enemies":"Snake Plant","floor":21.0,"turns":4.0},{"damage":4.0,"enemies":"Gremlin Leader","floor":23.0,"turns":5.0},{"damage":0.0,"enemies":"Centurion and Healer","floor":24.0,"turns":5.0},{"damage":6.0,"enemies":"Chosen and Byrds","floor":28.0,"turns":3.0},{"damage":19.0,"enemies":"Snake Plant","floor":30.0,"turns":2.0},{"damage":15.0,"enemies":"Centurion and Healer","floor":31.0,"turns":5.0},{"damage":43.0,"enemies":"Collector","floor":33.0,"turns":7.0},{"damage":20.0,"enemies":"3 Shapes","floor":35.0,"turns":7.0},{"damage":26.0,"enemies":"Mind Bloom Boss Battle","floor":36.0,"turns":8.0},{"damage":9.0,"enemies":"Orb Walker","floor":41.0,"turns":3.0},{"damage":43.0,"enemies":"Giant Head","floor":44.0,"turns":7.0},{"damage":11.0,"enemies":"3 Darklings","floor":47.0,"turns":6.0},{"damage":1.0,"enemies":"Sphere and 2 Shapes","floor":48.0,"turns":4.0},{"damage":44,"enemies":"Donu and Deca","floor":50,"turns":7}],"seed_played":"7962331657264111110","potions_obtained":[{"floor":1.0,"key":"Block Potion"},{"floor":5.0,"key":"FearPotion"},{"floor":14.0,"key":"Regen Potion"},{"floor":16.0,"key":"Weak Potion"},{"floor":20.0,"key":"Explosive Potion"},{"floor":21.0,"key":"Poison Potion"},{"floor":24.0,"key":"EntropicBrew"},{"floor":28.0,"key":"FocusPotion"},{"floor":36.0,"key":"Energy Potion"},{"floor":44.0,"key":"Regen Potion"}],"is_trial":false,"path_per_floor":["M","M","M","M","M","R","E","R","T","R","M","?","R","M","R","B",null,"M","M","M","M","$","E","M","R","T","R","M","R","M","M","R","B",null,"M","?","?","?","$","R","M","R","T","E","$","R","M","M","R","B"],"character_chosen":"DEFECT","items_purchased":["HandOfGreed","Auto Shields","Seek","Scrape","AttackPotion","SpeedPotion"],"campfire_rested":4,"item_purchase_floors":[22,39,39,39,39,45],"current_hp_per_floor":[68,67,67,67,62,62,58,58,58,58,56,56,56,59,59,59,75,70,67,53,43,43,46,53,53,53,53,47,47,28,20,42,14,75,62,43,34,34,34,56,47,47,47,4,4,26,37,43,65,21],"gold":184,"neow_bonus":"RANDOM_COLORLESS","is_prod":false,"is_daily":false,"chose_seed":false,"campfire_upgraded":9,"win_rate":0,"timestamp":1550340761,"path_taken":["M","M","M","M","M","R","E","R","T","R","M","?","R","M","R","BOSS","M","?","M","?","$","E","M","R","T","R","M","R","M","M","R","BOSS","M","?","?","?","$","R","M","R","T","E","$","R","?","M","R","BOSS"],"build_version":"2019-01-23","purchased_purges":3,"victory":false,"max_hp_per_floor":[75,75,75,75,75,75,75,75,75,75,75,75,75,75,75,75,75,75,75,75,75,75,75,75,75,75,75,75,75,75,75,75,75,75,75,75,75,75,75,75,75,75,75,75,75,75,75,75,75,75],"card_choices":[{"not_picked":["Rip and Tear","Gash"],"picked":"Beam Cell","floor":1.0},{"not_picked":["Cold Snap","Conserve Battery"],"picked":"Streamline","floor":2.0},{"not_picked":["Multi-Cast","Barrage"],"picked":"Go for the Eyes","floor":3.0},{"not_picked":["Steam","Stack"],"picked":"Melter","floor":4.0},{"not_picked":["Go for the Eyes","Lockon"],"picked":"Self Repair","floor":5.0},{"not_picked":["Leap","Redo"],"picked":"Reboot","floor":7.0},{"not_picked":["Gash","Leap"],"picked":"Ball Lightning","floor":11.0},{"not_picked":["Turbo","Coolheaded","Ball Lightning"],"picked":"SKIP","floor":14.0},{"not_picked":["Thunder Strike","Machine Learning"],"picked":"All For One","floor":16.0},{"not_picked":["Rebound","Tempest","Sweeping Beam"],"picked":"SKIP","floor":18.0},{"not_picked":["Fusion","Stack","Ball Lightning"],"picked":"SKIP","floor":19.0},{"not_picked":["Undo+1","Ball Lightning+1"],"picked":"Sunder","floor":20.0},{"not_picked":["Stack","Sunder+1","Streamline+1"],"picked":"SKIP","floor":21.0},{"not_picked":["Steam","Ball Lightning"],"picked":"Beam Cell+1","floor":23.0},{"not_picked":["Rebound","Consume"],"picked":"Conserve Battery+1","floor":24.0},{"not_picked":["Hologram","Sweeping Beam+1","Multi-Cast"],"picked":"SKIP","floor":28.0},{"not_picked":["Steam Power","Barrage","Redo"],"picked":"SKIP","floor":30.0},{"not_picked":["Doom and Gloom","Hello World","Turbo"],"picked":"SKIP","floor":31.0},{"not_picked":["Meteor Strike","All For One"],"picked":"Seek","floor":33.0},{"not_picked":["Conserve Battery+1","Melter+1","Compile Driver+1"],"picked":"SKIP","floor":35.0},{"not_picked":["Cold Snap","Stack"],"picked":"Leap+1","floor":36.0},{"not_picked":["Ball Lightning","Rebound+1","Aggregate+1"],"picked":"SKIP","floor":41.0},{"not_picked":["Amplify","Rebound"],"picked":"Chill+1","floor":44.0},{"not_picked":["Ball Lightning","Biased Cognition"],"picked":"Gash+1","floor":47.0},{"not_picked":["Doom and Gloom+1","Turbo"],"picked":"Gash+1","floor":48.0}],"player_experience":1086599,"relics_obtained":[],"event_choices":[{"damage_healed":0.0,"max_hp_gain":0.0,"max_hp_loss":0.0,"gold_gain":0.0,"event_name":"Wheel of Change","player_choice":"Relic","floor":12.0,"gold_loss":0.0,"damage_taken":0.0},{"damage_healed":0.0,"max_hp_gain":0.0,"max_hp_loss":0.0,"gold_gain":0.0,"event_name":"MindBloom","player_choice":"Fight","floor":36.0,"gold_loss":0.0,"damage_taken":0.0},{"damage_healed":0.0,"max_hp_gain":0.0,"max_hp_loss":0.0,"gold_gain":0.0,"event_name":"Winding Halls","player_choice":"Embrace Madness","floor":37.0,"gold_loss":0.0,"damage_taken":9.0,"cards_obtained":["Madness","Madness"]},{"damage_healed":0.0,"max_hp_gain":0.0,"max_hp_loss":0.0,"gold_gain":0.0,"event_name":"WeMeetAgain","player_choice":"Ignored","floor":38.0,"gold_loss":0.0,"damage_taken":0.0}],"is_beta":false,"boss_relics":[{"not_picked":["Pandora\u0027s Box","Orrery","Inserter"]},{"not_picked":["Calling Bell","Sozu","FrozenCore"]}],"items_purged_floors":[22,39,45],"is_endless":false,"potions_floor_spawned":[1,5,14,16,20,21,24,28,36,44],"killed_by":"Donu and Deca","ascension_level":1}