{"gold_per_floor":[14,14,34,34,53,53,96,96,96,36,36,54,70,103,103,202,202,218,133,173,194,207,207,27,62,87,87,105,119,119,119,119,119],"floor_reached":33,"playtime":1285,"items_purged":["Strike_B"],"score":509,"play_id":"973d91ba-59f4-4395-9dae-ecda64074eca","local_time":"20181002063909","is_ascension_mode":true,"campfire_choices":[{"data":"Sunder","floor":6,"key":"SMITH"},{"data":"Zap","floor":8,"key":"SMITH"},{"data":"Dualcast","floor":11,"key":"SMITH"},{"data":"Beam Cell","floor":15,"key":"SMITH"},{"floor":23,"key":"REST"},{"floor":27,"key":"REST"},{"floor":30,"key":"REST"},{"data":"White Noise","floor":32,"key":"SMITH"}],"neow_cost":"NO_GOLD","seed_source_timestamp":286789595394305,"circlet_count":0,"master_deck":["Strike_B","Strike_B","Defend_B","Defend_B","Defend_B","Zap+1","Dualcast+1","AscendersBane","Coolheaded","Skim","Ball Lightning","Cold Snap","Sunder+1","Melter","Leap","White Noise+1","Beam Cell+1","Electrodynamics","Turbo","BootSequence","Stack+1","Doubt"],"relics":["Cracked Core","Golden Idol","StoneCalendar","The Courier","Dream Catcher","Cursed Key","Mummified Hand","Red Mask","Oddly Smooth Stone","Singing Bowl","Smiling Mask"],"potions_floor_usage":[7,12,14,16,18,20,21,25],"damage_taken":[{"damage":10,"enemies":"Jaw Worm","floor":1,"turns":4},{"damage":3,"enemies":"2 Louse","floor":3,"turns":2},{"damage":0,"enemies":"Cultist","floor":5,"turns":3},{"damage":18,"enemies":"Lagavulin","floor":7,"turns":6},{"damage":0,"enemies":"Gremlin Gang","floor":12,"turns":2},{"damage":0,"enemies":"Exordium Wildlife","floor":13,"turns":3},{"damage":18,"enemies":"3 Sentries","floor":14,"turns":4},{"damage":12,"enemies":"Slime Boss","floor":16,"turns":7},{"damage":9,"enemies":"3 Byrds","floor":18,"turns":5},{"damage":5,"enemies":"Masked Bandits","floor":20,"turns":3},{"damage":10,"enemies":"Shell Parasite","floor":21,"turns":3},{"damage":22,"enemies":"Shelled Parasite and Fungi","floor":22,"turns":4},{"damage":18,"enemies":"Gremlin Leader","floor":25,"turns":4},{"damage":1,"enemies":"3 Cultists","floor":28,"turns":5},{"damage":23,"enemies":"Snecko","floor":29,"turns":5},{"damage":59,"enemies":"Automaton","floor":33,"turns":6}],"seed_played":"-6506438006454934594","potions_obtained":[{"floor":1,"key":"EssenceOfSteel"},{"floor":5,"key":"Explosive Potion"},{"floor":7,"key":"LiquidBronze"},{"floor":13,"key":"Explosive Potion"},{"floor":14,"key":"EssenceOfSteel"},{"floor":18,"key":"AttackPotion"},{"floor":20,"key":"PowerPotion"}],"is_trial":false,"path_per_floor":["M","?","M","$","M","R","E","R","T","$","R","M","M","E","R","B",null,"M","?","?","M","M","R","$","E","T","R","M","M","R","?","R"],"character_chosen":"DEFECT","items_purchased":["Oddly Smooth Stone","PowerPotion"],"campfire_rested":3,"item_purchase_floors":[24,24],"current_hp_per_floor":[54,54,51,51,51,51,33,33,33,33,33,33,33,15,15,3,49,40,40,35,25,3,22,22,6,6,27,28,7,30,45,45,0],"gold":119,"neow_bonus":"TRANSFORM_TWO_CARDS","is_prod":false,"is_daily":false,"chose_seed":false,"campfire_upgraded":5,"win_rate":0,"timestamp":1538455149,"path_taken":["M","?","M","$","M","R","E","R","T","$","R","?","M","E","R","BOSS","M","?","?","M","M","R","$","E","T","R","M","M","R","?","R","BOSS"],"build_version":"2018-09-27","purchased_purges":1,"victory":false,"max_hp_per_floor":[71,64,64,64,64,64,64,64,64,64,64,64,64,64,64,64,64,64,64,64,64,64,64,64,66,66,68,70,72,74,74,74,74],"card_choices":[{"not_picked":["Blizzard","Recycle"],"picked":"Ball Lightning","floor":1},{"not_picked":["Redo","Gash"],"picked":"Cold Snap","floor":3},{"not_picked":["Conserve Battery","Force Field"],"picked":"Sunder","floor":5},{"not_picked":["Fission","Reinforced Body"],"picked":"Melter","floor":7},{"not_picked":["Beam Cell","Stack"],"picked":"Leap","floor":12},{"not_picked":["Skim","Chaos"],"picked":"White Noise","floor":13},{"not_picked":["White Noise","Multi-Cast"],"picked":"Beam Cell","floor":14},{"not_picked":["Meteor Strike","Echo Form"],"picked":"Electrodynamics","floor":16},{"not_picked":["Ball Lightning","Aggregate"],"picked":"Turbo","floor":18},{"not_picked":["Streamline+1","Beam Cell"],"picked":"BootSequence","floor":20},{"not_picked":["Rebound","Compile Driver"],"picked":"Stack+1","floor":21},{"not_picked":["Cold Snap","Turbo","Capacitor"],"picked":"SKIP","floor":22},{"not_picked":["Conserve Battery","Sunder","Turbo"],"picked":"Singing Bowl","floor":25},{"not_picked":["Coolheaded","Darkness","Barrage+1"],"picked":"Singing Bowl","floor":27},{"not_picked":["Amplify","Ball Lightning","Rebound"],"picked":"Singing Bowl","floor":28},{"not_picked":["Rebound+1","Darkness","Rip and Tear"],"picked":"Singing Bowl","floor":29},{"not_picked":["Sweeping Beam","Leap","Barrage"],"picked":"Singing Bowl","floor":30}],"player_experience":793986,"relics_obtained":[{"floor":7,"key":"StoneCalendar"},{"floor":9,"key":"The Courier"},{"floor":14,"key":"Dream Catcher"},{"floor":20,"key":"Red Mask"},{"floor":25,"key":"Singing Bowl"},{"floor":26,"key":"Smiling Mask"}],"event_choices":[{"event_name":"Golden Idol","player_choice":"Lose Max HP","floor":2,"damage_taken":0},{"event_name":"Addict","player_choice":"Obtained Relic","floor":19,"damage_taken":0},{"event_name":"Masked Bandits","player_choice":"Fought Bandits","floor":20,"damage_taken":0},{"event_name":"The Library","player_choice":"Heal","floor":31,"damage_taken":0}],"is_beta":false,"boss_relics":[{"not_picked":["Busted Crown","Ectoplasm"],"picked":"Cursed Key"}],"items_purged_floors":[10],"is_endless":false,"potions_floor_spawned":[1,5,7,13,14,18,20],"killed_by":"Automaton","ascension_level":17}