{"gold_per_floor":[114,114,114,22,41,60,60,79,79,98,117,117,136,155,155,155],"floor_reached":16,"playtime":1061,"items_purged":[],"score":121,"play_id":"374e1f7f-94f6-4f9a-ba09-9413e36ec10c","local_time":"20180724232206","daily_mods":["Allstar","Time Dilation","Lethality"],"is_ascension_mode":false,"campfire_choices":[{"floor":15.0,"key":"REST"}],"neow_cost":"","seed_source_timestamp":0,"circlet_count":0,"master_deck":["Strike_B","Strike_B","Strike_B","Strike_B","Defend_B","Defend_B","Defend_B","Defend_B","Zap","Dualcast","Dramatic Entrance","Sadistic Nature","Mind Blast","Mind Blast","Panacea","Loop","Deep Breath","Melter","Ball Lightning","Parasite"],"special_seed":17737,"relics":["Cracked Core","Golden Idol","Singing Bowl","Bottled Flame"],"potions_floor_usage":[16],"damage_taken":[{"damage":8.0,"enemies":"Small Slimes","floor":1.0,"turns":2.0},{"damage":9.0,"enemies":"Jaw Worm","floor":5.0,"turns":2.0},{"damage":4.0,"enemies":"2 Louse","floor":6.0,"turns":2.0},{"damage":13.0,"enemies":"Looter","floor":8.0,"turns":2.0},{"damage":0.0,"enemies":"3 Louse","floor":10.0,"turns":1.0},{"damage":0.0,"enemies":"Large Slime","floor":11.0,"turns":3.0},{"damage":0.0,"enemies":"Lots of Slimes","floor":13.0,"turns":1.0},{"damage":16.0,"enemies":"Red Slaver","floor":14.0,"turns":2.0},{"damage":58,"enemies":"Hexaghost","floor":16,"turns":4}],"seed_played":"4244373246101252923","potions_obtained":[{"floor":5.0,"key":"Explosive Potion"},{"floor":11.0,"key":"FocusPotion"},{"floor":13.0,"key":"SteroidPotion"}],"is_trial":false,"path_per_floor":["M","?","?","$","M","M","?","M","T","M","M","?","M","M","R"],"character_chosen":"DEFECT","items_purchased":["Deep Breath"],"campfire_rested":1,"item_purchase_floors":[4],"current_hp_per_floor":[67,49,54,54,45,41,29,18,18,20,22,43,45,31,58,0],"gold":155,"neow_bonus":"","is_prod":false,"is_daily":true,"chose_seed":false,"campfire_upgraded":0,"win_rate":0.0,"timestamp":1532488926,"path_taken":["M","?","?","?","M","M","?","M","T","M","M","?","?","M","R","BOSS"],"build_version":"2018-07-19v2","purchased_purges":0,"victory":false,"max_hp_per_floor":[75,75,80,80,80,80,80,82,82,84,86,86,88,90,90,90],"card_choices":[{"not_picked":["Skim","Turbo"],"picked":"Loop","floor":1.0},{"not_picked":["Go for the Eyes","Loop"],"picked":"Melter","floor":5.0},{"not_picked":["Coolheaded","Reinforced Body"],"picked":"Ball Lightning","floor":6.0},{"not_picked":["Beam Cell","Aggregate","Coolheaded"],"picked":"Singing Bowl","floor":8.0},{"not_picked":["Ball Lightning","Sweeping Beam","Coolheaded"],"picked":"Singing Bowl","floor":10.0},{"not_picked":["Chaos","Glacier","Beam Cell"],"picked":"Singing Bowl","floor":11.0},{"not_picked":["Stack","Gash","Steam Power"],"picked":"Singing Bowl","floor":13.0},{"not_picked":["Reinforced Body","Hologram","Buffer"],"picked":"Singing Bowl","floor":14.0}],"player_experience":166296,"relics_obtained":[{"floor":9.0,"key":"Bottled Flame"}],"event_choices":[{"event_name":"Golden Idol","player_choice":"Take Damage","floor":2.0,"damage_taken":0.0},{"event_name":"Big Fish","player_choice":"Donut","floor":3.0,"damage_taken":0.0},{"event_name":"Scrap Ooze","player_choice":"success","floor":7.0,"damage_taken":12.0},{"event_name":"Mushrooms","player_choice":"Healed and dodged fight","floor":12.0,"damage_taken":0.0}],"is_beta":false,"boss_relics":[],"items_purged_floors":[],"is_endless":false,"potions_floor_spawned":[5,11,13],"killed_by":"Hexaghost","ascension_level":0}