{"gold_per_floor":[109,9,24,37,56,89,17,17,17,44,62,62,80,80,80,178,478,494,404,414,179,190,190,220,220,220,220,220,238,337,386,386,491,491,503,514,177,196,210,242,242,269,269,269,0,10,30,60,60,60],"floor_reached":51,"playtime":4938,"items_purged":["Strike_B","Strike_B"],"score":945,"play_id":"fa0f4961-4ab2-47bc-a5e9-3e17bc927aaf","local_time":"20190130010645","is_ascension_mode":true,"campfire_choices":[{"floor":8.0,"key":"REST"},{"data":"Loop","floor":12.0,"key":"SMITH"},{"floor":15.0,"key":"REST"},{"floor":23.0,"key":"REST"},{"floor":25.0,"key":"REST"},{"data":"Storm","floor":27.0,"key":"SMITH"},{"floor":32.0,"key":"REST"},{"floor":41,"key":"REST"},{"data":"Heatsinks","floor":49,"key":"SMITH"}],"neow_cost":"NONE","seed_source_timestamp":0,"circlet_count":0,"master_deck":["Strike_B+1","Defend_B","Zap","Dualcast","Static Discharge","Conserve Battery","Storm+1","Hello World","BootSequence+1","Loop+1","Tempest","Conserve Battery","Melter+1","Electrodynamics","Static Discharge","Capacitor","White Noise","Heatsinks+1","Echo Form","Fusion+1","BootSequence+1","Echo Form+1","Panache","Defragment","Storm+1","Self Repair+1","Electrodynamics"],"special_seed":0,"relics":["Cracked Core","Happy Flower","Omamori","Strawberry","Matryoshka","Boot","Calling Bell","Bronze Scales","Blue Candle","Old Coin","Tiny Chest","PreservedInsect","Bag of Marbles","Peace Pipe","Mummified Hand","Centennial Puzzle","Art of War","Astrolabe","Whetstone","DataDisk","Singing Bowl","Red Mask","StoneCalendar"],"potions_floor_usage":[48,50],"damage_taken":[{"damage":1.0,"enemies":"Cultist","floor":1.0,"turns":3.0},{"damage":17.0,"enemies":"Small Slimes","floor":3.0,"turns":3.0},{"damage":15.0,"enemies":"2 Louse","floor":4.0,"turns":3.0},{"damage":0.0,"enemies":"Gremlin Gang","floor":5.0,"turns":2.0},{"damage":15.0,"enemies":"3 Sentries","floor":6.0,"turns":5.0},{"damage":13.0,"enemies":"Lagavulin","floor":10.0,"turns":6.0},{"damage":6.0,"enemies":"Exordium Wildlife","floor":11.0,"turns":4.0},{"damage":4.0,"enemies":"Red Slaver","floor":13.0,"turns":3.0},{"damage":23.0,"enemies":"Hexaghost","floor":16.0,"turns":6.0},{"damage":0.0,"enemies":"Spheric Guardian","floor":18.0,"turns":1.0},{"damage":42.0,"enemies":"2 Thieves","floor":20.0,"turns":4.0},{"damage":11.0,"enemies":"Snecko","floor":22.0,"turns":4.0},{"damage":36.0,"enemies":"Slavers","floor":24.0,"turns":4.0},{"damage":0.0,"enemies":"Cultist and Chosen","floor":29.0,"turns":3.0},{"damage":64.0,"enemies":"Champ","floor":33.0,"turns":9.0},{"damage":15,"enemies":"3 Shapes","floor":35,"turns":3},{"damage":14,"enemies":"Orb Walker","floor":36,"turns":3},{"damage":13,"enemies":"Writhing Mass","floor":38,"turns":3},{"damage":4,"enemies":"Sphere and 2 Shapes","floor":39,"turns":3},{"damage":0,"enemies":"Reptomancer","floor":40,"turns":1},{"damage":6,"enemies":"Giant Head","floor":42,"turns":4},{"damage":0,"enemies":"4 Shapes","floor":46,"turns":2},{"damage":0,"enemies":"3 Darklings","floor":47,"turns":2},{"damage":0,"enemies":"Reptomancer","floor":48,"turns":2},{"damage":4,"enemies":"Donu and Deca","floor":50,"turns":2}],"seed_played":"7528236150726860658","potions_obtained":[{"floor":1.0,"key":"FocusPotion"},{"floor":6.0,"key":"FocusPotion"},{"floor":10.0,"key":"LiquidBronze"},{"floor":18.0,"key":"Swift Potion"},{"floor":22.0,"key":"Weak Potion"},{"floor":33.0,"key":"Swift Potion"},{"floor":36,"key":"Swift Potion"},{"floor":42,"key":"Dexterity Potion"},{"floor":46,"key":"Swift Potion"}],"is_trial":false,"path_per_floor":["M","$","M","M","M","E","$","R","T","E","M","R","M","?","R","B",null,"M","?","M","$","M","R","E","R","T","R","T","M","?","T","R","B",null,"M","M","$","M","M","E","R","E","T","?","?","M","M","E","R","B",null],"character_chosen":"DEFECT","items_purchased":["Conserve Battery","Explosive Potion","Loop","Tiny Chest","Static Discharge","Panache","Defragment"],"campfire_rested":6,"item_purchase_floors":[2,2,7,21,21,37,37],"current_hp_per_floor":[74,74,57,42,42,27,27,49,56,43,37,37,33,21,45,22,82,82,82,40,40,29,53,17,41,41,41,41,41,41,41,65,1,82,67,53,53,40,36,36,60,54,54,54,54,56,56,66,66,72],"gold":60,"neow_bonus":"RANDOM_COMMON_RELIC","is_prod":false,"is_daily":false,"chose_seed":false,"campfire_upgraded":3,"win_rate":0,"timestamp":1548828405,"path_taken":["M","$","M","M","?","E","$","R","T","E","M","R","M","?","R","BOSS","M","?","?","$","M","R","E","R","T","R","?","?","?","?","R","BOSS","M","M","$","M","M","E","R","E","T","?","?","M","M","E","R","BOSS"],"build_version":"2019-01-23","purchased_purges":2,"victory":true,"max_hp_per_floor":[75,75,75,75,75,75,75,75,82,82,82,82,82,82,82,82,82,82,82,82,82,82,82,82,82,82,82,82,82,82,82,82,82,82,82,82,82,82,82,82,82,82,82,82,82,84,84,84,84,84],"card_choices":[{"not_picked":["Beam Cell","Turbo"],"picked":"Static Discharge","floor":1.0},{"not_picked":["Rip and Tear","Gash"],"picked":"Storm","floor":3.0},{"not_picked":["Fission","Hologram"],"picked":"Hello World","floor":4.0},{"not_picked":["Rebound","Stack"],"picked":"BootSequence","floor":5.0},{"not_picked":["Aggregate","Barrage","Rebound"],"picked":"SKIP","floor":6.0},{"not_picked":["Beam Cell","Doom and Gloom"],"picked":"Tempest","floor":10.0},{"not_picked":["Barrage","Stack"],"picked":"Conserve Battery","floor":11.0},{"not_picked":["Doom and Gloom","Chill"],"picked":"Melter","floor":13.0},{"not_picked":["Machine Learning","Amplify"],"picked":"Electrodynamics","floor":16.0},{"not_picked":["Go for the Eyes","Sweeping Beam+1","Streamline+1"],"picked":"SKIP","floor":18.0},{"not_picked":["Redo","Compile Driver","Stack+1"],"picked":"SKIP","floor":20.0},{"not_picked":["Steam Power","Auto Shields"],"picked":"Capacitor","floor":22.0},{"not_picked":["Auto Shields","Leap"],"picked":"White Noise","floor":24.0},{"not_picked":["Redo+1","Coolheaded"],"picked":"Heatsinks","floor":29.0},{"not_picked":["Hyperbeam","Multi-Cast"],"picked":"Echo Form","floor":33.0},{"not_picked":["Turbo","Lockon+1","Rebound"],"picked":"SKIP","floor":35},{"not_picked":["Lockon","Stack","Doom and Gloom+1"],"picked":"SKIP","floor":36},{"not_picked":["Stack","Sunder"],"picked":"Storm+1","floor":38},{"not_picked":["Rebound","Ball Lightning+1","Turbo+1"],"picked":"SKIP","floor":39},{"not_picked":["Stack+1","Glacier+1","Streamline+1"],"picked":"SKIP","floor":40},{"not_picked":["Reinforced Body+1","Coolheaded+1","Turbo+1"],"picked":"SKIP","floor":42},{"not_picked":["Barrage","Go for the Eyes+1","Darkness"],"picked":"Singing Bowl","floor":46},{"not_picked":["Turbo+1","Beam Cell"],"picked":"Self Repair+1","floor":47},{"not_picked":["Doom and Gloom","Redo+1"],"picked":"Electrodynamics","floor":48}],"player_experience":329840,"relics_obtained":[{"floor":6.0,"key":"Omamori"},{"floor":9.0,"key":"Strawberry"},{"floor":10.0,"key":"Matryoshka"},{"floor":17.0,"key":"Bronze Scales"},{"floor":17.0,"key":"Blue Candle"},{"floor":17.0,"key":"Old Coin"},{"floor":24.0,"key":"PreservedInsect"},{"floor":26.0,"key":"Bag of Marbles"},{"floor":26.0,"key":"Peace Pipe"},{"floor":28.0,"key":"Mummified Hand"},{"floor":28.0,"key":"Centennial Puzzle"},{"floor":31.0,"key":"Art of War"},{"floor":40,"key":"Whetstone"},{"floor":42,"key":"DataDisk"},{"floor":43,"key":"Singing Bowl"},{"floor":48,"key":"StoneCalendar"}],"event_choices":[{"damage_healed":0.0,"max_hp_gain":0.0,"max_hp_loss":0.0,"gold_gain":0.0,"event_name":"Scrap Ooze","player_choice":"Success","floor":14.0,"gold_loss":0.0,"damage_taken":12.0,"relics_obtained":["Boot"]},{"cards_removed":["Pain"],"damage_healed":0.0,"max_hp_gain":0.0,"max_hp_loss":0.0,"gold_gain":0.0,"event_name":"Designer","player_choice":"Upgrade and Remove","floor":19.0,"gold_loss":90.0,"damage_taken":0.0,"cards_upgraded":["BootSequence"]},{"damage_healed":0.0,"max_hp_gain":0.0,"max_hp_loss":0.0,"gold_gain":99.0,"event_name":"Nest","player_choice":"Stole From Cult","floor":30.0,"gold_loss":0.0,"damage_taken":0.0},{"cards_removed":["Defend_B"],"damage_healed":0,"gold_gain":0,"player_choice":"Removed Skill","damage_taken":0,"max_hp_gain":0,"max_hp_loss":0,"event_name":"Falling","floor":44,"gold_loss":0},{"damage_healed":0,"gold_gain":0,"player_choice":"Paid","damage_taken":0,"relics_obtained":["Red Mask"],"max_hp_gain":0,"max_hp_loss":0,"event_name":"Tomb of Lord Red Mask","floor":45,"gold_loss":269}],"is_beta":false,"boss_relics":[{"not_picked":["Inserter","Tiny House"],"picked":"Calling Bell"},{"not_picked":["Black Star","Cursed Key"],"picked":"Astrolabe"}],"items_purged_floors":[21,37],"is_endless":false,"potions_floor_spawned":[1,6,10,18,22,33,36,42,46,47],"ascension_level":4}