{"gold_per_floor":[112,112,22,22,33,33,33,33,59,59,84,7,7,7],"floor_reached":14,"playtime":845,"items_purged":[],"score":155,"play_id":"af3e226b-8897-4d2a-8ab5-a3f8e244a1fc","local_time":"20180917195049","is_ascension_mode":true,"campfire_choices":[{"data":"Zap","floor":6.0,"key":"SMITH"},{"data":"Dualcast","floor":8.0,"key":"SMITH"},{"data":"Storm","floor":10.0,"key":"SMITH"},{"floor":13.0,"key":"REST"}],"neow_cost":"CURSE","seed_source_timestamp":0,"circlet_count":0,"master_deck":["Strike_B","Strike_B","Defend_B+1","Defend_B+1","Defend_B","Defend_B","Zap+1","Dualcast+1","AscendersBane","Heatsinks","Compile Driver","Conserve Battery","Storm+1","Regret","Leap"],"special_seed":0,"relics":["Cracked Core","Juzu Bracelet","Centennial Puzzle","Bird Faced Urn","Oddly Smooth Stone"],"potions_floor_usage":[14],"damage_taken":[{"damage":4.0,"enemies":"2 Louse","floor":1.0,"turns":4.0},{"damage":13.0,"enemies":"Jaw Worm","floor":5.0,"turns":4.0},{"damage":17.0,"enemies":"Lagavulin","floor":11.0,"turns":8.0},{"damage":30,"enemies":"3 Sentries","floor":14,"turns":5}],"seed_played":"-5570754373852114764","potions_obtained":[{"floor":5.0,"key":"FocusPotion"},{"floor":11.0,"key":"Energy Potion"}],"is_trial":false,"path_per_floor":["M","?","$","?","M","R","?","R","T","R","E","?","R"],"character_chosen":"DEFECT","items_purchased":["Storm"],"campfire_rested":1,"item_purchase_floors":[3],"current_hp_per_floor":[60,60,60,60,47,47,26,26,26,26,9,9,30,4],"gold":7,"neow_bonus":"TRANSFORM_TWO_CARDS","is_prod":false,"is_daily":false,"chose_seed":false,"campfire_upgraded":3,"win_rate":0,"timestamp":1537206649,"path_taken":["M","?","$","?","M","R","?","R","T","R","E","?","R","E"],"build_version":"2018-09-06","purchased_purges":0,"victory":false,"max_hp_per_floor":[71,71,71,71,71,71,71,71,71,71,71,71,71,71],"card_choices":[{"not_picked":["Recycle","Sweeping Beam"],"picked":"Conserve Battery","floor":1.0},{"not_picked":["Static Discharge","Conserve Battery","Stack"],"picked":"SKIP","floor":5.0},{"not_picked":["Thunder Strike","Darkness"],"picked":"Leap","floor":11.0}],"player_experience":744132,"relics_obtained":[{"floor":9.0,"key":"Centennial Puzzle"},{"floor":11.0,"key":"Bird Faced Urn"}],"event_choices":[{"event_name":"Living Wall","player_choice":"Forget","floor":2.0,"damage_taken":0.0},{"event_name":"Big Fish","player_choice":"Box","floor":4.0,"damage_taken":0.0},{"event_name":"Shining Light","player_choice":"Entered Light","floor":7.0,"damage_taken":0.0},{"event_name":"WeMeetAgain","player_choice":"Gold","floor":12.0,"damage_taken":0.0}],"is_beta":false,"boss_relics":[],"items_purged_floors":[],"is_endless":false,"potions_floor_spawned":[5,11],"killed_by":"3 Sentries","ascension_level":17}