{"gold_per_floor":[118,118,118,139,163,163,186,221,221,221,254,254,254,268,268,398,398,422,422,521,521,540,540,556,556,556,587,587],"floor_reached":28,"playtime":1833,"items_purged":[],"score":369,"play_id":"3f353df3-6817-4138-b200-92af3431d506","local_time":"20190305180402","is_ascension_mode":true,"campfire_choices":[{"floor":6.0,"key":"REST"},{"floor":10.0,"key":"REST"},{"floor":13.0,"key":"REST"},{"data":"Zap","floor":15.0,"key":"SMITH"},{"floor":23.0,"key":"REST"},{"floor":25.0,"key":"REST"}],"neow_cost":"NONE","seed_source_timestamp":1629027532293675,"circlet_count":0,"master_deck":["AscendersBane","Strike_B","Strike_B","Strike_B","Strike_B","Defend_B","Defend_B","Defend_B","Defend_B","Zap+1","Dualcast","Biased Cognition","Beam Cell","Ball Lightning","Go for the Eyes","Sunder","Leap","Darkness","Leap","Biased Cognition","Auto Shields","Necronomicurse","Seek","Loop","Steam Power+1","Rebound"],"special_seed":0,"relics":["Cracked Core","Golden Idol","Bag of Marbles","Darkstone Periapt","Prayer Wheel","Centennial Puzzle","Sozu","Necronomicon","Gremlin Horn","Unceasing Top"],"potions_floor_usage":[],"damage_taken":[{"damage":15.0,"enemies":"2 Louse","floor":1.0,"turns":3.0},{"damage":0.0,"enemies":"Small Slimes","floor":4.0,"turns":3.0},{"damage":12.0,"enemies":"Jaw Worm","floor":5.0,"turns":2.0},{"damage":20.0,"enemies":"Lots of Slimes","floor":7.0,"turns":3.0},{"damage":25.0,"enemies":"Lagavulin","floor":8.0,"turns":5.0},{"damage":23.0,"enemies":"3 Sentries","floor":11.0,"turns":6.0},{"damage":4.0,"enemies":"2 Fungi Beasts","floor":14.0,"turns":2.0},{"damage":20.0,"enemies":"The Guardian","floor":16.0,"turns":10.0},{"damage":26.0,"enemies":"3 Byrds","floor":18.0,"turns":5.0},{"damage":23.0,"enemies":"2 Thieves","floor":22.0,"turns":4.0},{"damage":31.0,"enemies":"Shelled Parasite and Fungi","floor":24.0,"turns":5.0},{"damage":34.0,"enemies":"Book of Stabbing","floor":27.0,"turns":4.0},{"damage":13,"enemies":"Snecko","floor":28,"turns":2}],"seed_played":"-2196503142405957638","potions_obtained":[{"floor":1.0,"key":"Regen Potion"},{"floor":4.0,"key":"GamblersBrew"},{"floor":8.0,"key":"FairyPotion"}],"is_trial":false,"path_per_floor":["M","?","?","M","M","R","M","E","T","R","E","?","R","M","R","B",null,"M","?","?","?","M","R","M","R","T","E","M"],"character_chosen":"DEFECT","items_purchased":[],"campfire_rested":5,"item_purchase_floors":[],"current_hp_per_floor":[53,53,46,46,34,56,36,25,25,47,24,30,54,50,50,30,68,42,32,32,32,9,35,4,30,30,8,0],"gold":587,"neow_bonus":"ONE_RANDOM_RARE_CARD","is_prod":false,"is_daily":false,"chose_seed":false,"campfire_upgraded":1,"win_rate":0,"timestamp":1551827042,"path_taken":["M","?","?","M","M","R","M","E","T","R","E","?","R","M","R","BOSS","M","?","?","?","M","R","M","R","T","E","?"],"build_version":"2019-01-23","purchased_purges":0,"victory":false,"max_hp_per_floor":[75,75,75,75,75,75,75,75,75,75,75,81,81,81,81,81,81,81,87,87,87,87,87,87,87,87,87,87],"card_choices":[{"not_picked":["Skim","Gash"],"picked":"Beam Cell","floor":1.0},{"not_picked":["Fusion","Coolheaded"],"picked":"Ball Lightning","floor":4.0},{"not_picked":["Hologram","Cold Snap"],"picked":"Go for the Eyes","floor":5.0},{"not_picked":["Steam","Seek"],"picked":"Sunder","floor":7.0},{"not_picked":["Beam Cell","Fusion"],"picked":"Leap","floor":8.0},{"not_picked":["Stack","Sunder","Sweeping Beam"],"picked":"SKIP","floor":11.0},{"not_picked":["Blizzard","Hologram"],"picked":"Darkness","floor":14.0},{"not_picked":["Sweeping Beam","Turbo"],"picked":"Leap","floor":14.0},{"not_picked":["Seek","Meteor Strike"],"picked":"Biased Cognition","floor":16.0},{"not_picked":["Gash+1","Steam"],"picked":"Auto Shields","floor":18.0},{"not_picked":["Stack","Streamline","Leap"],"picked":"SKIP","floor":18.0},{"not_picked":["Scrape","Redo+1"],"picked":"Seek","floor":22.0},{"not_picked":["Gash+1","Stack","Conserve Battery"],"picked":"SKIP","floor":22.0},{"not_picked":["Sweeping Beam","Reprogram"],"picked":"Loop","floor":24.0},{"not_picked":["Go for the Eyes","Beam Cell"],"picked":"Steam Power+1","floor":24.0},{"not_picked":["Lockon+1","Steam"],"picked":"Rebound","floor":27.0}],"player_experience":610731,"relics_obtained":[{"floor":8.0,"key":"Bag of Marbles"},{"floor":9.0,"key":"Darkstone Periapt"},{"floor":11.0,"key":"Prayer Wheel"},{"floor":19.0,"key":"Necronomicon"},{"floor":26.0,"key":"Gremlin Horn"},{"floor":27.0,"key":"Unceasing Top"}],"event_choices":[{"damage_healed":0.0,"max_hp_gain":0.0,"max_hp_loss":0.0,"gold_gain":0.0,"event_name":"Golden Idol","player_choice":"Take Wound","floor":2.0,"gold_loss":0.0,"damage_taken":0.0,"relics_obtained":["Golden Idol"],"cards_obtained":["Injury"]},{"cards_removed":["Injury"],"damage_healed":0.0,"max_hp_gain":0.0,"max_hp_loss":0.0,"gold_gain":0.0,"event_name":"Golden Wing","player_choice":"Card Removal","floor":3.0,"gold_loss":0.0,"damage_taken":7.0},{"damage_healed":0.0,"max_hp_gain":0.0,"max_hp_loss":0.0,"gold_gain":0.0,"event_name":"Big Fish","player_choice":"Box","floor":12.0,"gold_loss":0.0,"damage_taken":0.0,"relics_obtained":["Centennial Puzzle"],"cards_obtained":["Regret"]},{"damage_healed":0.0,"max_hp_gain":0.0,"max_hp_loss":0.0,"gold_gain":0.0,"event_name":"Cursed Tome","player_choice":"Obtained Book","floor":19.0,"gold_loss":0.0,"damage_taken":16.0},{"damage_healed":0.0,"max_hp_gain":0.0,"max_hp_loss":0.0,"gold_gain":99.0,"event_name":"Nest","player_choice":"Stole From Cult","floor":20.0,"gold_loss":0.0,"damage_taken":0.0},{"cards_removed":["Regret"],"damage_healed":0.0,"max_hp_gain":0.0,"max_hp_loss":0.0,"gold_gain":0.0,"event_name":"Back to Basics","player_choice":"Elegance","floor":21.0,"gold_loss":0.0,"damage_taken":0.0}],"is_beta":false,"boss_relics":[{"not_picked":["FrozenCore","Philosopher\u0027s Stone"],"picked":"Sozu"}],"items_purged_floors":[],"is_endless":false,"potions_floor_spawned":[1,4,8,24],"killed_by":"Snecko","ascension_level":10}