{"gold_per_floor":[110,110,126,126,145,145,161,161,161,1,1,1,76,90,90,90],"floor_reached":16,"playtime":739,"items_purged":[],"score":104,"play_id":"560777ba-53eb-47b3-b55d-d813df37c1c4","local_time":"20180802202729","is_ascension_mode":true,"campfire_choices":[{"data":"Pommel Strike","floor":6,"key":"SMITH"},{"data":"Strike_R","floor":8,"key":"SMITH"},{"floor":15,"key":"REST"}],"neow_cost":"NONE","seed_source_timestamp":151233350660634,"circlet_count":0,"master_deck":["Strike_R","Strike_R","Strike_R+1","Strike_R","Defend_R","Defend_R","Defend_R","Defend_R","Bash+1","Pommel Strike+1","Immolate"],"relics":["Burning Blood","Toxic Egg 2","Golden Idol"],"potions_floor_usage":[16],"damage_taken":[{"damage":8,"enemies":"Jaw Worm","floor":1,"turns":4},{"damage":0,"enemies":"Small Slimes","floor":3,"turns":3},{"damage":1,"enemies":"Cultist","floor":5,"turns":3},{"damage":10,"enemies":"Exordium Wildlife","floor":7,"turns":4},{"damage":9,"enemies":"2 Fungi Beasts","floor":14,"turns":2},{"damage":82,"enemies":"Hexaghost","floor":16,"turns":9}],"seed_played":"2665317669664441284","potions_obtained":[{"floor":7,"key":"Regen Potion"}],"is_trial":false,"path_per_floor":["M","?","M","?","M","R","M","R","T","$","?","$","?","M","R"],"character_chosen":"IRONCLAD","items_purchased":["Immolate"],"campfire_rested":1,"item_purchase_floors":[10],"current_hp_per_floor":[78,78,80,73,78,78,74,74,74,74,54,54,46,43,67,0],"gold":90,"neow_bonus":"UPGRADE_CARD","is_prod":false,"is_daily":false,"chose_seed":false,"campfire_upgraded":2,"win_rate":0,"timestamp":1533256049,"path_taken":["M","?","M","?","M","R","M","R","T","$","?","?","?","?","R","BOSS"],"build_version":"2018-07-26","purchased_purges":0,"victory":false,"max_hp_per_floor":[80,80,80,80,80,80,80,80,80,80,80,80,80,80,80,80],"card_choices":[{"not_picked":["Headbutt","Flex"],"picked":"Pommel Strike","floor":1},{"not_picked":["Anger","Headbutt","Bloodletting"],"picked":"SKIP","floor":3},{"not_picked":["Headbutt","True Grit","Blood for Blood"],"picked":"SKIP","floor":5},{"not_picked":["Pummel","Havoc","Brutality"],"picked":"SKIP","floor":7},{"not_picked":["Sword Boomerang","Wild Strike","Thunderclap"],"picked":"SKIP","floor":14}],"player_experience":139272,"relics_obtained":[{"floor":9,"key":"Toxic Egg 2"}],"event_choices":[{"event_name":"Liars Game","player_choice":"disagreed","floor":2,"damage_taken":0},{"event_name":"Golden Wing","player_choice":"Card Removal","floor":4,"damage_taken":0},{"event_name":"Golden Idol","player_choice":"Take Damage","floor":11,"damage_taken":0},{"event_name":"FaceTrader","player_choice":"Touch","floor":13,"damage_taken":0}],"is_beta":false,"boss_relics":[],"items_purged_floors":[],"is_endless":false,"potions_floor_spawned":[7],"killed_by":"Hexaghost","ascension_level":3}