{"gold_per_floor":[114,127,202,129,147,147,162,191,217,217,248,248,45,65,65,142,142,160,178,178,178,198,198,198],"floor_reached":24,"playtime":710,"items_purged":["Defend_B"],"score":462,"play_id":"55e5ca1d-ad61-4dca-a427-b12e841d8913","local_time":"20190128135625","is_ascension_mode":true,"campfire_choices":[{"data":"Rip and Tear","floor":6.0,"key":"SMITH"},{"data":"Zap","floor":10,"key":"SMITH"},{"data":"Dualcast","floor":12,"key":"SMITH"},{"data":"Loop","floor":15,"key":"SMITH"},{"floor":23,"key":"REST"}],"neow_cost":"NONE","seed_source_timestamp":1622775903022068,"circlet_count":0,"master_deck":["AscendersBane","Strike_B","Strike_B","Strike_B","Strike_B","Defend_B","Defend_B","Defend_B","Zap+1","Dualcast+1","Rip and Tear+1","Self Repair","Chill","Seek","Loop+1","Ball Lightning","Buffer","Compile Driver","Loop+1","Sunder+1"],"special_seed":0,"relics":["Cracked Core","NeowsBlessing","Orichalcum","Lantern","Boot","Mango","Cursed Key"],"potions_floor_usage":[7,8,11,16,16],"damage_taken":[{"damage":0.0,"enemies":"Cultist","floor":1.0,"turns":1.0},{"damage":0.0,"enemies":"Small Slimes","floor":2.0,"turns":1.0},{"damage":0.0,"enemies":"2 Louse","floor":5.0,"turns":1.0},{"damage":22,"enemies":"Gremlin Gang","floor":7,"turns":4},{"damage":25,"enemies":"Gremlin Nob","floor":8,"turns":4},{"damage":0,"enemies":"3 Sentries","floor":11,"turns":8},{"damage":3,"enemies":"Red Slaver","floor":14,"turns":3},{"damage":24,"enemies":"Hexaghost","floor":16,"turns":6},{"damage":14,"enemies":"Chosen","floor":18,"turns":4},{"damage":21,"enemies":"Shell Parasite","floor":19,"turns":5},{"damage":36,"enemies":"3 Cultists","floor":22,"turns":6},{"damage":51,"enemies":"Book of Stabbing","floor":24,"turns":4}],"seed_played":"-137935745262718042","potions_obtained":[{"floor":5.0,"key":"Strength Potion"},{"floor":7,"key":"Block Potion"},{"floor":8,"key":"Dexterity Potion"},{"floor":14,"key":"FocusPotion"},{"floor":22,"key":"Dexterity Potion"}],"is_trial":false,"path_per_floor":["M","M","?","?","M","R","M","E","T","R","E","R","$","M","R","B",null,"M","M","?","?","M","R","E"],"character_chosen":"DEFECT","items_purchased":["Loop","PowerPotion"],"campfire_rested":1,"item_purchase_floors":[13,13],"current_hp_per_floor":[64,64,53,53,60,60,45,27,27,27,48,48,48,52,52,35,73,66,52,52,52,23,48,0],"gold":198,"neow_bonus":"THREE_ENEMY_KILL","is_prod":false,"is_daily":false,"chose_seed":false,"campfire_upgraded":4,"win_rate":0,"timestamp":1548680185,"path_taken":["M","?","?","?","?","R","?","E","T","R","E","R","?","M","R","BOSS","M","M","?","?","?","R","E"],"build_version":"2019-01-23","purchased_purges":1,"victory":false,"max_hp_per_floor":[71,71,71,71,71,71,71,71,71,71,85,85,85,85,85,85,85,85,85,85,85,85,85,85],"card_choices":[{"not_picked":["Rebound","Hologram"],"picked":"Rip and Tear","floor":1.0},{"not_picked":["Double Energy","Leap"],"picked":"Self Repair","floor":2.0},{"not_picked":["Turbo","Steam Power","Conserve Battery"],"picked":"SKIP","floor":5.0},{"not_picked":["Steam","Conserve Battery"],"picked":"Chill","floor":7},{"not_picked":["Darkness","Scrape"],"picked":"Seek","floor":8},{"not_picked":["Stack","Conserve Battery","Barrage"],"picked":"SKIP","floor":11},{"not_picked":["Tempest","Skim"],"picked":"Ball Lightning","floor":14},{"not_picked":["Meteor Strike","Seek"],"picked":"Buffer","floor":16},{"not_picked":["Sweeping Beam","Aggregate","Rebound"],"picked":"SKIP","floor":18},{"not_picked":["Consume","Doom and Gloom"],"picked":"Compile Driver","floor":19},{"not_picked":["Chaos","White Noise"],"picked":"Sunder+1","floor":22}],"player_experience":962473,"relics_obtained":[{"floor":8,"key":"Lantern"},{"floor":9,"key":"Boot"},{"floor":11,"key":"Mango"}],"event_choices":[{"damage_healed":0.0,"max_hp_gain":0.0,"max_hp_loss":0.0,"gold_gain":75.0,"event_name":"World of Goop","player_choice":"Gather Gold","floor":3.0,"gold_loss":0.0,"damage_taken":11.0},{"damage_healed":0.0,"max_hp_gain":0.0,"max_hp_loss":0.0,"gold_gain":0.0,"event_name":"WeMeetAgain","player_choice":"Paid Gold","floor":4.0,"gold_loss":73.0,"damage_taken":0.0,"relics_obtained":["Orichalcum"]},{"damage_healed":0,"gold_gain":0,"player_choice":"Ignored","damage_taken":0,"max_hp_gain":0,"max_hp_loss":0,"event_name":"Ghosts","floor":20,"gold_loss":0},{"damage_healed":0,"gold_gain":0,"player_choice":"Copied","damage_taken":0,"max_hp_gain":0,"max_hp_loss":0,"event_name":"Duplicator","floor":21,"gold_loss":0,"cards_obtained":["Loop"]}],"is_beta":false,"boss_relics":[{"not_picked":["Runic Dome","Pandora\u0027s Box"],"picked":"Cursed Key"}],"items_purged_floors":[13],"is_endless":false,"potions_floor_spawned":[5,7,8,14,22],"killed_by":"Book of Stabbing","ascension_level":20}