{"gold_per_floor":[117,117,117,136,136,136,167,185,211,16,16,32,32,52,52,124,124,144,64],"floor_reached":19,"playtime":396,"items_purged":["Strike_B"],"score":334,"play_id":"b06db5de-1962-4e57-98fc-b3cb2909cb82","local_time":"20190203012836","is_ascension_mode":true,"campfire_choices":[{"data":"Loop","floor":6,"key":"SMITH"},{"floor":11,"key":"REST"},{"data":"Chaos","floor":13,"key":"SMITH"},{"data":"Defragment","floor":15,"key":"SMITH"}],"neow_cost":"NONE","seed_source_timestamp":2096665284667136,"circlet_count":0,"master_deck":["AscendersBane","Zap+1","Dualcast","Loop+1","Steam","Cold Snap","Chaos+1","Double Energy","Melter","Defragment+1","Amplify","Thunder Strike","Capacitor","Go for the Eyes","Aggregate","Meteor Strike","Tempest","Go for the Eyes"],"relics":["Cracked Core","Omamori","CultistMask","Bronze Scales","MawBank","Pandora\u0027s Box"],"potions_floor_usage":[7,12,14],"damage_taken":[{"damage":1,"enemies":"Cultist","floor":1,"turns":3},{"damage":3,"enemies":"2 Louse","floor":4,"turns":2},{"damage":48,"enemies":"Gremlin Nob","floor":7,"turns":5},{"damage":1,"enemies":"Jaw Worm","floor":8,"turns":2},{"damage":6,"enemies":"Large Slime","floor":12,"turns":4},{"damage":0,"enemies":"Looter","floor":14,"turns":1},{"damage":6,"enemies":"Hexaghost","floor":16,"turns":6},{"damage":24,"enemies":"Shell Parasite","floor":18,"turns":3},{"damage":30,"enemies":"2 Thieves","floor":19,"turns":2}],"seed_played":"-3472451962011436390","potions_obtained":[{"floor":4,"key":"Weak Potion"},{"floor":12,"key":"AttackPotion"}],"is_trial":false,"path_per_floor":["M","?","?","M","?","R","E","M","T","$","R","M","R","M","R","B",null,"M","M"],"character_chosen":"DEFECT","items_purchased":["Double Energy","Fire Potion"],"campfire_rested":1,"item_purchase_floors":[10,10],"current_hp_per_floor":[70,59,59,56,56,56,8,7,7,7,30,24,24,24,24,18,63,39,9],"gold":64,"neow_bonus":"TEN_PERCENT_HP_BONUS","is_prod":false,"is_daily":false,"chose_seed":false,"campfire_upgraded":3,"win_rate":0,"timestamp":1549153716,"path_taken":["M","?","?","M","?","R","E","M","T","$","R","M","R","?","R","BOSS","M","M"],"build_version":"2019-01-23","purchased_purges":1,"victory":false,"max_hp_per_floor":[78,78,78,78,78,78,78,78,78,78,78,78,78,78,78,78,78,78,78],"card_choices":[{"not_picked":["Coolheaded","Conserve Battery"],"picked":"Loop","floor":1},{"not_picked":["Heatsinks","Undo"],"picked":"Steam","floor":4},{"not_picked":["Loop","Go for the Eyes"],"picked":"Cold Snap","floor":7},{"not_picked":["Redo","Tempest"],"picked":"Chaos","floor":8},{"not_picked":["Auto Shields","Double Energy"],"picked":"Melter","floor":12},{"not_picked":["Go for the Eyes","Streamline"],"picked":"Defragment","floor":14},{"not_picked":["Thunder Strike","Fission"],"picked":"Amplify","floor":16},{"not_picked":["Heatsinks+1","Blizzard","Turbo"],"picked":"SKIP","floor":18}],"player_experience":982524,"relics_obtained":[{"floor":7,"key":"Bronze Scales"},{"floor":9,"key":"MawBank"}],"event_choices":[{"damage_healed":0,"gold_gain":0,"player_choice":"Success","damage_taken":11,"relics_obtained":["Omamori"],"max_hp_gain":0,"max_hp_loss":0,"event_name":"Scrap Ooze","floor":2,"gold_loss":0},{"damage_healed":0,"gold_gain":0,"player_choice":"Grow","damage_taken":0,"max_hp_gain":0,"max_hp_loss":0,"event_name":"Living Wall","floor":3,"gold_loss":0,"cards_upgraded":["Zap"]},{"damage_healed":0,"gold_gain":0,"player_choice":"Trade","damage_taken":0,"relics_obtained":["CultistMask"],"max_hp_gain":0,"max_hp_loss":0,"event_name":"FaceTrader","floor":5,"gold_loss":0}],"is_beta":false,"boss_relics":[{"not_picked":["Philosopher\u0027s Stone","Sozu"],"picked":"Pandora\u0027s Box"}],"items_purged_floors":[10],"is_endless":false,"potions_floor_spawned":[4,12],"killed_by":"2 Thieves","ascension_level":20}