{"gold_per_floor":[217,217,170,180,133,133,162,162,162,180,211,227,302,332,332,433,433,453,528,540,555,67,67,95,95,95,95,115,115,115,169,169,272,272,289,304,304,319,70,86,86,137,189,189,189,41,53,71,71,71],"floor_reached":51,"playtime":6205,"items_purged":[],"score":943,"play_id":"e723bf80-bd56-4c92-9341-78450f19cedd","local_time":"20190304210358","is_ascension_mode":true,"campfire_choices":[{"data":"Streamline","floor":6.0,"key":"SMITH"},{"data":"Go for the Eyes","floor":8.0,"key":"SMITH"},{"data":"Reprogram","floor":15.0,"key":"SMITH"},{"data":"Darkness","floor":23.0,"key":"SMITH"},{"data":"Sunder","floor":25.0,"key":"SMITH"},{"data":"White Noise","floor":27.0,"key":"SMITH"},{"data":"Doom and Gloom","floor":30.0,"key":"SMITH"},{"data":"Steam","floor":32.0,"key":"SMITH"},{"data":"Dualcast","floor":41,"key":"SMITH"},{"floor":44,"key":"REST"},{"data":"Reinforced Body","floor":49,"key":"SMITH"}],"neow_cost":"NONE","seed_source_timestamp":1548672834621753,"circlet_count":0,"master_deck":["Zap+1","Dualcast+1","Go for the Eyes+1","Rebound","Auto Shields","Streamline+1","Steam+1","Undo","Reprogram+1","All For One","Cold Snap+1","Genetic Algorithm+1","White Noise+1","Core Surge","Hologram","Darkness+1","Sunder+1","Doom and Gloom+1","Meteor Strike","Conserve Battery","Chaos","Reinforced Body+1","Compile Driver","Skim","Aggregate","Core Surge","Coolheaded","Conserve Battery+1","Darkness+1","Defragment+1","Thinking Ahead","Go for the Eyes+1","Parasite","Defragment+1","Turbo+1"],"special_seed":0,"relics":["Cracked Core","Meat on the Bone","Kunai","Turnip","Frozen Egg 2","Mercury Hourglass","Eternal Feather","Torii","Ice Cream","Strawberry","Enchiridion","Juzu Bracelet","Pandora\u0027s Box","Prayer Wheel","Ancient Tea Set","Potion Belt","Happy Flower"],"potions_floor_usage":[33,33,40,48,50],"damage_taken":[{"damage":5.0,"enemies":"2 Louse","floor":1.0,"turns":2.0},{"damage":1.0,"enemies":"Cultist","floor":4.0,"turns":3.0},{"damage":20.0,"enemies":"3 Sentries","floor":7.0,"turns":6.0},{"damage":12.0,"enemies":"Jaw Worm","floor":10.0,"turns":2.0},{"damage":15.0,"enemies":"Lagavulin","floor":11.0,"turns":5.0},{"damage":6.0,"enemies":"2 Fungi Beasts","floor":12.0,"turns":3.0},{"damage":4.0,"enemies":"Gremlin Nob","floor":14.0,"turns":4.0},{"damage":35.0,"enemies":"Hexaghost","floor":16.0,"turns":12.0},{"damage":22.0,"enemies":"2 Thieves","floor":18.0,"turns":3.0},{"damage":5.0,"enemies":"Spheric Guardian","floor":20.0,"turns":4.0},{"damage":3.0,"enemies":"Centurion and Healer","floor":21.0,"turns":8.0},{"damage":57.0,"enemies":"Slavers","floor":24.0,"turns":6.0},{"damage":7.0,"enemies":"Chosen and Byrds","floor":28.0,"turns":4.0},{"damage":17,"enemies":"Automaton","floor":33,"turns":9},{"damage":12,"enemies":"3 Shapes","floor":35,"turns":3},{"damage":16,"enemies":"3 Darklings","floor":36,"turns":4},{"damage":0,"enemies":"4 Shapes","floor":38,"turns":4},{"damage":1,"enemies":"Spire Growth","floor":40,"turns":5},{"damage":49,"enemies":"2 Orb Walkers","floor":42,"turns":4},{"damage":10,"enemies":"Writhing Mass","floor":47,"turns":4},{"damage":1,"enemies":"Jaw Worm Horde","floor":48,"turns":3},{"damage":18,"enemies":"Awakened One","floor":50,"turns":11}],"seed_played":"-605459864244338465","potions_obtained":[{"floor":10.0,"key":"Poison Potion"},{"floor":11.0,"key":"EssenceOfSteel"},{"floor":14.0,"key":"SteroidPotion"},{"floor":18.0,"key":"Block Potion"},{"floor":28.0,"key":"Fire Potion"},{"floor":33,"key":"AttackPotion"},{"floor":36,"key":"AttackPotion"},{"floor":38,"key":"Ancient Potion"}],"is_trial":false,"path_per_floor":["M","?","$","M","$","R","E","R","T","M","E","M","T","E","R","B",null,"M","?","M","M","$","R","E","R","T","R","M","?","R","T","R","B",null,"M","M","?","M","$","M","R","?","T","R","T","$","M","M","R","B",null],"character_chosen":"DEFECT","items_purchased":["Rebound","Streamline","Torii","Core Surge","Hologram","Darkness","GamblersBrew","Thinking Ahead","Happy Flower"],"campfire_rested":1,"item_purchase_floors":[3,5,22,22,22,22,39,39,46],"current_hp_per_floor":[63,63,63,62,62,62,42,42,42,42,39,45,45,41,41,18,61,39,32,39,48,48,60,15,30,37,52,45,29,44,44,59,42,72,60,44,44,44,44,43,61,24,24,66,66,66,56,55,76,58],"gold":71,"neow_bonus":"HUNDRED_GOLD","is_prod":false,"is_daily":false,"chose_seed":false,"campfire_upgraded":10,"win_rate":0,"timestamp":1551751438,"path_taken":["M","?","$","M","?","R","E","R","T","M","E","M","?","E","R","BOSS","M","?","?","M","$","R","E","R","T","R","M","?","R","?","R","BOSS","M","M","?","M","$","M","R","?","T","R","?","?","M","M","R","BOSS"],"build_version":"2019-01-23","purchased_purges":0,"victory":true,"max_hp_per_floor":[75,75,75,75,75,75,75,75,75,75,75,75,75,75,75,75,75,75,75,75,75,75,75,75,75,82,82,82,82,82,82,82,82,82,82,82,82,82,82,82,82,82,82,82,82,82,82,82,82,82],"card_choices":[{"not_picked":["Hologram","Cold Snap"],"picked":"Go for the Eyes","floor":1.0},{"not_picked":["Rebound","Go for the Eyes"],"picked":"Auto Shields","floor":4.0},{"not_picked":["Static Discharge","Stack","Hello World"],"picked":"SKIP","floor":7.0},{"not_picked":["Go for the Eyes","Stack"],"picked":"Steam","floor":10.0},{"not_picked":["Turbo","Self Repair","Steam"],"picked":"SKIP","floor":11.0},{"not_picked":["Beam Cell","Defragment"],"picked":"Undo","floor":12.0},{"not_picked":["Compile Driver","Leap"],"picked":"Reprogram","floor":14.0},{"not_picked":["Electrodynamics+1","Reboot"],"picked":"All For One","floor":16.0},{"not_picked":["Coolheaded+1","Gash"],"picked":"Cold Snap+1","floor":18.0},{"not_picked":["Streamline","Sweeping Beam"],"picked":"Genetic Algorithm+1","floor":20.0},{"not_picked":["Steam+1","Heatsinks+1"],"picked":"White Noise","floor":21.0},{"not_picked":["Beam Cell+1","Redo+1"],"picked":"Sunder","floor":24.0},{"not_picked":["White Noise","Melter"],"picked":"Doom and Gloom","floor":28.0},{"not_picked":["Fission","Core Surge"],"picked":"Meteor Strike","floor":33},{"not_picked":["Leap","Streamline"],"picked":"Conserve Battery+1","floor":35},{"not_picked":["Glacier","Sunder+1"],"picked":"Darkness+1","floor":36},{"not_picked":["Hello World+1","Leap+1"],"picked":"Defragment+1","floor":38},{"not_picked":["Ball Lightning","Tempest+1","Cold Snap+1"],"picked":"SKIP","floor":40},{"not_picked":["Cold Snap+1","Fusion"],"picked":"Go for the Eyes+1","floor":42},{"not_picked":["Glacier+1","Redo+1"],"picked":"Defragment+1","floor":47},{"not_picked":["Aggregate+1","Gash+1","Ball Lightning"],"picked":"SKIP","floor":47},{"not_picked":["Steam+1","FTL+1"],"picked":"Turbo+1","floor":48},{"not_picked":["Chaos","Ball Lightning+1","Leap+1"],"picked":"SKIP","floor":48}],"player_experience":593315,"relics_obtained":[{"floor":7.0,"key":"Meat on the Bone"},{"floor":9.0,"key":"Kunai"},{"floor":11.0,"key":"Turnip"},{"floor":13.0,"key":"Frozen Egg 2"},{"floor":14.0,"key":"Mercury Hourglass"},{"floor":24.0,"key":"Ice Cream"},{"floor":26.0,"key":"Strawberry"},{"floor":29.0,"key":"Enchiridion"},{"floor":31.0,"key":"Juzu Bracelet"},{"floor":42,"key":"Prayer Wheel"},{"floor":43,"key":"Ancient Tea Set"},{"floor":45,"key":"Potion Belt"}],"event_choices":[{"damage_healed":0.0,"max_hp_gain":0.0,"max_hp_loss":0.0,"gold_gain":0.0,"event_name":"Upgrade Shrine","player_choice":"Upgraded","floor":2.0,"gold_loss":0.0,"damage_taken":0.0,"cards_upgraded":["Zap"]},{"damage_healed":0.0,"max_hp_gain":0.0,"max_hp_loss":0.0,"gold_gain":75.0,"event_name":"FaceTrader","player_choice":"Touch","floor":19.0,"gold_loss":0.0,"damage_taken":7.0},{"damage_healed":0.0,"max_hp_gain":0.0,"max_hp_loss":0.0,"gold_gain":0.0,"event_name":"Cursed Tome","player_choice":"Obtained Book","floor":29.0,"gold_loss":0.0,"damage_taken":16.0},{"damage_healed":0,"gold_gain":0,"player_choice":"Memory 1","damage_taken":0,"max_hp_gain":0,"max_hp_loss":0,"event_name":"SensoryStone","floor":37,"gold_loss":0},{"damage_healed":0,"gold_gain":0,"player_choice":"Fight","damage_taken":0,"max_hp_gain":0,"max_hp_loss":0,"event_name":"Mysterious Sphere","floor":42,"gold_loss":0}],"is_beta":false,"boss_relics":[{"not_picked":["Ectoplasm","FrozenCore"],"picked":"Eternal Feather"},{"not_picked":["Empty Cage","Lizard Tail"],"picked":"Pandora\u0027s Box"}],"items_purged_floors":[],"is_endless":false,"potions_floor_spawned":[10,11,14,18,28,33,36,38],"ascension_level":9}