{"gold_per_floor":[215,227,9,19,19,19,38,38,38,38,56,82,96,106,106,209,209,228,153,169,169,185,220,220,237,237,137,162,162,178,178,178,276,276,286,286,586,605,181,212,212,0,0,15,15,40,57,73,73,73],"floor_reached":51,"playtime":4145,"items_purged":["Strike_B","Defend_B","Defend_B"],"score":724,"play_id":"5cdc9274-ebe7-40c6-bfa2-3cb1e42f2144","local_time":"20180716185559","is_ascension_mode":false,"campfire_choices":[{"data":"Zap","floor":6,"key":"SMITH"},{"data":"Capacitor","floor":8,"key":"SMITH"},{"data":"Dualcast","floor":10,"key":"SMITH"},{"data":"Consume","floor":15,"key":"SMITH"},{"floor":24,"key":"REST"},{"floor":29,"key":"REST"},{"data":"Defragment","floor":32,"key":"SMITH"},{"floor":41,"key":"REST"},{"data":"Seek","floor":49,"key":"SMITH"}],"neow_cost":"NONE","seed_source_timestamp":169374864686059,"circlet_count":0,"master_deck":["Strike_B+1","Strike_B","Defend_B+1","Defend_B","Zap+1","Dualcast+1","Coolheaded","Self Repair","Cold Snap+1","Capacitor+1","Chill","Doom and Gloom","Consume+1","Electrodynamics","Defragment+1","Coolheaded","Cold Snap","Self Repair","Streamline+1","Seek+1","Double Energy","Deep Breath","Flash of Steel","Jack Of All Trades+1","Consume+1","Loop+1"],"relics":["Cracked Core","Lantern","Question Card","Kunai","Lizard Tail","Pen Nib","Oddly Smooth Stone","Orichalcum","Gremlin Horn","Sozu","Old Coin","War Paint","Whetstone","Bronze Scales","Red Mask","Bottled Flame","Bag of Marbles"],"potions_floor_usage":[12,12,12,23,23,30,33,47],"damage_taken":[{"damage":0,"enemies":"2 Louse","floor":1,"turns":2},{"damage":7,"enemies":"Small Slimes","floor":2,"turns":3},{"damage":0,"enemies":"Cultist","floor":4,"turns":4},{"damage":1,"enemies":"3 Louse","floor":7,"turns":3},{"damage":4,"enemies":"Looter","floor":11,"turns":3},{"damage":21,"enemies":"Gremlin Nob","floor":12,"turns":5},{"damage":3,"enemies":"Red Slaver","floor":13,"turns":4},{"damage":3,"enemies":"Exordium Wildlife","floor":14,"turns":3},{"damage":31,"enemies":"Hexaghost","floor":16,"turns":10},{"damage":6,"enemies":"Chosen","floor":18,"turns":5},{"damage":10,"enemies":"3 Byrds","floor":20,"turns":4},{"damage":20,"enemies":"Sentry and Sphere","floor":22,"turns":8},{"damage":51,"enemies":"Slavers","floor":23,"turns":6},{"damage":5,"enemies":"Chosen and Byrds","floor":25,"turns":9},{"damage":24,"enemies":"Gremlin Leader","floor":28,"turns":10},{"damage":10,"enemies":"Snecko","floor":30,"turns":4},{"damage":36,"enemies":"Automaton","floor":33,"turns":11},{"damage":0,"enemies":"3 Darklings","floor":35,"turns":6},{"damage":15,"floor":37,"turns":7},{"damage":0,"enemies":"Flame Bruiser 1 Orb","floor":38,"turns":5},{"damage":61,"enemies":"2 Orb Walkers","floor":40,"turns":6},{"damage":1,"enemies":"Transient","floor":44,"turns":5},{"damage":10,"enemies":"Giant Head","floor":46,"turns":8},{"damage":0,"enemies":"Maw","floor":47,"turns":10},{"damage":8,"enemies":"3 Darklings","floor":48,"turns":3},{"damage":25,"enemies":"Awakened One","floor":50,"turns":14}],"seed_played":"2920286179494551184","potions_obtained":[{"floor":1,"key":"FearPotion"},{"floor":2,"key":"EssenceOfSteel"},{"floor":7,"key":"PowerPotion"},{"floor":14,"key":"SneckoOil"},{"floor":18,"key":"Explosive Potion"},{"floor":20,"key":"Ancient Potion"},{"floor":25,"key":"SneckoOil"},{"floor":28,"key":"PowerPotion"}],"is_trial":false,"path_per_floor":["M","M","$","M","?","R","M","R","T","R","M","E","M","M","R","B",null,"M","?","M","?","M","E","R","M","T","$","E","R","M","T","R","B",null,"M","?","?","M","$","E","R","?","T","M","$","E","M","M","R","B"],"character_chosen":"DEFECT","items_purchased":["Lantern","War Paint","Whetstone"],"campfire_rested":3,"item_purchase_floors":[3,39,39],"current_hp_per_floor":[75,68,68,75,75,75,75,75,75,75,75,61,65,62,62,38,75,75,75,72,72,59,15,37,39,39,39,29,51,48,48,48,26,75,75,65,64,71,71,24,46,46,46,59,59,63,75,74,74,63],"gold":73,"neow_bonus":"HUNDRED_GOLD","is_prod":false,"is_daily":false,"chose_seed":false,"campfire_upgraded":6,"win_rate":0.0,"timestamp":1531781759,"path_taken":["M","M","$","M","?","R","M","R","T","R","M","E","M","?","R","BOSS","M","?","?","?","M","E","R","M","T","$","E","R","M","?","R","BOSS","M","?","?","M","$","E","R","?","T","M","$","E","M","M","R","BOSS"],"build_version":"2018-07-12","purchased_purges":3,"victory":true,"max_hp_per_floor":[75,75,75,75,75,75,75,75,75,75,75,75,75,75,75,75,75,75,75,75,75,75,75,75,75,75,75,75,75,75,75,75,75,75,75,75,75,75,75,75,75,75,75,75,75,75,75,75,75,75],"card_choices":[{"not_picked":["Tempest","Gash"],"picked":"Coolheaded","floor":1},{"not_picked":["Reprogram","Force Field"],"picked":"Self Repair","floor":2},{"not_picked":["Ball Lightning","Beam Cell"],"picked":"Cold Snap","floor":4},{"not_picked":["Stack","Recycle"],"picked":"Capacitor","floor":7},{"not_picked":["Turbo","Lockon","FTL","Tempest"],"picked":"SKIP","floor":11},{"not_picked":["Melter","Steam","Lockon"],"picked":"Chill","floor":12},{"not_picked":["Compile Driver","Electrodynamics","Steam"],"picked":"Doom and Gloom","floor":13},{"not_picked":["Loop","Redo","Hologram"],"picked":"Consume","floor":14},{"not_picked":["Reboot","Seek","Biased Cognition"],"picked":"Electrodynamics","floor":16},{"not_picked":["Genetic Algorithm","Redo+1","Cold Snap"],"picked":"Defragment","floor":18},{"not_picked":["White Noise","Go for the Eyes+1","Stack+1"],"picked":"Coolheaded","floor":20},{"not_picked":["Sweeping Beam","Doom and Gloom+1","Chill"],"picked":"Cold Snap","floor":22},{"not_picked":["Stack+1","White Noise","Chaos+1","Hologram"],"picked":"SKIP","floor":23},{"not_picked":["Blizzard","Hyperbeam","Ball Lightning"],"picked":"Self Repair","floor":25},{"not_picked":["Conserve Battery+1","Barrage","Sweeping Beam"],"picked":"Streamline+1","floor":28},{"not_picked":["Lockon+1","Rebound","Thunder Strike","Auto Shields"],"picked":"SKIP","floor":30},{"not_picked":["Creative AI","All For One","Hyperbeam"],"picked":"Seek","floor":33},{"not_picked":["Go for the Eyes","Compile Driver+1","Chaos+1"],"picked":"Double Energy","floor":35},{"not_picked":["Apotheosis","Magnetism","Trip"],"picked":"Deep Breath","floor":36},{"not_picked":["Transmutation","Dramatic Entrance","Trip"],"picked":"Flash of Steel","floor":36},{"not_picked":["Finesse","Transmutation","Purity"],"picked":"Jack Of All Trades","floor":36},{"not_picked":["Doom and Gloom+1","BootSequence","Hologram"],"picked":"Consume+1","floor":37},{"not_picked":["Leap+1","Streamline+1","Consume","Hologram"],"picked":"SKIP","floor":38},{"not_picked":["Stack","Doom and Gloom","Reinforced Body","Compile Driver"],"picked":"SKIP","floor":40},{"not_picked":["Beam Cell+1","Barrage+1","Conserve Battery+1"],"picked":"Loop+1","floor":44},{"not_picked":["Aggregate","Redo","Genetic Algorithm+1","Streamline+1"],"picked":"SKIP","floor":46},{"not_picked":["Aggregate","Redo","Genetic Algorithm+1","Streamline+1"],"picked":"SKIP","floor":46},{"not_picked":["Redo+1","Loop+1","Conserve Battery+1","Turbo+1"],"picked":"SKIP","floor":47},{"not_picked":["Compile Driver","Consume","Cold Snap","Scrape+1"],"picked":"SKIP","floor":48}],"player_experience":53397,"relics_obtained":[{"floor":9,"key":"Question Card"},{"floor":12,"key":"Kunai"},{"floor":23,"key":"Pen Nib"},{"floor":26,"key":"Oddly Smooth Stone"},{"floor":28,"key":"Orichalcum"},{"floor":31,"key":"Gremlin Horn"},{"floor":37,"key":"Old Coin"},{"floor":40,"key":"Bronze Scales"},{"floor":43,"key":"Bottled Flame"},{"floor":46,"key":"Bag of Marbles"}],"event_choices":[{"event_name":"The Cleric","player_choice":"Leave","floor":5,"damage_taken":0},{"event_name":"Beggar","player_choice":"Gave Gold","floor":19,"damage_taken":0},{"event_name":"The Woman in Blue","player_choice":"Bought 0 Potions","floor":21,"damage_taken":0},{"event_name":"SensoryStone","player_choice":"Memory 3","floor":36,"damage_taken":0},{"event_name":"MindBloom","player_choice":"Fight","floor":37,"damage_taken":0},{"event_name":"Tomb of Lord Red Mask","player_choice":"Paid","floor":42,"damage_taken":0}],"boss_relics":[{"not_picked":["Orrery","Black Star"],"picked":"Lizard Tail"},{"not_picked":["Cursed Key","Fusion Hammer"],"picked":"Sozu"}],"items_purged_floors":[3,27,39],"is_endless":false,"potions_floor_spawned":[1,2,7,14,18,20,25,28,37,40,44,48],"ascension_level":0}