{"gold_per_floor":[119,133,308,326,337,337,193,193,193,206,206,219,238,258,258,353,353,373,373,288,305,317,317,334,284,309,309,322,397,397,416,416,518,518,530,530,172,172,47,57,57,77,103,103,123,149,149,166,166,166],"floor_reached":50,"playtime":5980,"items_purged":["Doubt","Writhe","Envenom"],"score":495,"play_id":"09e091a6-f995-4407-a11e-c2a9a89bf6cc","local_time":"20180717132209","is_ascension_mode":false,"campfire_choices":[{"data":"Neutralize","floor":6,"key":"SMITH"},{"data":"Noxious Fumes","floor":8,"key":"SMITH"},{"data":"Survivor","floor":11,"key":"SMITH"},{"floor":15,"key":"REST"},{"data":"Tools of the Trade","floor":23,"key":"SMITH"},{"data":"Footwork","floor":27,"key":"SMITH"},{"floor":30,"key":"REST"},{"data":"Backflip","floor":32,"key":"SMITH"},{"data":"Night Terror","floor":41,"key":"SMITH"},{"data":"Backflip","floor":47,"key":"SMITH"},{"data":"Escape Plan","floor":49,"key":"SMITH"}],"neow_cost":"NONE","seed_source_timestamp":233916905334137,"circlet_count":0,"master_deck":["Defend_G","Defend_G","Defend_G","Defend_G","Defend_G","Strike_G","Strike_G","Strike_G","Survivor+1","Neutralize+1","Predator","Quick Slash","Noxious Fumes+1","Footwork+1","Tools of the Trade+1","Dagger Spray+1","Backflip+1","Escape Plan+1","Backflip+1","Night Terror+1","Dramatic Entrance","Bouncing Flask+1"],"relics":["Ring of the Snake","Pantograph","Empty Cage","Calipers","Oddly Smooth Stone","Coffee Dripper","Matryoshka","Happy Flower","Centennial Puzzle","Toxic Egg 2"],"potions_floor_usage":[33,33,44,45,50,50],"damage_taken":[{"damage":5,"enemies":"Jaw Worm","floor":1,"turns":4},{"damage":0,"enemies":"2 Louse","floor":2,"turns":5},{"damage":7,"enemies":"Cultist","floor":4,"turns":6},{"damage":15,"enemies":"Exordium Thugs","floor":5,"turns":8},{"damage":5,"enemies":"Lots of Slimes","floor":10,"turns":4},{"damage":0,"enemies":"2 Fungi Beasts","floor":12,"turns":3},{"damage":0,"enemies":"Exordium Thugs","floor":13,"turns":5},{"damage":9,"enemies":"Red Slaver","floor":14,"turns":5},{"damage":10,"enemies":"Slime Boss","floor":16,"turns":9},{"damage":4,"enemies":"Chosen","floor":18,"turns":8},{"damage":9,"enemies":"Shell Parasite","floor":21,"turns":9},{"damage":4,"enemies":"Centurion and Healer","floor":22,"turns":8},{"damage":28,"enemies":"Sentry and Sphere","floor":24,"turns":9},{"damage":0,"enemies":"Snake Plant","floor":28,"turns":7},{"damage":6,"enemies":"Centurion and Healer","floor":31,"turns":8},{"damage":45,"enemies":"Automaton","floor":33,"turns":22},{"damage":37,"enemies":"3 Shapes","floor":35,"turns":6},{"damage":1,"enemies":"Orb Walker","floor":40,"turns":5},{"damage":0,"enemies":"Spire Growth","floor":42,"turns":10},{"damage":0,"enemies":"Transient","floor":44,"turns":3},{"damage":0,"enemies":"Sphere and 2 Shapes","floor":45,"turns":10},{"damage":0,"enemies":"Nemesis","floor":46,"turns":13},{"damage":0,"enemies":"4 Shapes","floor":48,"turns":4},{"damage":73,"enemies":"Time Eater","floor":50,"turns":12}],"seed_played":"-4228382537644064248","potions_obtained":[{"floor":1,"key":"EssenceOfSteel"},{"floor":10,"key":"GamblersBrew"},{"floor":16,"key":"SmokeBomb"},{"floor":28,"key":"SkillPotion"},{"floor":33,"key":"Swift Potion"},{"floor":42,"key":"AttackPotion"},{"floor":45,"key":"SmokeBomb"},{"floor":46,"key":"Energy Potion"}],"is_trial":false,"path_per_floor":["M","M","?","M","M","R","$","R","T","M","R","M","M","M","R","B",null,"M","?","?","M","M","R","M","?","T","R","M","?","R","M","R","B",null,"M","?","$","?","$","M","R","M","T","M","M","E","R","M","R"],"character_chosen":"THE_SILENT","items_purchased":["Noxious Fumes","Matryoshka"],"campfire_rested":2,"item_purchase_floors":[7,37],"current_hp_per_floor":[65,65,65,58,43,43,43,43,43,38,38,38,38,29,50,60,70,66,70,70,61,57,57,29,29,29,29,29,22,43,37,37,17,70,33,51,51,51,51,50,50,50,50,50,50,50,50,50,50,0],"gold":166,"neow_bonus":"ONE_RANDOM_RARE_CARD","is_prod":false,"is_daily":false,"chose_seed":false,"campfire_upgraded":9,"win_rate":0,"timestamp":1531848129,"path_taken":["M","M","?","?","M","R","$","R","T","?","R","M","M","M","R","BOSS","M","?","?","M","?","R","M","?","T","R","M","?","R","M","R","BOSS","M","?","$","?","$","?","R","M","T","M","M","E","R","M","R","BOSS"],"build_version":"2018-07-12","purchased_purges":3,"victory":false,"max_hp_per_floor":[70,70,70,70,70,70,70,70,70,70,70,70,70,70,70,70,70,70,70,70,70,70,70,70,70,70,70,70,70,70,70,70,70,70,70,70,70,70,70,70,70,70,70,70,70,70,70,70,70,70],"card_choices":[{"not_picked":["Infinite Blades","Calculated Gamble","Outmaneuver"],"picked":"SKIP","floor":1},{"not_picked":["Prepared","Outmaneuver","Dagger Throw"],"picked":"SKIP","floor":2},{"not_picked":["Dagger Throw","PiercingWail"],"picked":"Predator","floor":4},{"not_picked":["Slice","PiercingWail"],"picked":"Quick Slash","floor":5},{"not_picked":["Dagger Throw","Blade Dance","Flying Knee"],"picked":"SKIP","floor":10},{"not_picked":["Deflect","Infinite Blades"],"picked":"Footwork","floor":12},{"not_picked":["Flying Knee","Tools of the Trade","Heel Hook"],"picked":"SKIP","floor":13},{"not_picked":["Malaise","Prepared","Caltrops"],"picked":"SKIP","floor":14},{"not_picked":["Die Die Die","Adrenaline"],"picked":"Tools of the Trade","floor":16},{"not_picked":["Deadly Poison","Heel Hook","Acrobatics"],"picked":"SKIP","floor":18},{"not_picked":["Reflex","Caltrops"],"picked":"Dagger Spray+1","floor":21},{"not_picked":["Acrobatics","Bane","Sucker Punch+1"],"picked":"SKIP","floor":22},{"not_picked":["PiercingWail","Prepared+1"],"picked":"Backflip","floor":24},{"not_picked":["Sucker Punch+1","Slice"],"picked":"Escape Plan","floor":28},{"not_picked":["Slice+1","Dagger Throw"],"picked":"Backflip","floor":31},{"not_picked":["Glass Knife","Corpse Explosion"],"picked":"Night Terror","floor":33},{"not_picked":["PiercingWail+1","Dagger Spray","Outmaneuver"],"picked":"SKIP","floor":35},{"not_picked":["Mind Blast","Good Instincts"],"picked":"Dramatic Entrance","floor":38},{"not_picked":["PiercingWail","Deadly Poison","Noxious Fumes"],"picked":"SKIP","floor":40},{"not_picked":["Underhanded Strike","Escape Plan","Dagger Spray"],"picked":"SKIP","floor":42},{"not_picked":["Bane","Phantasmal Killer","Deflect+1"],"picked":"SKIP","floor":45},{"not_picked":["Well Laid Plans","Dodge and Roll","Acrobatics"],"picked":"SKIP","floor":46},{"not_picked":["Crippling Poison+1","Distraction+1"],"picked":"Bouncing Flask+1","floor":48}],"player_experience":70681,"relics_obtained":[{"floor":9,"key":"Pantograph"},{"floor":26,"key":"Oddly Smooth Stone"},{"floor":43,"key":"Happy Flower"},{"floor":43,"key":"Centennial Puzzle"},{"floor":46,"key":"Toxic Egg 2"}],"event_choices":[{"event_name":"Liars Game","player_choice":"agreed","floor":3,"damage_taken":0},{"event_name":"Wheel of Change","player_choice":"Full Heal","floor":19,"damage_taken":0},{"event_name":"Addict","player_choice":"Obtained Relic","floor":20,"damage_taken":0},{"event_name":"The Joust","player_choice":"Bet on Murderer","floor":25,"damage_taken":0},{"event_name":"FaceTrader","player_choice":"Touch","floor":29,"damage_taken":0},{"event_name":"Winding Halls","player_choice":"Writhe","floor":36,"damage_taken":0},{"event_name":"SensoryStone","player_choice":"Memory 1","floor":38,"damage_taken":0}],"boss_relics":[{"not_picked":["Eternal Feather","Cursed Key"],"picked":"Empty Cage"},{"not_picked":["Black Star","Tiny House"],"picked":"Coffee Dripper"}],"items_purged_floors":[7,37,39],"is_endless":false,"potions_floor_spawned":[1,10,16,22,28,33,42,45,46],"killed_by":"Time Eater","ascension_level":0}