{"gold_per_floor":[116,126,201,201,212,212,237,252,275,45,62,123,123,134,134,210,210,221,237,257,257],"floor_reached":21,"playtime":744,"items_purged":[],"score":357,"play_id":"986b3784-8359-4637-8b3e-52404b112344","local_time":"20190127003755","is_ascension_mode":true,"campfire_choices":[{"data":"Carnage","floor":6.0,"key":"SMITH"},{"data":"Wild Strike","floor":13.0,"key":"SMITH"},{"data":"Evolve","floor":15.0,"key":"SMITH"}],"neow_cost":"NONE","seed_source_timestamp":1488314030757295,"circlet_count":0,"master_deck":["AscendersBane","Strike_R","Strike_R","Strike_R","Strike_R","Defend_R","Defend_R","Defend_R","Defend_R","Bash","Carnage+1","Evolve+1","Dropkick","Double Tap","Power Through","Wild Strike+1","Reckless Charge","Offering","Havoc+1"],"special_seed":0,"relics":["Burning Blood","NeowsBlessing","Boot","MawBank","Omamori","Lantern","White Beast Statue"],"potions_floor_usage":[21],"damage_taken":[{"damage":0.0,"enemies":"Cultist","floor":1.0,"turns":1.0},{"damage":0.0,"enemies":"Jaw Worm","floor":2.0,"turns":1.0},{"damage":0.0,"enemies":"Small Slimes","floor":5.0,"turns":1.0},{"damage":30.0,"enemies":"3 Sentries","floor":7.0,"turns":7.0},{"damage":11.0,"enemies":"3 Louse","floor":8.0,"turns":4.0},{"damage":0.0,"enemies":"Red Slaver","floor":11.0,"turns":1.0},{"damage":27.0,"enemies":"Lagavulin Event","floor":12.0,"turns":5.0},{"damage":3.0,"enemies":"Gremlin Gang","floor":14.0,"turns":5.0},{"damage":25.0,"enemies":"Slime Boss","floor":16.0,"turns":9.0},{"damage":33.0,"enemies":"3 Byrds","floor":18.0,"turns":5.0},{"damage":6.0,"enemies":"Spheric Guardian","floor":19.0,"turns":3.0},{"damage":34.0,"enemies":"3 Cultists","floor":20.0,"turns":5.0},{"damage":11,"enemies":"Cultist and Chosen","floor":21,"turns":3}],"seed_played":"-5910382004271625207","potions_obtained":[{"floor":1.0,"key":"GamblersBrew"},{"floor":5.0,"key":"Strength Potion"},{"floor":16.0,"key":"SteroidPotion"},{"floor":18.0,"key":"BloodPotion"},{"floor":19.0,"key":"FearPotion"},{"floor":20.0,"key":"FearPotion"}],"is_trial":false,"path_per_floor":["M","M","?","?","M","R","E","M","T","$","M","?","R","M","R","B",null,"M","M","M","M"],"character_chosen":"IRONCLAD","items_purchased":["Power Through","Omamori"],"campfire_rested":0,"item_purchase_floors":[10,10],"current_hp_per_floor":[74,75,64,64,70,70,46,41,41,41,47,26,26,29,29,10,59,32,39,11,0],"gold":257,"neow_bonus":"THREE_ENEMY_KILL","is_prod":false,"is_daily":false,"chose_seed":false,"campfire_upgraded":3,"win_rate":0,"timestamp":1548545875,"path_taken":["M","M","?","?","M","R","E","M","T","?","?","?","R","M","R","BOSS","M","M","M","M"],"build_version":"2019-01-23","purchased_purges":0,"victory":false,"max_hp_per_floor":[75,75,75,75,75,75,75,75,75,75,75,75,75,75,75,75,75,75,75,75,75],"card_choices":[{"not_picked":["Body Slam","Seeing Red"],"picked":"Carnage","floor":1.0},{"not_picked":["Sword Boomerang","Anger"],"picked":"Evolve","floor":2.0},{"not_picked":["Body Slam","Pommel Strike"],"picked":"Dropkick","floor":5.0},{"not_picked":["Cleave","Heavy Blade","Rupture"],"picked":"SKIP","floor":7.0},{"not_picked":["Thunderclap","Carnage"],"picked":"Double Tap","floor":8.0},{"not_picked":["Rupture","Armaments"],"picked":"Wild Strike","floor":11.0},{"not_picked":["Headbutt","Shrug It Off"],"picked":"Reckless Charge","floor":14.0},{"not_picked":["Demon Form","Exhume"],"picked":"Offering","floor":16.0},{"not_picked":["Wild Strike","Perfected Strike","Fire Breathing"],"picked":"SKIP","floor":18.0},{"not_picked":["Flame Barrier","Carnage","Sword Boomerang+1"],"picked":"SKIP","floor":19.0},{"not_picked":["Rage","Warcry"],"picked":"Havoc+1","floor":20.0}],"player_experience":943595,"relics_obtained":[{"floor":7.0,"key":"Boot"},{"floor":9.0,"key":"MawBank"}],"event_choices":[{"damage_healed":0.0,"max_hp_gain":0.0,"max_hp_loss":0.0,"gold_gain":75.0,"event_name":"World of Goop","player_choice":"Gather Gold","floor":3.0,"gold_loss":0.0,"damage_taken":11.0},{"cards_removed":["Strike_R"],"damage_healed":0.0,"max_hp_gain":0.0,"max_hp_loss":0.0,"gold_gain":0.0,"event_name":"Living Wall","player_choice":"Forget","floor":4.0,"gold_loss":0.0,"damage_taken":0.0},{"damage_healed":0.0,"max_hp_gain":0.0,"max_hp_loss":0.0,"gold_gain":30.0,"event_name":"Dead Adventurer","player_choice":"Searched \u00273\u0027 times","floor":12.0,"gold_loss":0.0,"damage_taken":0.0,"relics_obtained":["Lantern"]}],"is_beta":false,"boss_relics":[{"not_picked":["Tiny House","Snecko Eye"],"picked":"White Beast Statue"}],"items_purged_floors":[],"is_endless":false,"potions_floor_spawned":[1,5,16,18,19,20],"killed_by":"Cultist and Chosen","ascension_level":19}