{"gold_per_floor":[118,118,43,43,63,63,83,108,108,108,143,166,166,166,166,294,294,310,323,30,51,51,51,64,64,87,110,136,211,231,247,247,247],"floor_reached":33,"playtime":1335,"items_purged":["Strike_R","Strike_R"],"score":335,"play_id":"043327d7-a01b-4f71-ba14-7fc562380785","local_time":"20180810143317","is_ascension_mode":true,"campfire_choices":[{"data":"Bash","floor":6,"key":"SMITH"},{"data":"Whirlwind","floor":10,"key":"SMITH"},{"floor":13,"key":"REST"},{"data":"Clash","floor":15,"key":"SMITH"},{"data":"Demon Form","floor":23,"key":"SMITH"},{"data":"Metallicize","floor":25,"key":"SMITH"},{"floor":32,"key":"REST"}],"neow_cost":"PERCENT_DAMAGE","seed_source_timestamp":0,"circlet_count":0,"master_deck":["Strike_R","Strike_R","Defend_R","Defend_R","Defend_R","Bash+1","Clash+1","Whirlwind+1","Demon Form+1","Metallicize+1","Dropkick+1","Sword Boomerang+1","Heavy Blade"],"special_seed":0,"relics":["Burning Blood","Golden Idol","Mercury Hourglass","Prayer Wheel","Odd Mushroom","White Beast Statue","Lee\u0027s Waffle","Lantern","Omamori"],"potions_floor_usage":[8,18,24,27,27,31,33,33,33],"damage_taken":[{"damage":1,"enemies":"Cultist","floor":1,"turns":3},{"damage":7,"enemies":"Small Slimes","floor":5,"turns":3},{"damage":2,"enemies":"Jaw Worm","floor":7,"turns":2},{"damage":7,"enemies":"Exordium Thugs","floor":8,"turns":4},{"damage":8,"floor":11,"turns":2},{"damage":7,"enemies":"Looter","floor":12,"turns":3},{"damage":71,"enemies":"The Guardian","floor":16,"turns":9},{"damage":22,"enemies":"2 Thieves","floor":18,"turns":4},{"damage":0,"enemies":"3 Byrds","floor":19,"turns":3},{"damage":7,"enemies":"Snecko","floor":21,"turns":4},{"damage":38,"enemies":"Centurion and Healer","floor":24,"turns":4},{"damage":0,"enemies":"3 Cultists","floor":27,"turns":2},{"damage":11,"enemies":"Chosen and Byrds","floor":30,"turns":4},{"damage":21,"enemies":"Sentry and Sphere","floor":31,"turns":5},{"damage":97,"enemies":"Automaton","floor":33,"turns":8}],"seed_played":"6206590571936410735","potions_obtained":[{"floor":1,"key":"Swift Potion"},{"floor":5,"key":"BloodPotion"},{"floor":7,"key":"Block Potion"},{"floor":16,"key":"Energy Potion"},{"floor":18,"key":"Poison Potion"},{"floor":19,"key":"Strength Potion"},{"floor":21,"key":"Regen Potion"},{"floor":24,"key":"Regen Potion"},{"floor":27,"key":"SteroidPotion"},{"floor":30,"key":"Dexterity Potion"},{"floor":31,"key":"Regen Potion"}],"is_trial":false,"path_per_floor":["M","?","$","T","M","R","M","M","T","R","?","M","R","?","R","B",null,"M","M","$","M","?","R","M","R","T","M","T","?","M","M","R"],"character_chosen":"IRONCLAD","items_purchased":["Lee\u0027s Waffle"],"campfire_rested":2,"item_purchase_floors":[20],"current_hp_per_floor":[56,36,36,36,35,35,39,46,46,46,44,43,67,72,72,7,66,50,56,92,91,92,92,69,69,69,80,80,71,66,51,78,0],"gold":247,"neow_bonus":"REMOVE_TWO","is_prod":false,"is_daily":false,"chose_seed":false,"campfire_upgraded":5,"win_rate":0,"timestamp":1533925997,"path_taken":["M","?","$","?","M","R","?","M","T","R","?","M","R","?","R","BOSS","M","M","$","M","?","R","?","R","T","M","?","?","?","M","R","BOSS"],"build_version":"2018-08-09","purchased_purges":2,"victory":false,"max_hp_per_floor":[80,80,80,80,80,80,80,80,80,80,80,80,80,85,85,85,85,85,85,92,92,92,92,92,92,92,92,92,92,92,92,92,92],"card_choices":[{"not_picked":["Reckless Charge","Pommel Strike"],"picked":"Clash","floor":1},{"not_picked":["Combust","Shrug It Off","Twin Strike"],"picked":"SKIP","floor":5},{"not_picked":["Hemokinesis","Dual Wield","Power Through"],"picked":"SKIP","floor":7},{"not_picked":["Intimidate","Iron Wave"],"picked":"Whirlwind","floor":8},{"not_picked":["Sword Boomerang","Armaments","Shockwave"],"picked":"SKIP","floor":12},{"not_picked":["Sword Boomerang","Searing Blow","Wild Strike"],"picked":"SKIP","floor":12},{"not_picked":["Sword Boomerang","Armaments","Shockwave"],"picked":"SKIP","floor":12},{"not_picked":["Sword Boomerang","Searing Blow","Wild Strike"],"picked":"SKIP","floor":12},{"not_picked":["Bludgeon","Berserk"],"picked":"Demon Form","floor":16},{"not_picked":["Warcry","Rage"],"picked":"Metallicize","floor":18},{"not_picked":["Battle Trance","Twin Strike","Havoc"],"picked":"SKIP","floor":18},{"not_picked":["Rampage","Fire Breathing"],"picked":"Dropkick+1","floor":19},{"not_picked":["True Grit","Shockwave"],"picked":"Sword Boomerang+1","floor":19},{"not_picked":["Disarm","Wild Strike","Armaments+1"],"picked":"SKIP","floor":21},{"not_picked":["Headbutt+1","Inflame","Rage+1"],"picked":"SKIP","floor":21},{"not_picked":["Twin Strike","Havoc","Bludgeon"],"picked":"SKIP","floor":24},{"not_picked":["Thunderclap","Bloodletting+1","Twin Strike"],"picked":"SKIP","floor":24},{"not_picked":["Clothesline","Wild Strike"],"picked":"Heavy Blade","floor":27},{"not_picked":["Thunderclap+1","Metallicize","Sword Boomerang"],"picked":"SKIP","floor":27},{"not_picked":["Cleave","Wild Strike","Body Slam"],"picked":"SKIP","floor":30},{"not_picked":["Clothesline","Power Through","Armaments"],"picked":"SKIP","floor":30},{"not_picked":["Evolve","Havoc","Flex"],"picked":"SKIP","floor":31},{"not_picked":["Shrug It Off","Bloodletting","Searing Blow+1"],"picked":"SKIP","floor":31}],"player_experience":192518,"relics_obtained":[{"floor":4,"key":"Mercury Hourglass"},{"floor":9,"key":"Prayer Wheel"},{"floor":11,"key":"Odd Mushroom"},{"floor":26,"key":"Lantern"},{"floor":28,"key":"Omamori"}],"event_choices":[{"event_name":"Golden Idol","player_choice":"Take Damage","floor":2,"damage_taken":0},{"event_name":"Mushrooms","player_choice":"Fought Mushrooms","floor":11,"damage_taken":0},{"event_name":"Big Fish","player_choice":"Donut","floor":14,"damage_taken":0},{"event_name":"The Library","player_choice":"Heal","floor":22,"damage_taken":0},{"event_name":"FaceTrader","player_choice":"Touch","floor":29,"damage_taken":0}],"is_beta":false,"boss_relics":[{"not_picked":["Philosopher\u0027s Stone","Runic Pyramid"],"picked":"White Beast Statue"}],"items_purged_floors":[3,20],"is_endless":false,"potions_floor_spawned":[1,5,7,16,18,19,21,24,27,30,31],"killed_by":"Automaton","ascension_level":8}