{"gold_per_floor":[20,37,48,58,68,68,93,93,93,93,128,128],"floor_reached":12,"playtime":424,"items_purged":[],"score":180,"play_id":"2c3ad3f2-13a4-451d-805e-dad0ec9859f4","local_time":"20181025111506","is_ascension_mode":true,"campfire_choices":[{"data":"Defragment","floor":6,"key":"SMITH"},{"floor":8,"key":"REST"},{"data":"Loop","floor":10,"key":"SMITH"}],"neow_cost":"NO_GOLD","seed_source_timestamp":1189186102374069,"circlet_count":0,"master_deck":["Strike_B","Strike_B","Strike_B","Strike_B","Defend_B","Defend_B","Defend_B","Defend_B","Zap","Dualcast","AscendersBane","Thinking Ahead","Panacea","Defragment+1","Hologram","Go for the Eyes","Ball Lightning","Loop+1","Double Energy","Ball Lightning"],"relics":["Cracked Core","Ice Cream","Pear","Omamori"],"potions_floor_usage":[4,7],"damage_taken":[{"damage":1,"enemies":"Cultist","floor":1,"turns":3},{"damage":21,"enemies":"Small Slimes","floor":2,"turns":3},{"damage":4,"enemies":"2 Louse","floor":3,"turns":3},{"damage":15,"enemies":"Lots of Slimes","floor":4,"turns":5},{"damage":9,"enemies":"Blue Slaver","floor":5,"turns":4},{"damage":27,"enemies":"3 Sentries","floor":7,"turns":6},{"damage":25,"enemies":"Lagavulin","floor":11,"turns":5},{"damage":12,"enemies":"Exordium Wildlife","floor":12,"turns":1}],"seed_played":"5032781662432205438","potions_obtained":[{"floor":2,"key":"Regen Potion"},{"floor":4,"key":"GamblersBrew"}],"is_trial":false,"path_per_floor":["M","M","M","M","M","R","E","R","T","R","E"],"character_chosen":"DEFECT","items_purchased":[],"campfire_rested":1,"item_purchase_floors":[],"current_hp_per_floor":[63,42,38,37,28,28,1,22,32,32,7,0],"gold":128,"neow_bonus":"RANDOM_COLORLESS_2","is_prod":false,"is_daily":false,"chose_seed":false,"campfire_upgraded":2,"win_rate":0,"timestamp":1540458906,"path_taken":["M","M","M","M","M","R","E","R","T","R","E","M"],"build_version":"2018-10-18","purchased_purges":0,"victory":false,"max_hp_per_floor":[71,71,71,71,71,71,71,71,81,81,81,81],"card_choices":[{"not_picked":["Hologram","Stack"],"picked":"Defragment","floor":1},{"not_picked":["Leap","Blizzard"],"picked":"Hologram","floor":2},{"not_picked":["Machine Learning","Genetic Algorithm"],"picked":"Go for the Eyes","floor":3},{"not_picked":["Beam Cell","Stack"],"picked":"Ball Lightning","floor":4},{"not_picked":["Cold Snap","Streamline"],"picked":"Loop","floor":5},{"not_picked":["Turbo","Doom and Gloom"],"picked":"Double Energy","floor":7},{"not_picked":["Rip and Tear","Barrage"],"picked":"Ball Lightning","floor":11}],"player_experience":861291,"relics_obtained":[{"floor":7,"key":"Ice Cream"},{"floor":9,"key":"Pear"},{"floor":11,"key":"Omamori"}],"event_choices":[],"is_beta":false,"boss_relics":[],"items_purged_floors":[],"is_endless":false,"potions_floor_spawned":[2,4],"killed_by":"Exordium Wildlife","ascension_level":20}