{"gold_per_floor":[110,110,110,133,159,171,213,225,308,320,363,134,152,117,117,117],"floor_reached":16,"playtime":546,"items_purged":["Regret"],"score":216,"play_id":"4214a5e9-3a2e-4501-a862-ed8ab3932674","local_time":"20190317153956","is_ascension_mode":true,"campfire_choices":[{"floor":6,"key":"REST"},{"data":"Armaments","floor":8,"key":"SMITH"},{"floor":10,"key":"REST"},{"floor":15,"key":"REST"}],"neow_cost":"TEN_PERCENT_HP_LOSS","seed_source_timestamp":0,"circlet_count":0,"master_deck":["AscendersBane","Strike_R","Strike_R","Strike_R","Strike_R","Defend_R","Defend_R","Defend_R","Bash","Feel No Pain","Inflame","Anger","Armaments+1","Sever Soul","Rupture+1","Bloodletting","Metallicize+1"],"special_seed":0,"relics":["Burning Blood","MawBank","Self Forming Clay","Frozen Egg 2","Omamori"],"potions_floor_usage":[7],"damage_taken":[{"damage":16.0,"enemies":"Small Slimes","floor":1.0,"turns":3.0},{"damage":11.0,"enemies":"Cultist","floor":4.0,"turns":4.0},{"damage":11.0,"enemies":"Jaw Worm","floor":5.0,"turns":4.0},{"damage":31,"enemies":"Lagavulin","floor":7,"turns":6},{"damage":31,"enemies":"Gremlin Nob","floor":11,"turns":4},{"damage":12,"enemies":"3 Louse","floor":13,"turns":4},{"damage":78,"enemies":"Hexaghost","floor":16,"turns":9}],"seed_played":"1682807789608239265","potions_obtained":[{"floor":1.0,"key":"Dexterity Potion"},{"floor":11,"key":"Fire Potion"},{"floor":13,"key":"FairyPotion"}],"is_trial":false,"path_per_floor":["M","?","?","M","M","R","E","R","T","R","E","$","M","?","R","B"],"character_chosen":"IRONCLAD","items_purchased":["Rupture+1","Bloodletting"],"campfire_rested":3,"item_purchase_floors":[12,12],"current_hp_per_floor":[58,58,58,53,48,68,43,43,43,63,38,38,32,49,68,0],"gold":117,"neow_bonus":"REMOVE_TWO","is_prod":false,"is_daily":false,"chose_seed":false,"campfire_upgraded":1,"win_rate":0,"timestamp":1552862396,"path_taken":["M","?","?","M","M","R","E","R","T","R","E","$","M","?","R","BOSS"],"build_version":"2019-01-23","purchased_purges":1,"victory":false,"max_hp_per_floor":[68,68,68,68,68,68,68,68,68,68,68,68,68,68,68,68],"card_choices":[{"not_picked":["Wild Strike","Thunderclap"],"picked":"Feel No Pain","floor":1.0},{"not_picked":["Sword Boomerang","Body Slam"],"picked":"Inflame","floor":4.0},{"not_picked":["Body Slam","Headbutt"],"picked":"Anger","floor":5.0},{"not_picked":["Rampage","Clash"],"picked":"Armaments","floor":7},{"not_picked":["Shrug It Off","Rampage"],"picked":"Sever Soul","floor":11},{"not_picked":["Combust+1","Intimidate"],"picked":"Metallicize+1","floor":13}],"player_experience":255741,"relics_obtained":[{"floor":7,"key":"Self Forming Clay"},{"floor":9,"key":"Frozen Egg 2"},{"floor":11,"key":"Omamori"}],"event_choices":[{"damage_healed":0.0,"max_hp_gain":0.0,"max_hp_loss":0.0,"gold_gain":0.0,"event_name":"Liars Game","player_choice":"Ignored","floor":2.0,"gold_loss":0.0,"damage_taken":0.0},{"damage_healed":0.0,"max_hp_gain":0.0,"max_hp_loss":0.0,"gold_gain":0.0,"event_name":"Big Fish","player_choice":"Box","floor":3.0,"gold_loss":0.0,"damage_taken":0.0,"relics_obtained":["MawBank"],"cards_obtained":["Regret"]},{"damage_healed":17,"gold_gain":0,"player_choice":"Healed","damage_taken":0,"max_hp_gain":0,"max_hp_loss":0,"event_name":"The Cleric","floor":14,"gold_loss":35}],"is_beta":false,"boss_relics":[],"items_purged_floors":[12],"is_endless":false,"potions_floor_spawned":[1,11,13],"killed_by":"Hexaghost","ascension_level":20}