{"gold_per_floor":[115,40,57,57,7,48,68,68,68,68,92,110,110,110,110,231,231,245,245,245,245,265,298,321,31,57,76,120,135,135,160,160,160],"floor_reached":33,"playtime":2705,"items_purged":["Strike_R","Berserk"],"score":312,"play_id":"851cb3ed-89e9-4eb9-8cb0-88bf7585d2b4","local_time":"20181105233828","is_ascension_mode":false,"campfire_choices":[{"data":"Bash","floor":8,"key":"SMITH"},{"data":"Shrug It Off","floor":10,"key":"SMITH"},{"data":"Defend_R","floor":13,"key":"SMITH"},{"data":"Strike_R","floor":15,"key":"SMITH"},{"floor":30,"key":"REST"},{"floor":32,"key":"REST"}],"neow_cost":"NONE","seed_source_timestamp":264266546356,"circlet_count":0,"master_deck":["Strike_R+1","Strike_R+1","Strike_R+1","Strike_R+1","Defend_R+1","Defend_R+1","Defend_R+1","Bash+1","Shrug It Off+1","Body Slam","RitualDagger","True Grit","Parasite","Iron Wave"],"relics":["Burning Blood","Golden Idol","Darkstone Periapt","Mercury Hourglass","Cursed Key","Calipers","Lee\u0027s Waffle","Potion Belt","Self Forming Clay"],"potions_floor_usage":[6,16,16,23,31,33,33],"damage_taken":[{"damage":1,"enemies":"Cultist","floor":1,"turns":4},{"damage":0,"enemies":"2 Louse","floor":3,"turns":3},{"damage":26,"enemies":"3 Sentries","floor":6,"turns":9},{"damage":0,"enemies":"Small Slimes","floor":7,"turns":4},{"damage":0,"enemies":"Looter","floor":11,"turns":3},{"damage":6,"enemies":"Large Slime","floor":12,"turns":6},{"damage":48,"enemies":"Slime Boss","floor":16,"turns":8},{"damage":8,"enemies":"2 Thieves","floor":18,"turns":5},{"damage":12,"enemies":"Spheric Guardian","floor":22,"turns":6},{"damage":18,"enemies":"Slavers","floor":23,"turns":6},{"damage":8,"enemies":"Snecko","floor":24,"turns":5},{"damage":14,"enemies":"3 Cultists","floor":27,"turns":6},{"damage":84,"enemies":"Book of Stabbing","floor":28,"turns":8},{"damage":11,"enemies":"Chosen and Byrds","floor":29,"turns":5},{"damage":4,"enemies":"Shelled Parasite and Fungi","floor":31,"turns":6},{"damage":88,"enemies":"Champ","floor":33,"turns":16}],"seed_played":"-5276417368819202864","potions_obtained":[{"floor":3,"key":"AttackPotion"},{"floor":6,"key":"AttackPotion"},{"floor":11,"key":"SteroidPotion"},{"floor":18,"key":"Weak Potion"},{"floor":22,"key":"Strength Potion"},{"floor":28,"key":"AttackPotion"},{"floor":29,"key":"Dexterity Potion"}],"is_trial":false,"path_per_floor":["M","$","M","?","?","E","M","R","T","R","M","M","R","?","R","B",null,"M","?","?","?","M","E","M","$","T","M","E","M","R","M","R","B"],"character_chosen":"IRONCLAD","items_purchased":["Lee\u0027s Waffle"],"campfire_rested":2,"item_purchase_floors":[25],"current_hp_per_floor":[88,88,88,66,66,46,52,52,52,52,58,58,58,58,58,16,88,86,80,80,80,74,62,60,95,101,93,15,10,40,42,72,0],"gold":160,"neow_bonus":"TEN_PERCENT_HP_BONUS","is_prod":false,"is_daily":false,"chose_seed":false,"campfire_upgraded":4,"win_rate":0,"timestamp":1541479108,"path_taken":["M","$","?","?","?","E","M","R","T","R","M","M","R","?","R","BOSS","M","?","?","?","M","E","M","?","T","M","E","M","R","M","R","BOSS"],"build_version":"2018-11-01","purchased_purges":2,"victory":false,"max_hp_per_floor":[88,88,88,88,88,88,88,88,88,88,88,88,88,88,88,88,88,88,88,88,88,88,88,88,95,101,101,101,101,101,101,101,101],"card_choices":[{"not_picked":["Pommel Strike","True Grit"],"picked":"Shrug It Off","floor":1},{"not_picked":["Reckless Charge","Rampage","Fire Breathing"],"picked":"SKIP","floor":3},{"not_picked":["Disarm","Bludgeon","Perfected Strike"],"picked":"SKIP","floor":6},{"not_picked":["Sword Boomerang","Heavy Blade","Anger"],"picked":"SKIP","floor":7},{"not_picked":["Clothesline","Iron Wave","Feel No Pain"],"picked":"SKIP","floor":11},{"not_picked":["Corruption","Ghostly Armor","Anger"],"picked":"SKIP","floor":12},{"not_picked":["Metallicize","Twin Strike"],"picked":"Body Slam","floor":18},{"not_picked":["Whirlwind+1","Heavy Blade+1","Headbutt"],"picked":"SKIP","floor":22},{"not_picked":["Perfected Strike+1","Sever Soul+1"],"picked":"Berserk","floor":23},{"not_picked":["Wild Strike","Perfected Strike"],"picked":"True Grit","floor":24},{"not_picked":["Warcry","Infernal Blade","Twin Strike"],"picked":"SKIP","floor":27},{"not_picked":["Juggernaut","Warcry","Burning Pact+1"],"picked":"SKIP","floor":28},{"not_picked":["Feel No Pain","Anger","Burning Pact"],"picked":"SKIP","floor":29},{"not_picked":["Carnage","Clash"],"picked":"Iron Wave","floor":31}],"player_experience":238137,"relics_obtained":[{"floor":6,"key":"Darkstone Periapt"},{"floor":9,"key":"Mercury Hourglass"},{"floor":23,"key":"Calipers"},{"floor":26,"key":"Potion Belt"},{"floor":28,"key":"Self Forming Clay"}],"event_choices":[{"damage_healed":0,"gold_gain":0,"player_choice":"Take Damage","damage_taken":22,"relics_obtained":["Golden Idol"],"max_hp_gain":0,"max_hp_loss":0,"event_name":"Golden Idol","floor":4,"gold_loss":0},{"cards_removed":["Defend_R"],"damage_healed":0,"gold_gain":0,"player_choice":"Card Removal","damage_taken":0,"max_hp_gain":0,"max_hp_loss":0,"event_name":"The Cleric","floor":5,"gold_loss":50},{"damage_healed":0,"gold_gain":0,"player_choice":"Ignored","damage_taken":0,"max_hp_gain":0,"max_hp_loss":0,"event_name":"Liars Game","floor":14,"gold_loss":0},{"damage_healed":0,"gold_gain":0,"player_choice":"Joined the Cult","damage_taken":6,"max_hp_gain":0,"max_hp_loss":0,"event_name":"Nest","floor":19,"gold_loss":0,"cards_obtained":["RitualDagger"]},{"damage_healed":0,"gold_gain":0,"player_choice":"Ignored","damage_taken":0,"max_hp_gain":0,"max_hp_loss":0,"event_name":"Vampires","floor":20,"gold_loss":0},{"damage_healed":0,"gold_gain":0,"player_choice":"Simplicity","damage_taken":0,"max_hp_gain":0,"max_hp_loss":0,"event_name":"Back to Basics","floor":21,"gold_loss":0,"cards_upgraded":["Strike_R","Strike_R","Strike_R","Defend_R","Defend_R"]}],"is_beta":false,"boss_relics":[{"not_picked":["Philosopher\u0027s Stone","Black Blood"],"picked":"Cursed Key"}],"items_purged_floors":[2,25],"is_endless":false,"potions_floor_spawned":[3,6,11,18,22,28,29],"killed_by":"Champ","ascension_level":0}