{"gold_per_floor":[363,363,378,393,49,49,74,74,74,89,101,1,21,49,49,151,151,163,163,8,8,8,43,43,70,70,85,120,120,35,64,64,162,212,231,231,211,86,98,98,126,126,126,136,136,136,165,165,165,165,165,165,14,40,40],"floor_reached":55,"playtime":2434,"items_purged":["Strike_B","Strike_B","Defend_B"],"score":900,"play_id":"8e1d7277-e3bd-4e95-b689-9136ae3a426c","local_time":"20190214162711","is_ascension_mode":true,"campfire_choices":[{"data":"Defragment","floor":6.0,"key":"SMITH"},{"data":"Zap","floor":8.0,"key":"SMITH"},{"data":"Dualcast","floor":15.0,"key":"SMITH"},{"data":"Meteor Strike","floor":24.0,"key":"SMITH"},{"floor":29.0,"key":"REST"},{"data":"FTL","floor":32.0,"key":"SMITH"},{"data":"Meteor Strike","floor":40.0,"key":"SMITH"},{"floor":46.0,"key":"RECALL"},{"data":"Machine Learning","floor":49.0,"key":"SMITH"},{"data":"Defend_B","floor":52.0,"key":"SMITH"}],"neow_cost":"TEN_PERCENT_HP_LOSS","seed_source_timestamp":0,"circlet_count":0,"master_deck":["Defend_B","Defend_B","Defend_B+1","Zap+1","Dualcast+1","FTL+1","Defragment+1","Multi-Cast+1","Fusion+1","Meteor Strike+1","Fusion+1","Thunder Strike+1","Machine Learning+1","Coolheaded+1","Coolheaded+1","Meteor Strike+1","Hologram+1","Coolheaded+1","Seek+1"],"special_seed":0,"relics":["Cracked Core","OrangePellets","Toxic Egg 2","PreservedInsect","Juzu Bracelet","Runic Dome","Blood Vial","Symbiotic Virus","Mummified Hand","Bottled Flame","Unceasing Top","Bag of Preparation","Art of War","Tiny House","Boot","Mango","DataDisk","Bird Faced Urn"],"potions_floor_usage":[55],"damage_taken":[{"damage":3.0,"enemies":"2 Louse","floor":1.0,"turns":2.0},{"damage":2.0,"enemies":"Small Slimes","floor":3.0,"turns":3.0},{"damage":1.0,"enemies":"Cultist","floor":4.0,"turns":3.0},{"damage":8.0,"enemies":"Gremlin Nob","floor":7.0,"turns":3.0},{"damage":11.0,"enemies":"Lots of Slimes","floor":10.0,"turns":3.0},{"damage":1.0,"enemies":"2 Fungi Beasts","floor":11.0,"turns":3.0},{"damage":2.0,"enemies":"Large Slime","floor":13.0,"turns":6.0},{"damage":16.0,"enemies":"3 Sentries","floor":14.0,"turns":5.0},{"damage":19.0,"enemies":"Hexaghost","floor":16.0,"turns":6.0},{"damage":18.0,"enemies":"3 Byrds","floor":18.0,"turns":6.0},{"damage":31.0,"enemies":"Book of Stabbing","floor":23.0,"turns":4.0},{"damage":8.0,"enemies":"Gremlin Leader","floor":25.0,"turns":2.0},{"damage":0.0,"enemies":"2 Thieves","floor":27.0,"turns":4.0},{"damage":5.0,"enemies":"Slavers","floor":28.0,"turns":4.0},{"damage":0.0,"enemies":"Book of Stabbing","floor":31.0,"turns":3.0},{"damage":1.0,"enemies":"Automaton","floor":33.0,"turns":6.0},{"damage":2.0,"enemies":"3 Shapes","floor":35.0,"turns":3.0},{"damage":6.0,"enemies":"Orb Walker","floor":39.0,"turns":3.0},{"damage":0.0,"enemies":"Giant Head","floor":41.0,"turns":3.0},{"damage":0.0,"enemies":"Maw","floor":44.0,"turns":2.0},{"damage":0.0,"enemies":"Reptomancer","floor":47.0,"turns":4.0},{"damage":82.0,"enemies":"Time Eater","floor":50.0,"turns":8.0},{"damage":8.0,"enemies":"Shield and Spear","floor":54.0,"turns":3.0},{"damage":86,"enemies":"The Heart","floor":55,"turns":5}],"seed_played":"8117038657684093346","potions_obtained":[{"floor":1.0,"key":"AttackPotion"},{"floor":3.0,"key":"PowerPotion"},{"floor":4.0,"key":"FearPotion"},{"floor":11.0,"key":"Regen Potion"},{"floor":14.0,"key":"Poison Potion"},{"floor":18.0,"key":"Poison Potion"},{"floor":27.0,"key":"EssenceOfSteel"},{"floor":28.0,"key":"LiquidBronze"},{"floor":34.0,"key":"FairyPotion"},{"floor":37.0,"key":"Poison Potion"},{"floor":41.0,"key":"SkillPotion"},{"floor":48.0,"key":"PowerPotion"},{"floor":48.0,"key":"PowerPotion"}],"is_trial":false,"path_per_floor":["M","?","M","M","$","R","E","R","T","M","M","$","M","E","R","B",null,"M","?","$","?","$","E","R","E","T","M","E","R","?","E","R","B",null,"M","?","?","$","M","R","E","?","T","M","?","R","E","?","R","B",null,"R","$","E","B"],"character_chosen":"DEFECT","items_purchased":["OrangePellets","FTL","Thunder Strike","DataDisk"],"campfire_rested":1,"item_purchase_floors":[5,5,20,53],"current_hp_per_floor":[65,58,56,55,55,55,47,47,47,36,35,35,33,31,31,12,68,50,50,50,50,50,21,21,15,15,17,14,34,34,36,36,37,73,71,71,71,71,67,67,69,69,69,71,69,69,83,83,83,1,83,83,83,75,0],"gold":40,"neow_bonus":"TWO_FIFTY_GOLD","is_prod":false,"is_daily":false,"chose_seed":false,"campfire_upgraded":8,"win_rate":0,"timestamp":1550158031,"path_taken":["M","?","M","M","$","R","E","R","T","M","M","$","M","E","R","BOSS","M","?","$","?","?","E","R","E","T","M","E","R","?","E","R","BOSS","M","?","?","$","M","R","E","?","T","M","?","R","E","?","R","BOSS","R","$","E","BOSS"],"build_version":"2019-01-23","purchased_purges":3,"victory":false,"max_hp_per_floor":[68,68,68,68,68,68,68,68,68,68,68,68,68,68,68,68,68,68,68,68,68,68,68,68,68,68,68,68,68,68,68,68,68,73,73,73,73,73,73,73,73,73,73,73,69,69,83,83,83,83,83,83,83,83,83],"card_choices":[{"not_picked":["Lockon","Static Discharge","Reprogram"],"picked":"SKIP","floor":1.0},{"not_picked":["Redo","Ball Lightning"],"picked":"FTL","floor":3.0},{"not_picked":["Sweeping Beam","White Noise"],"picked":"Defragment","floor":4.0},{"not_picked":["Barrage","Turbo"],"picked":"Multi-Cast","floor":7.0},{"not_picked":["Go for the Eyes","Ball Lightning"],"picked":"Fusion+1","floor":10.0},{"not_picked":["Redo+1","Capacitor"],"picked":"Fusion+1","floor":11.0},{"not_picked":["Hologram+1","Streamline","Beam Cell"],"picked":"SKIP","floor":13.0},{"not_picked":["Streamline","Barrage","Beam Cell"],"picked":"SKIP","floor":14.0},{"not_picked":["Electrodynamics","Biased Cognition"],"picked":"Meteor Strike","floor":16.0},{"not_picked":["Turbo+1","Gash"],"picked":"Fusion+1","floor":18.0},{"not_picked":["Steam+1","Leap+1"],"picked":"Coolheaded+1","floor":23.0},{"not_picked":["Recycle+1","Sweeping Beam"],"picked":"Coolheaded+1","floor":25.0},{"not_picked":["Cold Snap+1","Turbo+1","Beam Cell+1"],"picked":"SKIP","floor":27.0},{"not_picked":["Force Field+1","Skim+1","Barrage"],"picked":"SKIP","floor":28.0},{"not_picked":["Steam+1","Compile Driver","Capacitor+1"],"picked":"SKIP","floor":31.0},{"not_picked":["All For One","Fission+1"],"picked":"Meteor Strike","floor":33.0},{"not_picked":["Lockon+1","Barrage"],"picked":"Hologram+1","floor":34.0},{"not_picked":["Gash+1","Compile Driver","Leap+1"],"picked":"SKIP","floor":35.0},{"not_picked":["Blizzard+1","Beam Cell","Streamline"],"picked":"SKIP","floor":39.0},{"not_picked":["Storm","Gash"],"picked":"Coolheaded+1","floor":41.0},{"not_picked":["Beam Cell+1","Rebound","Lockon+1"],"picked":"SKIP","floor":44.0},{"not_picked":["Static Discharge","Scrape"],"picked":"Seek+1","floor":47.0},{"not_picked":["Blizzard+1","Barrage+1","Leap+1"],"picked":"SKIP","floor":54.0}],"player_experience":1072047,"relics_obtained":[{"floor":7.0,"key":"Toxic Egg 2"},{"floor":9.0,"key":"PreservedInsect"},{"floor":14.0,"key":"Juzu Bracelet"},{"floor":23.0,"key":"Symbiotic Virus"},{"floor":25.0,"key":"Mummified Hand"},{"floor":26.0,"key":"Bottled Flame"},{"floor":28.0,"key":"Unceasing Top"},{"floor":31.0,"key":"Art of War"},{"floor":41.0,"key":"Boot"},{"floor":47.0,"key":"Mango"},{"floor":54.0,"key":"Bird Faced Urn"}],"event_choices":[{"cards_removed":["Strike_B"],"damage_healed":0.0,"max_hp_gain":0.0,"max_hp_loss":0.0,"gold_gain":0.0,"event_name":"Golden Wing","player_choice":"Card Removal","floor":2.0,"gold_loss":0.0,"damage_taken":7.0},{"cards_removed":["Fusion"],"damage_healed":0.0,"max_hp_gain":0.0,"max_hp_loss":0.0,"gold_gain":0.0,"event_name":"WeMeetAgain","player_choice":"Gave Card","floor":19.0,"gold_loss":0.0,"damage_taken":0.0,"relics_obtained":["Blood Vial"]},{"damage_healed":0.0,"max_hp_gain":0.0,"max_hp_loss":0.0,"gold_gain":0.0,"cards_transformed":["Strike_B"],"event_name":"Transmorgrifier","player_choice":"Transformed","floor":21.0,"gold_loss":0.0,"damage_taken":0.0,"cards_obtained":["Machine Learning"]},{"damage_healed":0.0,"max_hp_gain":0.0,"max_hp_loss":0.0,"gold_gain":0.0,"event_name":"Addict","player_choice":"Obtained Relic","floor":30.0,"gold_loss":85.0,"damage_taken":0.0,"relics_obtained":["Bag of Preparation"]},{"damage_healed":0.0,"max_hp_gain":0.0,"max_hp_loss":0.0,"gold_gain":0.0,"event_name":"Tomb of Lord Red Mask","player_choice":"Ignored","floor":36.0,"gold_loss":0.0,"damage_taken":0.0},{"damage_healed":0.0,"max_hp_gain":0.0,"max_hp_loss":0.0,"gold_gain":0.0,"event_name":"The Woman in Blue","player_choice":"Bought 1 Potion","floor":37.0,"gold_loss":0.0,"damage_taken":0.0},{"cards_removed":["FTL"],"damage_healed":0.0,"max_hp_gain":0.0,"max_hp_loss":0.0,"gold_gain":0.0,"event_name":"Falling","player_choice":"Removed Attack","floor":42.0,"gold_loss":0.0,"damage_taken":0.0},{"damage_healed":0.0,"max_hp_gain":0.0,"max_hp_loss":4.0,"gold_gain":0.0,"event_name":"Winding Halls","player_choice":"Max HP","floor":45.0,"gold_loss":0.0,"damage_taken":0.0},{"damage_healed":0.0,"max_hp_gain":0.0,"max_hp_loss":0.0,"gold_gain":0.0,"event_name":"Lab","player_choice":"Got Potions","floor":48.0,"gold_loss":0.0,"damage_taken":0.0}],"is_beta":false,"boss_relics":[{"not_picked":["Calling Bell","Orrery"],"picked":"Runic Dome"},{"not_picked":["Velvet Choker","Lizard Tail"],"picked":"Tiny House"}],"items_purged_floors":[5,12,38],"is_endless":false,"potions_floor_spawned":[1,3,4,11,14,18,27,28,39,41],"killed_by":"The Heart","ascension_level":1}