{"gold_per_floor":[119,135,151,151,151,190,190,229,284,302,302,302,321,342,342,465,465,483,44,44,59,59,94,94,127,427,462,478,66,87,102,102,222,222,238,238,253,62,78,78],"floor_reached":40,"playtime":4525,"items_purged":[],"score":556,"play_id":"a0b051d7-20d2-4f83-a816-84af12c5d8c8","local_time":"20180723230840","is_ascension_mode":true,"campfire_choices":[{"floor":7.0,"key":"REST"},{"floor":12.0,"key":"REST"},{"floor":15.0,"key":"REST"},{"data":"Skewer","floor":24.0,"key":"SMITH"},{"data":"Infinite Blades","floor":32.0,"key":"SMITH"}],"neow_cost":"","seed_source_timestamp":420922194762135,"circlet_count":0,"master_deck":["Defend_G","Defend_G","Defend_G","Strike_G","Strike_G","Strike_G","Strike_G","Strike_G","Survivor","Neutralize","Acrobatics","Skewer+1","Wraith Form v2","Envenom","Noxious Fumes","All Out Attack","Predator","Noxious Fumes","All Out Attack+1","Bane","Setup","Infinite Blades+1","Dagger Spray","Slice+1","Bullet Time","Infinite Blades+1","Blade Dance"],"special_seed":0,"relics":["Ring of the Snake","Golden Idol","Mercury Hourglass","Oddly Smooth Stone","Anchor","Busted Crown","Bottled Tornado","Orichalcum","Pantograph","Old Coin","Omamori","Lee\u0027s Waffle","WristBlade","DollysMirror"],"potions_floor_usage":[40],"damage_taken":[{"damage":1.0,"enemies":"Cultist","floor":1.0,"turns":5.0},{"damage":4.0,"enemies":"Jaw Worm","floor":2.0,"turns":5.0},{"damage":5.0,"enemies":"2 Louse","floor":3.0,"turns":3.0},{"damage":28.0,"enemies":"Gremlin Nob","floor":6.0,"turns":5.0},{"damage":19.0,"enemies":"3 Sentries","floor":8.0,"turns":7.0},{"damage":0.0,"enemies":"2 Fungi Beasts","floor":10.0,"turns":3.0},{"damage":2.0,"enemies":"Blue Slaver","floor":13.0,"turns":4.0},{"damage":1.0,"enemies":"Looter","floor":14.0,"turns":3.0},{"damage":27.0,"enemies":"The Guardian","floor":16.0,"turns":15.0},{"damage":14.0,"enemies":"3 Byrds","floor":18.0,"turns":5.0},{"damage":6.0,"enemies":"2 Thieves","floor":21.0,"turns":4.0},{"damage":10.0,"enemies":"Book of Stabbing","floor":23.0,"turns":6.0},{"damage":0.0,"enemies":"Gremlin Leader","floor":25.0,"turns":5.0},{"damage":4.0,"enemies":"Slavers","floor":27.0,"turns":6.0},{"damage":0.0,"enemies":"Chosen and Byrds","floor":28.0,"turns":5.0},{"damage":14.0,"enemies":"Snecko","floor":30.0,"turns":4.0},{"damage":0.0,"enemies":"Cultist and Chosen","floor":31.0,"turns":4.0},{"damage":10.0,"enemies":"Champ","floor":33.0,"turns":10.0},{"damage":26.0,"enemies":"3 Darklings","floor":35.0,"turns":3.0},{"damage":7.0,"enemies":"Flame Bruiser 1 Orb","floor":37.0,"turns":4.0},{"damage":11.0,"enemies":"Sphere and 2 Shapes","floor":39.0,"turns":3.0},{"damage":50,"enemies":"2 Orb Walkers","floor":40,"turns":4}],"seed_played":"-8465973446165050612","potions_obtained":[{"floor":2.0,"key":"LiquidBronze"},{"floor":3.0,"key":"GhostInAJar"},{"floor":8.0,"key":"PowerPotion"},{"floor":13.0,"key":"SteroidPotion"},{"floor":14.0,"key":"EssenceOfSteel"},{"floor":27.0,"key":"Swift Potion"}],"is_trial":false,"path_per_floor":["M","M","M","?","?","E","R","E","T","M","?","R","M","M","R","B",null,"M","$","?","M","?","E","R","E","T","E","M","$","M","M","R","B",null,"M","?","M","$","M"],"character_chosen":"THE_SILENT","items_purchased":["Noxious Fumes","Bottled Tornado","GhostInAJar","All Out Attack","Lee\u0027s Waffle","Infinite Blades","Dagger Spray","GhostInAJar","DollysMirror"],"campfire_rested":3,"item_purchase_floors":[19,19,19,19,29,29,29,29,38],"current_hp_per_floor":[69,65,60,65,47,19,41,22,22,22,15,37,35,34,56,29,75,61,61,61,55,55,45,45,45,45,41,41,82,68,68,68,72,82,56,56,49,49,38,0],"gold":78,"neow_bonus":"","is_prod":false,"is_daily":false,"chose_seed":false,"campfire_upgraded":2,"win_rate":0,"timestamp":1532401720,"path_taken":["M","M","M","?","?","E","R","E","T","M","?","R","M","M","R","BOSS","M","$","?","?","?","E","R","E","T","E","M","$","M","M","R","BOSS","M","?","M","$","M","E"],"build_version":"2018-07-19v2","purchased_purges":0,"victory":false,"max_hp_per_floor":[70,70,70,75,75,75,75,75,75,75,75,75,75,75,75,75,75,75,75,75,75,75,75,75,75,75,75,75,82,82,82,82,82,82,82,82,82,82,82,82],"card_choices":[{"not_picked":["Slice","Dagger Spray"],"picked":"Acrobatics","floor":1.0},{"not_picked":["Crippling Poison","Poisoned Stab","Outmaneuver"],"picked":"SKIP","floor":2.0},{"not_picked":["Bouncing Flask","Poisoned Stab"],"picked":"Skewer","floor":3.0},{"not_picked":["Deflect","Eviscerate","Dodge and Roll"],"picked":"SKIP","floor":6.0},{"not_picked":["Underhanded Strike","Quick Slash"],"picked":"Wraith Form v2","floor":8.0},{"not_picked":["PiercingWail","Backflip","Underhanded Strike"],"picked":"SKIP","floor":10.0},{"not_picked":["Eviscerate","Acrobatics","Slice"],"picked":"SKIP","floor":13.0},{"not_picked":["Backflip","Sucker Punch"],"picked":"Envenom","floor":14.0},{"not_picked":["Skewer"],"picked":"SKIP","floor":18.0},{"not_picked":[],"picked":"Predator","floor":21.0},{"not_picked":["All Out Attack"],"picked":"SKIP","floor":23.0},{"not_picked":[],"picked":"All Out Attack+1","floor":25.0},{"not_picked":[],"picked":"Bane","floor":27.0},{"not_picked":[],"picked":"Setup","floor":28.0},{"not_picked":[],"picked":"Slice+1","floor":30.0},{"not_picked":["Sucker Punch"],"picked":"SKIP","floor":31.0},{"not_picked":[],"picked":"Bullet Time","floor":33.0},{"not_picked":["Deflect+1"],"picked":"SKIP","floor":35.0},{"not_picked":["Flying Knee+1"],"picked":"SKIP","floor":37.0},{"not_picked":[],"picked":"Blade Dance","floor":39.0}],"player_experience":161771,"relics_obtained":[{"floor":6.0,"key":"Mercury Hourglass"},{"floor":8.0,"key":"Oddly Smooth Stone"},{"floor":9.0,"key":"Anchor"},{"floor":23.0,"key":"Orichalcum"},{"floor":25.0,"key":"Pantograph"},{"floor":26.0,"key":"Old Coin"},{"floor":27.0,"key":"Omamori"}],"event_choices":[{"event_name":"Big Fish","player_choice":"Donut","floor":4.0,"damage_taken":0.0},{"event_name":"Golden Idol","player_choice":"Take Damage","floor":5.0,"damage_taken":0.0},{"event_name":"Golden Wing","player_choice":"Card Removal","floor":11.0,"damage_taken":0.0},{"event_name":"Wheel of Change","player_choice":"Card Removal","floor":20.0,"damage_taken":0.0},{"event_name":"The Library","player_choice":"Read","floor":22.0,"damage_taken":0.0},{"event_name":"Wheel of Change","player_choice":"Curse","floor":36.0,"damage_taken":0.0}],"is_beta":false,"boss_relics":[{"not_picked":["Orrery","Fusion Hammer"],"picked":"Busted Crown"},{"not_picked":["Calling Bell","Astrolabe"],"picked":"WristBlade"}],"items_purged_floors":[],"is_endless":false,"potions_floor_spawned":[2,3,8,13,14,18,21,27,28],"killed_by":"2 Orb Walkers","ascension_level":2}