{"gold_per_floor":[114,79,97,97,118,153,153,169,169,169,32,53,73,116,116,211,211,231,105,128,43,67,67,140,2,2,22,45,45,45,65,65,65],"floor_reached":33,"playtime":2960,"items_purged":["Decay","Writhe"],"score":488,"play_id":"a4dfe771-92e8-4d15-bffd-04ec215d65be","local_time":"20190312222011","is_ascension_mode":true,"campfire_choices":[{"floor":7.0,"key":"REST"},{"data":"Immolate","floor":10.0,"key":"SMITH"},{"data":"True Grit","floor":15.0,"key":"SMITH"},{"data":"True Grit","floor":23.0,"key":"SMITH"},{"floor":30,"key":"REST"},{"data":"Fiend Fire","floor":32,"key":"SMITH"}],"neow_cost":"PERCENT_DAMAGE","seed_source_timestamp":1252087771350,"circlet_count":0,"master_deck":["AscendersBane","Strike_R","Strike_R","Strike_R","Strike_R","Strike_R","Defend_R","Defend_R","Defend_R","Defend_R","Bash","Immolate+1","Headbutt","Battle Trance","Demon Form","True Grit+1","Anger","Metallicize","Impervious","Parasite","Twin Strike","True Grit+1","Double Tap","Twin Strike","Twin Strike","Feel No Pain","Perfected Strike","Fiend Fire+1","Heavy Blade"],"special_seed":0,"relics":["Burning Blood","Golden Idol","Mummified Hand","Matryoshka","Gremlin Horn","Calling Bell","Dream Catcher","Self Forming Clay","Dead Branch","Pen Nib","Tiny Chest","Centennial Puzzle","Question Card","MutagenicStrength"],"potions_floor_usage":[33],"damage_taken":[{"damage":0.0,"enemies":"2 Louse","floor":1.0,"turns":1.0},{"damage":13.0,"enemies":"Jaw Worm","floor":3.0,"turns":5.0},{"damage":0.0,"enemies":"Cultist","floor":5.0,"turns":2.0},{"damage":40.0,"enemies":"Lagavulin","floor":6.0,"turns":4.0},{"damage":0.0,"enemies":"Lots of Slimes","floor":8.0,"turns":1.0},{"damage":20.0,"enemies":"Large Slime","floor":12.0,"turns":3.0},{"damage":0.0,"enemies":"3 Louse","floor":13.0,"turns":1.0},{"damage":3.0,"enemies":"3 Sentries","floor":14.0,"turns":4.0},{"damage":24.0,"enemies":"The Guardian","floor":16.0,"turns":11.0},{"damage":24.0,"enemies":"Shell Parasite","floor":18.0,"turns":7.0},{"damage":7.0,"enemies":"3 Byrds","floor":20.0,"turns":4.0},{"damage":18.0,"enemies":"3 Cultists","floor":22.0,"turns":5.0},{"damage":16.0,"enemies":"Gremlin Leader","floor":24.0,"turns":6.0},{"damage":18.0,"enemies":"Shelled Parasite and Fungi","floor":27.0,"turns":5.0},{"damage":3,"enemies":"Cultist and Chosen","floor":28,"turns":4},{"damage":9,"enemies":"Chosen and Byrds","floor":31,"turns":4},{"damage":36,"enemies":"Automaton","floor":33,"turns":4}],"seed_played":"4992531084440248872","potions_obtained":[{"floor":3.0,"key":"FearPotion"},{"floor":8.0,"key":"Energy Potion"},{"floor":16.0,"key":"LiquidBronze"},{"floor":22.0,"key":"Energy Potion"},{"floor":27.0,"key":"FearPotion"},{"floor":31,"key":"AttackPotion"}],"is_trial":false,"path_per_floor":["M","?","M","?","M","E","R","M","T","R","$","M","M","E","R","B",null,"M","$","M","?","M","R","E","$","T","M","M","?","R","M","R","B"],"character_chosen":"IRONCLAD","items_purchased":["Demon Form","True Grit","Feel No Pain"],"campfire_rested":2,"item_purchase_floors":[11,19,25],"current_hp_per_floor":[56,74,67,41,47,13,35,41,41,41,41,27,33,36,36,18,61,43,43,42,42,30,30,20,20,20,8,11,11,33,30,30,0],"gold":65,"neow_bonus":"THREE_RARE_CARDS","is_prod":false,"is_daily":false,"chose_seed":false,"campfire_upgraded":4,"win_rate":0,"timestamp":1552443611,"path_taken":["M","?","M","?","M","E","R","M","T","R","?","?","M","E","R","BOSS","M","$","?","?","M","R","E","$","T","M","M","?","R","M","R","BOSS"],"build_version":"2019-01-23","purchased_purges":2,"victory":false,"max_hp_per_floor":[75,75,75,75,75,75,75,75,75,75,75,75,75,75,75,75,75,75,75,75,75,75,75,75,75,75,75,75,75,75,75,75,75],"card_choices":[{"not_picked":["Demon Form","Brutality"],"picked":"Immolate","floor":0.0},{"not_picked":["Havoc","Heavy Blade","Clash"],"picked":"SKIP","floor":1.0},{"not_picked":["Perfected Strike","Twin Strike"],"picked":"Headbutt","floor":3.0},{"not_picked":["Flex","Combust"],"picked":"Battle Trance","floor":5.0},{"not_picked":["Perfected Strike","Sword Boomerang","Hemokinesis"],"picked":"SKIP","floor":6.0},{"not_picked":["Whirlwind","Reckless Charge","Sword Boomerang"],"picked":"SKIP","floor":8.0},{"not_picked":["Battle Trance","Thunderclap"],"picked":"True Grit","floor":12.0},{"not_picked":["Headbutt","Wild Strike"],"picked":"Anger","floor":13.0},{"not_picked":["Bludgeon","Clothesline"],"picked":"Metallicize","floor":14.0},{"not_picked":["Immolate","Berserk"],"picked":"Impervious","floor":16.0},{"not_picked":["Clash","Anger"],"picked":"Twin Strike","floor":18.0},{"not_picked":["Pommel Strike","Heavy Blade"],"picked":"Double Tap","floor":20.0},{"not_picked":["Clash","Pommel Strike"],"picked":"Twin Strike","floor":22.0},{"not_picked":["Flex+1","Armaments"],"picked":"Twin Strike","floor":24.0},{"not_picked":["Thunderclap","Havoc","Body Slam"],"picked":"Perfected Strike","floor":27.0},{"not_picked":["Flex","Flame Barrier","Sword Boomerang+1"],"picked":"Fiend Fire","floor":28},{"not_picked":["Infernal Blade","Anger","Combust"],"picked":"Heavy Blade","floor":30},{"not_picked":["Wild Strike","Entrench","Iron Wave","Cleave+1"],"picked":"SKIP","floor":31}],"player_experience":695218,"relics_obtained":[{"floor":6.0,"key":"Mummified Hand"},{"floor":9.0,"key":"Matryoshka"},{"floor":14.0,"key":"Gremlin Horn"},{"floor":17.0,"key":"Dream Catcher"},{"floor":17.0,"key":"Self Forming Clay"},{"floor":17.0,"key":"Dead Branch"},{"floor":24.0,"key":"Tiny Chest"},{"floor":26.0,"key":"Centennial Puzzle"},{"floor":26.0,"key":"Question Card"}],"event_choices":[{"damage_healed":18.0,"max_hp_gain":0.0,"max_hp_loss":0.0,"gold_gain":0.0,"event_name":"The Cleric","player_choice":"Healed","floor":2.0,"gold_loss":35.0,"damage_taken":0.0},{"damage_healed":0.0,"max_hp_gain":0.0,"max_hp_loss":0.0,"gold_gain":0.0,"event_name":"Golden Idol","player_choice":"Take Damage","floor":4.0,"gold_loss":0.0,"damage_taken":26.0,"relics_obtained":["Golden Idol"]},{"damage_healed":0.0,"max_hp_gain":0.0,"max_hp_loss":0.0,"gold_gain":0.0,"event_name":"Addict","player_choice":"Obtained Relic","floor":21.0,"gold_loss":85.0,"damage_taken":0.0,"relics_obtained":["Pen Nib"]},{"damage_healed":0,"gold_gain":0,"player_choice":"Inject Mutagens","damage_taken":0,"relics_obtained":["MutagenicStrength"],"max_hp_gain":0,"max_hp_loss":0,"event_name":"Drug Dealer","floor":29,"gold_loss":0}],"is_beta":false,"boss_relics":[{"not_picked":["Runic Pyramid","Busted Crown"],"picked":"Calling Bell"}],"items_purged_floors":[19,25],"is_endless":false,"potions_floor_spawned":[3,8,13,16,22,27,31],"killed_by":"Automaton","ascension_level":15}