{"gold_per_floor":[111,111,131,131,56,100,200,215,215,234,267,267,306,327,327,451,514,533,92,140,140,20,55,55,90,90,105,126,126,141,191,191,317,317,341,43,43,43,43,81,0,40,65,190,204,31,49,72,72,72],"floor_reached":51,"playtime":2349,"items_purged":["Injury","Demon Form"],"score":897,"play_id":"9e17ee78-3780-48c2-911d-791ffd7acf00","local_time":"20190128172539","is_ascension_mode":true,"campfire_choices":[{"floor":12,"key":"REST"},{"floor":15,"key":"REST"},{"floor":24,"key":"REST"},{"floor":32,"key":"REST"},{"floor":49,"key":"REST"}],"neow_cost":"NONE","seed_source_timestamp":1546681710098485,"circlet_count":0,"master_deck":["Strike_R+1","Strike_R+1","Strike_R+1","Strike_R+1","Strike_R+1","Defend_R+1","Defend_R+1","Defend_R+1","Defend_R+1","Bash","Perfected Strike+1","Inflame","Sword Boomerang+1","Perfected Strike","Exhume","Infernal Blade","Juggernaut","Perfected Strike","Sword Boomerang+1","Necronomicurse","Inflame","Feed","Clothesline+1","Inflame"],"relics":["Burning Blood","Golden Idol","Pear","Dream Catcher","Shuriken","Juzu Bracelet","Pen Nib","Tiny House","Meat on the Bone","Membership Card","Strawberry","Necronomicon","Sundial","Oddly Smooth Stone","Bottled Flame","Dead Branch","Fusion Hammer","Blood Vial","Ancient Tea Set","Toy Ornithopter","Paper Frog","Red Mask","Bag of Preparation","Omamori","Torii","Ginger"],"potions_floor_usage":[11,16,16,23,33,33,33,50,50,50],"damage_taken":[{"damage":1,"enemies":"Jaw Worm","floor":1,"turns":4},{"damage":12,"enemies":"2 Louse","floor":3,"turns":2},{"damage":39,"enemies":"Lagavulin","floor":6,"turns":6},{"damage":0,"enemies":"Cultist","floor":8,"turns":3},{"damage":5,"enemies":"Exordium Wildlife","floor":10,"turns":4},{"damage":6,"enemies":"Gremlin Nob","floor":11,"turns":3},{"damage":41,"enemies":"Lagavulin","floor":13,"turns":6},{"damage":12,"enemies":"Blue Slaver","floor":14,"turns":2},{"damage":47,"enemies":"The Guardian","floor":16,"turns":10},{"damage":10,"enemies":"Chosen","floor":18,"turns":3},{"damage":55,"enemies":"Gremlin Leader","floor":23,"turns":5},{"damage":48,"enemies":"Slavers","floor":25,"turns":4},{"damage":12,"enemies":"Shell Parasite","floor":27,"turns":2},{"damage":22,"enemies":"Shelled Parasite and Fungi","floor":28,"turns":3},{"damage":30,"enemies":"Sentry and Sphere","floor":30,"turns":4},{"damage":48,"enemies":"Collector","floor":33,"turns":5},{"damage":10,"enemies":"Orb Walker","floor":35,"turns":2},{"damage":26,"enemies":"Giant Head","floor":40,"turns":5},{"damage":44,"enemies":"Nemesis","floor":42,"turns":7},{"damage":34,"enemies":"Mind Bloom Boss Battle","floor":44,"turns":4},{"damage":17,"enemies":"3 Darklings","floor":45,"turns":3},{"damage":19,"enemies":"Writhing Mass","floor":47,"turns":5},{"damage":20,"enemies":"Transient","floor":48,"turns":5},{"damage":83,"enemies":"Donu and Deca","floor":50,"turns":6}],"seed_played":"-536437473945580530","potions_obtained":[{"floor":6,"key":"SteroidPotion"},{"floor":8,"key":"LiquidBronze"},{"floor":10,"key":"SpeedPotion"},{"floor":11,"key":"Fire Potion"},{"floor":14,"key":"SkillPotion"},{"floor":17,"key":"Strength Potion"},{"floor":23,"key":"Swift Potion"},{"floor":25,"key":"Explosive Potion"},{"floor":28,"key":"SkillPotion"},{"floor":35,"key":"FearPotion"},{"floor":42,"key":"Dexterity Potion"},{"floor":47,"key":"Dexterity Potion"}],"is_trial":false,"path_per_floor":["M","?","M","?","$","E","?","M","T","M","E","R","E","M","R","B",null,"M","$","T","?","$","E","R","E","T","M","M","?","M","?","R","B",null,"M","$","?","?","$","E","?","E","T","?","M","$","M","M","R","B",null],"character_chosen":"IRONCLAD","items_purchased":["Meat on the Bone","Membership Card","Sundial","Blood Vial","Ancient Tea Set","Toy Ornithopter","Ginger","Inflame"],"campfire_rested":5,"item_purchase_floors":[19,19,22,36,36,36,46,46],"current_hp_per_floor":[80,80,74,72,72,39,39,45,45,46,46,73,38,32,59,18,95,91,91,98,82,82,45,75,45,45,51,47,47,35,35,65,35,102,98,98,98,98,98,80,80,56,56,42,48,48,52,52,84,36],"gold":72,"neow_bonus":"UPGRADE_CARD","is_prod":false,"is_daily":false,"chose_seed":false,"campfire_upgraded":0,"win_rate":0,"timestamp":1548656739,"path_taken":["M","?","M","?","$","E","?","M","T","M","E","R","E","M","R","BOSS","M","$","?","?","?","E","R","E","T","M","M","?","M","?","R","BOSS","M","$","?","?","?","E","?","E","T","?","M","$","M","M","R","BOSS"],"build_version":"2019-01-23","purchased_purges":2,"victory":true,"max_hp_per_floor":[80,80,80,90,90,90,90,90,90,90,90,90,90,90,90,90,95,95,95,102,102,102,102,102,102,102,102,102,102,102,102,102,102,102,102,102,102,102,102,102,102,102,102,102,105,105,108,108,108,108],"card_choices":[{"not_picked":["Anger","Cleave"],"picked":"Perfected Strike","floor":1},{"not_picked":["Entrench","Pommel Strike"],"picked":"Inflame","floor":3},{"not_picked":["Double Tap","Headbutt"],"picked":"Sword Boomerang","floor":6},{"not_picked":["Clash","Iron Wave","Sentinel"],"picked":"SKIP","floor":8},{"not_picked":["Dropkick","Warcry"],"picked":"Perfected Strike","floor":10},{"not_picked":["Uppercut","Fire Breathing"],"picked":"Demon Form","floor":11},{"not_picked":["Seeing Red","Fire Breathing"],"picked":"Exhume","floor":13},{"not_picked":["Clash","Clothesline","Burning Pact"],"picked":"SKIP","floor":14},{"not_picked":["Entrench","Clothesline"],"picked":"Infernal Blade","floor":15},{"not_picked":["Demon Form","Double Tap"],"picked":"Juggernaut","floor":16},{"not_picked":["Spot Weakness","Disarm"],"picked":"Perfected Strike","floor":17},{"not_picked":["Searing Blow","Clothesline"],"picked":"Sword Boomerang+1","floor":18},{"not_picked":["Bloodletting","Perfected Strike"],"picked":"Inflame","floor":23},{"not_picked":["Fiend Fire","Burning Pact","Rage"],"picked":"SKIP","floor":25},{"not_picked":["Flex","Pommel Strike+1","Shockwave"],"picked":"SKIP","floor":27},{"not_picked":["Rupture+1","Iron Wave","Anger"],"picked":"SKIP","floor":28},{"not_picked":["Feel No Pain","Heavy Blade","Combust"],"picked":"SKIP","floor":30},{"not_picked":["Berserk","Exhume"],"picked":"Feed","floor":33},{"not_picked":["Flame Barrier+1","Metallicize","Clash"],"picked":"SKIP","floor":35},{"not_picked":["Corruption","Pummel+1","Evolve+1"],"picked":"SKIP","floor":40},{"not_picked":["Corruption+1","Clash"],"picked":"Clothesline+1","floor":42},{"not_picked":["Burning Pact","True Grit+1","Twin Strike"],"picked":"SKIP","floor":45},{"not_picked":["Bloodletting","Flex","Body Slam"],"picked":"SKIP","floor":47},{"not_picked":["Pommel Strike","Second Wind","Hemokinesis+1"],"picked":"SKIP","floor":48}],"player_experience":105598,"relics_obtained":[{"floor":6,"key":"Dream Catcher"},{"floor":9,"key":"Shuriken"},{"floor":11,"key":"Juzu Bracelet"},{"floor":13,"key":"Pen Nib"},{"floor":20,"key":"Strawberry"},{"floor":21,"key":"Necronomicon"},{"floor":23,"key":"Oddly Smooth Stone"},{"floor":25,"key":"Bottled Flame"},{"floor":26,"key":"Dead Branch"},{"floor":40,"key":"Paper Frog"},{"floor":42,"key":"Bag of Preparation"},{"floor":43,"key":"Omamori"},{"floor":44,"key":"Torii"}],"event_choices":[{"damage_healed":0,"gold_gain":0,"player_choice":"Take Wound","damage_taken":0,"relics_obtained":["Golden Idol"],"max_hp_gain":0,"max_hp_loss":0,"event_name":"Golden Idol","floor":2,"gold_loss":0,"cards_obtained":["Injury"]},{"damage_healed":0,"gold_gain":0,"player_choice":"Success","damage_taken":12,"relics_obtained":["Pear"],"max_hp_gain":0,"max_hp_loss":0,"event_name":"Scrap Ooze","floor":4,"gold_loss":0},{"damage_healed":0,"gold_gain":100,"player_choice":"Pray","damage_taken":0,"max_hp_gain":0,"max_hp_loss":0,"event_name":"Golden Shrine","floor":7,"gold_loss":0},{"damage_healed":0,"gold_gain":0,"player_choice":"Obtained Book","damage_taken":16,"max_hp_gain":0,"max_hp_loss":0,"event_name":"Cursed Tome","floor":21,"gold_loss":0},{"damage_healed":0,"gold_gain":0,"player_choice":"Simplicity","damage_taken":0,"max_hp_gain":0,"max_hp_loss":0,"event_name":"Back to Basics","floor":29,"gold_loss":0,"cards_upgraded":["Strike_R","Strike_R","Strike_R","Strike_R","Strike_R","Defend_R","Defend_R","Defend_R"]},{"damage_healed":0,"gold_gain":100,"player_choice":"Bet on Murderer","damage_taken":0,"max_hp_gain":0,"max_hp_loss":0,"event_name":"The Joust","floor":31,"gold_loss":50},{"damage_healed":0,"gold_gain":0,"player_choice":"Ignored","damage_taken":0,"max_hp_gain":0,"max_hp_loss":0,"event_name":"Transmorgrifier","floor":37,"gold_loss":0},{"damage_healed":0,"gold_gain":0,"player_choice":"Forge","damage_taken":0,"max_hp_gain":0,"max_hp_loss":0,"event_name":"Accursed Blacksmith","floor":38,"gold_loss":0,"cards_upgraded":["Perfected Strike"]},{"damage_healed":0,"gold_gain":0,"player_choice":"Paid","damage_taken":0,"relics_obtained":["Red Mask"],"max_hp_gain":0,"max_hp_loss":0,"event_name":"Tomb of Lord Red Mask","floor":41,"gold_loss":81},{"damage_healed":0,"gold_gain":0,"player_choice":"Fight","damage_taken":0,"max_hp_gain":0,"max_hp_loss":0,"event_name":"MindBloom","floor":44,"gold_loss":0}],"is_beta":false,"boss_relics":[{"not_picked":["Sozu","Pandora\u0027s Box"],"picked":"Tiny House"},{"not_picked":["Runic Dome","Empty Cage"],"picked":"Fusion Hammer"}],"items_purged_floors":[5,36],"is_endless":false,"potions_floor_spawned":[6,8,10,11,13,14,23,25,28,35,42,47],"ascension_level":1}