{"gold_per_floor":[117,137,212,212,137,137,170,170,193,268,285,185,185,201,201,201],"floor_reached":16,"playtime":1483,"items_purged":["Strike_R","Strike_R"],"score":98,"play_id":"6a1274f3-d6b9-419c-a324-38bce1feaf0d","local_time":"20180716194710","is_ascension_mode":false,"campfire_choices":[{"data":"Body Slam","floor":6,"key":"SMITH"},{"data":"Battle Trance","floor":8,"key":"SMITH"},{"data":"Pommel Strike","floor":13,"key":"SMITH"},{"floor":15,"key":"REST"}],"neow_cost":"NONE","seed_source_timestamp":175119153855146,"circlet_count":0,"master_deck":["Strike_R","Strike_R","Defend_R","Defend_R","Defend_R","Defend_R","Bash","Battle Trance+1","Body Slam+1","Pommel Strike+1","Flame Barrier"],"relics":["Burning Blood","Thread and Needle","Bird Faced Urn","Juzu Bracelet"],"potions_floor_usage":[16,16],"damage_taken":[{"damage":0,"enemies":"Small Slimes","floor":1,"turns":3},{"damage":10,"enemies":"Cultist","floor":2,"turns":4},{"damage":8,"enemies":"Lagavulin","floor":7,"turns":9},{"damage":0,"enemies":"Jaw Worm","floor":11,"turns":4},{"damage":0,"enemies":"3 Louse","floor":14,"turns":3},{"damage":73,"enemies":"Slime Boss","floor":16,"turns":14}],"seed_played":"8919793250861071129","potions_obtained":[{"floor":2,"key":"SpeedPotion"},{"floor":11,"key":"Fire Potion"}],"is_trial":false,"path_per_floor":["M","M","?","?","$","R","E","R","T","?","M","$","R","M","R"],"character_chosen":"IRONCLAD","items_purchased":[],"campfire_rested":1,"item_purchase_floors":[],"current_hp_per_floor":[80,76,68,50,50,50,48,48,48,37,43,43,43,49,73,0],"gold":201,"neow_bonus":"REMOVE_CARD","is_prod":false,"is_daily":false,"chose_seed":false,"campfire_upgraded":3,"win_rate":0.0,"timestamp":1531784830,"path_taken":["M","M","?","?","$","R","E","R","T","?","M","$","R","M","R","BOSS"],"build_version":"2018-07-12","purchased_purges":2,"victory":false,"max_hp_per_floor":[80,80,80,80,80,80,80,80,80,80,80,80,80,80,80,80],"card_choices":[{"not_picked":["Wild Strike","Headbutt"],"picked":"Battle Trance","floor":1},{"not_picked":["Warcry","Shockwave"],"picked":"Body Slam","floor":2},{"not_picked":["Dual Wield","Sword Boomerang","Thunderclap"],"picked":"SKIP","floor":7},{"not_picked":["Iron Wave","Clothesline"],"picked":"Pommel Strike","floor":11},{"not_picked":["Bloodletting","Heavy Blade"],"picked":"Flame Barrier","floor":14}],"player_experience":58682,"relics_obtained":[{"floor":7,"key":"Bird Faced Urn"},{"floor":9,"key":"Juzu Bracelet"}],"event_choices":[{"event_name":"FaceTrader","player_choice":"Touch","floor":3,"damage_taken":0},{"event_name":"Scrap Ooze","player_choice":"success","floor":4,"damage_taken":18},{"event_name":"World of Goop","player_choice":"Gather Gold","floor":10,"damage_taken":0}],"boss_relics":[],"items_purged_floors":[5,12],"is_endless":false,"potions_floor_spawned":[2,11],"killed_by":"Slime Boss","ascension_level":0}