{"gold_per_floor":[12,12,12,12,12,42,42,68,143,171,171,171,171,184,184,184],"floor_reached":16,"playtime":1232,"items_purged":[],"score":188,"play_id":"76d3ba9a-dcbe-4f50-8dd9-3f74cce892ff","local_time":"20190228223738","is_ascension_mode":true,"campfire_choices":[{"floor":7.0,"key":"REST"},{"floor":11,"key":"REST"},{"data":"Second Wind","floor":13,"key":"SMITH"},{"floor":15,"key":"REST"}],"neow_cost":"NO_GOLD","seed_source_timestamp":1214263692424418,"circlet_count":0,"master_deck":["AscendersBane","Strike_R","Strike_R","Strike_R","Strike_R","Strike_R","Defend_R","Defend_R","Defend_R","Defend_R","Bash","Shockwave","Dropkick","Second Wind+1","True Grit","Clash"],"special_seed":0,"relics":["Burning Blood","Calipers","PreservedInsect","WingedGreaves","Anchor","Question Card","Ancient Tea Set"],"potions_floor_usage":[16],"damage_taken":[{"damage":20.0,"enemies":"Small Slimes","floor":1.0,"turns":5.0},{"damage":40.0,"enemies":"3 Sentries","floor":6.0,"turns":10.0},{"damage":13.0,"enemies":"Gremlin Nob","floor":8.0,"turns":3.0},{"damage":45,"enemies":"Lagavulin","floor":10,"turns":8},{"damage":0,"enemies":"Jaw Worm","floor":14,"turns":3},{"damage":74,"enemies":"Slime Boss","floor":16,"turns":11}],"seed_played":"-1305678690986799609","potions_obtained":[{"floor":1.0,"key":"Swift Potion"},{"floor":6.0,"key":"Fire Potion"},{"floor":10,"key":"Weak Potion"}],"is_trial":false,"path_per_floor":["M","?","?","?","$","E","R","E","T","E","R","?","R","M","R","B"],"character_chosen":"IRONCLAD","items_purchased":[],"campfire_rested":3,"item_purchase_floors":[],"current_hp_per_floor":[58,40,40,66,66,32,56,49,49,10,34,34,34,40,64,0],"gold":184,"neow_bonus":"ONE_RARE_RELIC","is_prod":false,"is_daily":false,"chose_seed":false,"campfire_upgraded":1,"win_rate":0,"timestamp":1551411458,"path_taken":["M","?","?","?","$","E","R","E","T","E","R","?","R","M","R","BOSS"],"build_version":"2019-01-23","purchased_purges":0,"victory":false,"max_hp_per_floor":[80,80,80,80,80,80,80,80,80,80,80,80,80,80,80,80],"card_choices":[{"not_picked":["Intimidate","Power Through"],"picked":"Shockwave","floor":1.0},{"not_picked":["Perfected Strike","Flex"],"picked":"Dropkick","floor":6.0},{"not_picked":["Iron Wave","Intimidate"],"picked":"Second Wind","floor":8.0},{"not_picked":["Anger","Whirlwind","Fiend Fire"],"picked":"True Grit","floor":10},{"not_picked":["Wild Strike","Havoc","Bloodletting"],"picked":"Clash","floor":14}],"player_experience":560588,"relics_obtained":[{"floor":6.0,"key":"WingedGreaves"},{"floor":8.0,"key":"Anchor"},{"floor":9.0,"key":"Question Card"},{"floor":10,"key":"Ancient Tea Set"}],"event_choices":[{"damage_healed":0.0,"max_hp_gain":0.0,"max_hp_loss":0.0,"gold_gain":0.0,"event_name":"Scrap Ooze","player_choice":"Success","floor":2.0,"gold_loss":0.0,"damage_taken":18.0,"relics_obtained":["PreservedInsect"]},{"damage_healed":0.0,"max_hp_gain":0.0,"max_hp_loss":0.0,"gold_gain":0.0,"event_name":"Golden Wing","player_choice":"Ignored","floor":3.0,"gold_loss":0.0,"damage_taken":0.0},{"damage_healed":26.0,"max_hp_gain":0.0,"max_hp_loss":0.0,"gold_gain":0.0,"event_name":"Big Fish","player_choice":"Banana","floor":4.0,"gold_loss":0.0,"damage_taken":0.0},{"damage_healed":0,"gold_gain":0,"player_choice":"Ignored","damage_taken":0,"max_hp_gain":0,"max_hp_loss":0,"event_name":"Golden Idol","floor":12,"gold_loss":0}],"is_beta":false,"boss_relics":[],"items_purged_floors":[],"is_endless":false,"potions_floor_spawned":[1,6,10],"killed_by":"Slime Boss","ascension_level":13}