{"gold_per_floor":[111,111,86,86,186,186,199,199,199,211,225,225,239,249,249,249],"floor_reached":16,"playtime":644,"items_purged":[],"score":184,"play_id":"57501d18-2146-442d-9a80-4bf3dcee02ee","local_time":"20190317095143","is_ascension_mode":true,"campfire_choices":[{"floor":6,"key":"REST"},{"data":"True Grit","floor":8,"key":"SMITH"},{"floor":15,"key":"REST"}],"neow_cost":"TEN_PERCENT_HP_LOSS","seed_source_timestamp":349507714735265,"circlet_count":0,"master_deck":["AscendersBane","Strike_R","Strike_R","Strike_R","Strike_R+1","Strike_R+1","Defend_R","Defend_R","Defend_R","Defend_R","Bash","Intimidate","True Grit+1","Cleave","Armaments+1","Headbutt","Flex","Reaper"],"relics":["Burning Blood","WingedGreaves","Mummified Hand","Potion Belt"],"potions_floor_usage":[11,16],"damage_taken":[{"damage":4,"enemies":"2 Louse","floor":1,"turns":3},{"damage":0,"enemies":"Cultist","floor":7,"turns":3},{"damage":3,"enemies":"Jaw Worm","floor":10,"turns":4},{"damage":47,"enemies":"Gremlin Gang","floor":11,"turns":5},{"damage":6,"enemies":"2 Fungi Beasts","floor":13,"turns":4},{"damage":20,"enemies":"Red Slaver","floor":14,"turns":4},{"damage":45,"enemies":"Hexaghost","floor":16,"turns":13}],"seed_played":"6625824623764008843","potions_obtained":[{"floor":1,"key":"FairyPotion"},{"floor":7,"key":"Weak Potion"},{"floor":14,"key":"SkillPotion"}],"is_trial":false,"path_per_floor":["M","?","$","?","?","R","M","R","T","M","M","?","M","M","R","B"],"character_chosen":"IRONCLAD","items_purchased":["True Grit"],"campfire_rested":2,"item_purchase_floors":[3],"current_hp_per_floor":[68,42,42,22,22,42,48,48,48,51,10,10,10,12,32,0],"gold":249,"neow_bonus":"ONE_RARE_RELIC","is_prod":false,"is_daily":false,"chose_seed":false,"campfire_upgraded":1,"win_rate":0,"timestamp":1552841503,"path_taken":["M","?","$","?","?","R","M","R","T","M","?","?","?","?","R","BOSS"],"build_version":"2019-01-23","purchased_purges":0,"victory":false,"max_hp_per_floor":[68,68,68,68,68,68,68,68,68,68,68,68,68,68,68,68],"card_choices":[{"not_picked":["Entrench","Clothesline"],"picked":"Intimidate","floor":1},{"not_picked":["Pommel Strike","Wild Strike"],"picked":"Cleave","floor":7},{"not_picked":["True Grit","Rage"],"picked":"Armaments","floor":10},{"not_picked":["Shrug It Off","Bloodletting"],"picked":"Headbutt","floor":11},{"not_picked":["Twin Strike","Wild Strike"],"picked":"Flex","floor":13},{"not_picked":["Perfected Strike","Whirlwind"],"picked":"Reaper","floor":14}],"player_experience":250420,"relics_obtained":[{"floor":9,"key":"Potion Belt"}],"event_choices":[{"damage_healed":0,"gold_gain":0,"player_choice":"Success","damage_taken":26,"relics_obtained":["Mummified Hand"],"max_hp_gain":0,"max_hp_loss":0,"event_name":"Scrap Ooze","floor":2,"gold_loss":0},{"damage_healed":0,"gold_gain":0,"player_choice":"Entered Light","damage_taken":20,"max_hp_gain":0,"max_hp_loss":0,"event_name":"Shining Light","floor":4,"gold_loss":0,"cards_upgraded":["Strike_R","Strike_R"]},{"damage_healed":0,"gold_gain":100,"player_choice":"Gold","damage_taken":0,"max_hp_gain":0,"max_hp_loss":0,"event_name":"Wheel of Change","floor":5,"gold_loss":0},{"damage_healed":0,"gold_gain":0,"player_choice":"Upgraded","damage_taken":0,"max_hp_gain":0,"max_hp_loss":0,"event_name":"Upgrade Shrine","floor":12,"gold_loss":0,"cards_upgraded":["Armaments"]}],"is_beta":false,"boss_relics":[],"items_purged_floors":[],"is_endless":false,"potions_floor_spawned":[1,7,14],"killed_by":"Hexaghost","ascension_level":20}