{"gold_per_floor":[118,132,82,257,273,299,19,19,19,19,19,50,67,83,83,182,182,200,115,227,239,270,282,319,22,22,41,67,84,84,116,116,221,221,237,237,249,249,260,260,260,260,260,288,59,59,59,0,0,0],"floor_reached":51,"playtime":2337,"items_purged":["Doubt","Strike_G","Strike_G"],"score":789,"play_id":"a330e09c-a1d4-41d6-91f6-ea9217884401","local_time":"20180927103104","is_ascension_mode":false,"campfire_choices":[{"data":"Infinite Blades","floor":8,"key":"SMITH"},{"data":"Backflip","floor":11,"key":"SMITH"},{"data":"Cloak And Dagger","floor":15,"key":"SMITH"},{"data":"Glass Knife","floor":23,"key":"SMITH"},{"floor":32,"key":"REST"},{"data":"Panacea","floor":40,"key":"SMITH"},{"data":"Glass Knife","floor":46,"key":"SMITH"},{"floor":49,"key":"REST"}],"neow_cost":"","seed_source_timestamp":479831059872312,"circlet_count":0,"master_deck":["Defend_G","Defend_G","Defend_G","Defend_G","Survivor","Neutralize+1","Dagger Spray","PiercingWail","Dagger Throw","Infinite Blades+1","Backflip+1","Escape Plan","Cloak And Dagger+1","Finisher+1","Glass Knife+1","Phantasmal Killer+1","Expertise+1","Dagger Throw+1","Prepared+1","Panacea+1","Well Laid Plans+1","Noxious Fumes+1","After Image+1","Wraith Form v2+1","Tools of the Trade+1","Glass Knife+1","Flash of Steel"],"relics":["Ring of the Snake","Oddly Smooth Stone","Happy Flower","NlothsMask","Lantern","Astrolabe","MawBank","Whetstone","TwistedFunnel","Turnip","Nloth\u0027s Gift","Frozen Egg 2","White Beast Statue","Ginger","Boot","Matryoshka","Letter Opener","Red Mask"],"potions_floor_usage":[16,24,31,31,37,44,50,50,50],"damage_taken":[{"damage":0,"enemies":"2 Louse","floor":1,"turns":3},{"damage":0,"enemies":"Small Slimes","floor":2,"turns":4},{"damage":0,"enemies":"Cultist","floor":5,"turns":4},{"damage":46,"enemies":"Gremlin Nob","floor":6,"turns":6},{"damage":12,"enemies":"3 Sentries","floor":12,"turns":7},{"damage":0,"enemies":"Exordium Wildlife","floor":13,"turns":4},{"damage":0,"enemies":"2 Fungi Beasts","floor":14,"turns":3},{"damage":19,"enemies":"Hexaghost","floor":16,"turns":11},{"damage":15,"enemies":"2 Thieves","floor":18,"turns":3},{"damage":3,"enemies":"3 Byrds","floor":22,"turns":3},{"damage":14,"enemies":"Book of Stabbing","floor":24,"turns":6},{"damage":1,"enemies":"Centurion and Healer","floor":27,"turns":2},{"damage":7,"enemies":"Slavers","floor":28,"turns":5},{"damage":8,"enemies":"Snake Plant","floor":29,"turns":4},{"damage":0,"enemies":"Gremlin Leader","floor":31,"turns":5},{"damage":5,"enemies":"Champ","floor":33,"turns":10},{"damage":13,"enemies":"3 Shapes","floor":35,"turns":6},{"damage":19,"enemies":"3 Darklings","floor":37,"turns":5},{"damage":0,"enemies":"Mind Bloom Boss Battle","floor":38,"turns":6},{"damage":2,"enemies":"Reptomancer","floor":39,"turns":5},{"damage":0,"enemies":"2 Orb Walkers","floor":44,"turns":4},{"damage":26,"enemies":"Time Eater","floor":50,"turns":9}],"seed_played":"-4185863546476081284","potions_obtained":[{"floor":6,"key":"Dexterity Potion"},{"floor":14,"key":"Regen Potion"},{"floor":16,"key":"Fire Potion"},{"floor":27,"key":"GhostInAJar"},{"floor":28,"key":"SneckoOil"},{"floor":31,"key":"Poison Potion"},{"floor":35,"key":"FearPotion"},{"floor":36,"key":"SteroidPotion"},{"floor":36,"key":"Fruit Juice"},{"floor":37,"key":"Explosive Potion"},{"floor":38,"key":"Energy Potion"},{"floor":44,"key":"SpeedPotion"}],"is_trial":false,"path_per_floor":["M","M","?","?","M","E","$","R","T","?","R","E","M","M","R","B",null,"M","?","?","?","M","R","E","$","T","M","E","M","?","E","R","B",null,"M","?","M","?","M","R","?","?","T","E","$","R","$","?","R","B"],"character_chosen":"THE_SILENT","items_purchased":["Oddly Smooth Stone","Backflip","TwistedFunnel","Flash of Steel"],"campfire_rested":2,"item_purchase_floors":[7,7,25,45],"current_hp_per_floor":[70,70,70,70,70,24,24,24,24,24,24,12,12,12,12,8,70,55,55,55,41,38,38,24,24,24,23,16,8,8,8,29,24,70,57,57,43,43,41,41,41,41,41,41,41,41,41,41,63,37],"gold":0,"neow_bonus":"","is_prod":false,"is_daily":false,"chose_seed":false,"campfire_upgraded":6,"win_rate":0,"timestamp":1538037064,"path_taken":["M","M","?","?","M","E","?","R","T","?","R","E","M","M","R","BOSS","M","?","?","?","M","R","E","$","T","M","E","M","?","E","R","BOSS","M","?","M","?","M","R","?","?","T","E","$","R","?","?","R","BOSS"],"build_version":"2018-09-20","purchased_purges":3,"victory":true,"max_hp_per_floor":[70,70,70,70,70,70,70,70,70,70,70,70,70,70,70,70,70,70,70,70,70,70,70,70,70,70,70,70,70,70,70,70,70,70,70,70,75,75,75,75,75,75,75,75,75,75,75,75,75,75],"card_choices":[{"not_picked":["Acrobatics","Choke"],"picked":"Dagger Spray","floor":1},{"not_picked":["Tactician","Dodge and Roll"],"picked":"PiercingWail","floor":2},{"not_picked":["Slice","PiercingWail"],"picked":"Dagger Throw","floor":5},{"not_picked":["Well Laid Plans","PiercingWail"],"picked":"Infinite Blades","floor":6},{"not_picked":["Dodge and Roll","Accuracy","Grand Finale"],"picked":"Escape Plan","floor":12},{"not_picked":["Dagger Throw","Calculated Gamble","Sucker Punch"],"picked":"Cloak And Dagger","floor":13},{"not_picked":["Dodge and Roll","Cloak And Dagger","Well Laid Plans"],"picked":"Finisher","floor":14},{"not_picked":["Die Die Die","Venomology","Storm of Steel"],"picked":"Glass Knife","floor":16},{"not_picked":["Blur","Expertise","Dagger Spray"],"picked":"Prepared+1","floor":18},{"not_picked":["Bane","Backflip","Calculated Gamble","Flying Knee"],"picked":"SKIP","floor":22},{"not_picked":["Dagger Spray","Infinite Blades","Distraction","Bouncing Flask+1"],"picked":"SKIP","floor":24},{"not_picked":["Skewer","Slice","Dodge and Roll","Poisoned Stab"],"picked":"SKIP","floor":27},{"not_picked":["Envenom","Flechettes","Backflip+1"],"picked":"Well Laid Plans+1","floor":28},{"not_picked":["Predator+1","Blade Dance+1","Calculated Gamble+1"],"picked":"Noxious Fumes+1","floor":29},{"not_picked":["Blade Dance","Deadly Poison"],"picked":"After Image","floor":31},{"not_picked":["Night Terror","Bullet Time"],"picked":"Wraith Form v2+1","floor":33},{"not_picked":["PiercingWail","Blade Dance","Flying Knee+1"],"picked":"SKIP","floor":35},{"not_picked":["All Out Attack+1","Skewer+1","Acrobatics"],"picked":"SKIP","floor":37},{"not_picked":["Choke","Prepared+1"],"picked":"Tools of the Trade+1","floor":39},{"not_picked":["Flying Knee","Blade Dance"],"picked":"Glass Knife","floor":44}],"player_experience":766327,"relics_obtained":[{"floor":6,"key":"Question Card"},{"floor":9,"key":"Happy Flower"},{"floor":12,"key":"Lantern"},{"floor":24,"key":"Whetstone"},{"floor":28,"key":"Turnip"},{"floor":31,"key":"Frozen Egg 2"},{"floor":38,"key":"Ginger"},{"floor":42,"key":"Boot"},{"floor":43,"key":"Matryoshka"},{"floor":44,"key":"Letter Opener"}],"event_choices":[{"event_name":"The Cleric","player_choice":"Card Removal","floor":3,"damage_taken":0},{"event_name":"Liars Game","player_choice":"agreed","floor":4,"damage_taken":0},{"event_name":"FaceTrader","player_choice":"Trade","floor":10,"damage_taken":0},{"event_name":"Addict","player_choice":"Obtained Relic","floor":19,"damage_taken":0},{"event_name":"Golden Shrine","player_choice":"Pray","floor":20,"damage_taken":0},{"event_name":"Knowing Skull","player_choice":"CARD ","floor":21,"damage_taken":0},{"event_name":"N\u0027loth","player_choice":"Traded a Question Card","floor":30,"damage_taken":0},{"event_name":"The Lab","player_choice":"Got Potions","floor":36,"damage_taken":0},{"event_name":"MindBloom","player_choice":"Fight","floor":38,"damage_taken":0},{"event_name":"SecretPortal","player_choice":"Rejected Portal.","floor":41,"damage_taken":0},{"event_name":"Wheel of Change","player_choice":"Relic","floor":42,"damage_taken":0},{"event_name":"Tomb of Lord Red Mask","player_choice":"Paid","floor":48,"damage_taken":0}],"is_beta":false,"boss_relics":[{"not_picked":["Velvet Choker","Empty Cage"],"picked":"Astrolabe"},{"not_picked":["Orrery","HoveringKite"],"picked":"White Beast Statue"}],"items_purged_floors":[7,25,45],"is_endless":false,"potions_floor_spawned":[6,14,16,27,28,31,35,37,38,39,44],"ascension_level":0}