{"gold_per_floor":[361,373,251,251,21,47,47,57,105,105,105,105,137,153,153,250,250,268,284,300,399,399,399,425,425,449,474,491,5,5,39,39,135,135,153,103,119,119,0,31,76,106,106,106,56,83,103,132,132,132],"floor_reached":51,"playtime":4621,"items_purged":["Regret","Strike_G","Strike_G","Strike_G"],"score":1333,"play_id":"4f47bcd2-1f48-483d-8adc-8aedcec3c2e8","local_time":"20190213210253","is_ascension_mode":true,"campfire_choices":[{"data":"Glass Knife","floor":7.0,"key":"SMITH"},{"data":"Backstab","floor":10.0,"key":"SMITH"},{"data":"Poisoned Stab","floor":12.0,"key":"SMITH"},{"data":"Well Laid Plans","floor":15.0,"key":"SMITH"},{"data":"Adrenaline","floor":23.0,"key":"SMITH"},{"data":"Backflip","floor":32.0,"key":"SMITH"},{"data":"Phantasmal Killer","floor":49,"key":"SMITH"}],"neow_cost":"TEN_PERCENT_HP_LOSS","seed_source_timestamp":7052250276823,"circlet_count":0,"master_deck":["Defend_G","Defend_G","Defend_G","Defend_G","Defend_G","Strike_G","Strike_G","Survivor","Neutralize+1","Flying Knee","Backstab+1","Backflip+1","Well Laid Plans+1","Glass Knife+1","Poisoned Stab+1","Skewer+1","Adrenaline+1","Cloak And Dagger+1","Quick Slash+1","Dagger Spray+1","Backflip+1","Backflip+1","Phantasmal Killer+1","Cloak And Dagger+1"],"special_seed":0,"relics":["Ring of the Snake","Bag of Marbles","Vajra","Smiling Mask","Molten Egg 2","Sozu","Juzu Bracelet","Bag of Preparation","Pear","Shuriken","Lee\u0027s Waffle","Bird Faced Urn","Busted Crown","Red Mask","Lantern","Thread and Needle","Dream Catcher","Meat on the Bone","Anchor","Orichalcum"],"potions_floor_usage":[50],"damage_taken":[{"damage":0.0,"enemies":"Small Slimes","floor":1.0,"turns":4.0},{"damage":4.0,"enemies":"2 Louse","floor":2.0,"turns":3.0},{"damage":14.0,"enemies":"3 Sentries","floor":6.0,"turns":8.0},{"damage":0.0,"enemies":"Jaw Worm","floor":8.0,"turns":1.0},{"damage":0.0,"enemies":"Gremlin Nob","floor":13.0,"turns":1.0},{"damage":0.0,"enemies":"Exordium Wildlife","floor":14.0,"turns":2.0},{"damage":20.0,"enemies":"The Guardian","floor":16.0,"turns":9.0},{"damage":3.0,"enemies":"2 Thieves","floor":18.0,"turns":2.0},{"damage":0.0,"enemies":"Chosen","floor":19.0,"turns":1.0},{"damage":0.0,"enemies":"Centurion and Healer","floor":20.0,"turns":3.0},{"damage":8.0,"enemies":"Gremlin Leader","floor":24.0,"turns":4.0},{"damage":19.0,"enemies":"Book of Stabbing","floor":27.0,"turns":3.0},{"damage":3.0,"enemies":"Cultist and Chosen","floor":28.0,"turns":3.0},{"damage":0.0,"enemies":"Gremlin Leader","floor":31.0,"turns":3.0},{"damage":59.0,"enemies":"Champ","floor":33.0,"turns":8.0},{"damage":0.0,"enemies":"Orb Walker","floor":35.0,"turns":1.0},{"damage":0.0,"enemies":"3 Shapes","floor":37.0,"turns":1.0},{"damage":1.0,"enemies":"Nemesis","floor":40.0,"turns":3.0},{"damage":0,"enemies":"2 Orb Walkers","floor":41,"turns":2},{"damage":0,"enemies":"Reptomancer","floor":42,"turns":3},{"damage":0,"enemies":"Giant Head","floor":46,"turns":5},{"damage":0,"enemies":"Spire Growth","floor":47,"turns":2},{"damage":0,"enemies":"Nemesis","floor":48,"turns":3},{"damage":13,"enemies":"Time Eater","floor":50,"turns":4}],"seed_played":"2158557109088616729","potions_obtained":[{"floor":6.0,"key":"GamblersBrew"},{"floor":8.0,"key":"GamblersBrew"},{"floor":13.0,"key":"PowerPotion"},{"floor":14.0,"key":"Fire Potion"}],"is_trial":false,"path_per_floor":["M","M","$","?","$","E","R","M","T","R","?","R","E","M","R","B",null,"M","M","M","?","?","R","E","?","T","E","M","$","?","E","R","B",null,"M","$","M","?","?","E","?","E","T","?","$","E","M","E","R","B",null],"character_chosen":"THE_SILENT","items_purchased":["Backflip","Well Laid Plans","Glass Knife","Shuriken","Lee\u0027s Waffle"],"campfire_rested":0,"item_purchase_floors":[3,3,5,29,29],"current_hp_per_floor":[63,59,59,59,59,45,45,45,45,45,45,45,45,45,45,25,54,51,51,51,51,51,51,43,43,43,34,31,80,80,80,80,21,65,67,67,67,67,67,68,70,72,72,72,72,74,74,76,76,63],"gold":132,"neow_bonus":"TWO_FIFTY_GOLD","is_prod":false,"is_daily":false,"chose_seed":false,"campfire_upgraded":7,"win_rate":0,"timestamp":1550109773,"path_taken":["M","M","$","?","$","E","R","M","T","R","?","R","E","M","R","BOSS","M","M","M","?","?","R","E","?","T","E","M","$","?","E","R","BOSS","M","$","M","?","?","E","?","E","T","?","$","E","M","E","R","BOSS"],"build_version":"2019-01-23","purchased_purges":4,"victory":true,"max_hp_per_floor":[63,63,63,63,63,63,63,63,63,63,63,63,63,63,63,63,63,63,63,63,63,63,63,63,63,63,73,73,80,80,80,80,80,80,80,80,80,76,76,76,76,76,76,76,76,76,76,76,76,76],"card_choices":[{"not_picked":["Quick Slash","Deadly Poison"],"picked":"Flying Knee","floor":1.0},{"not_picked":["Deadly Poison","Quick Slash"],"picked":"Backstab","floor":2.0},{"not_picked":["Prepared","Slice"],"picked":"Poisoned Stab","floor":6.0},{"not_picked":["All Out Attack","PiercingWail","Eviscerate"],"picked":"SKIP","floor":8.0},{"not_picked":["Predator","Quick Slash","Underhanded Strike"],"picked":"SKIP","floor":13.0},{"not_picked":["Acrobatics","Outmaneuver"],"picked":"Skewer+1","floor":14.0},{"not_picked":["Glass Knife+1","Bullet Time"],"picked":"Adrenaline","floor":16.0},{"not_picked":["Outmaneuver","Deflect+1"],"picked":"Cloak And Dagger+1","floor":18.0},{"not_picked":["Acrobatics","Deadly Poison","Distraction"],"picked":"SKIP","floor":19.0},{"not_picked":["Deadly Poison","Deflect+1"],"picked":"Quick Slash+1","floor":20.0},{"not_picked":["Tactician","Escape Plan"],"picked":"Backflip","floor":24.0},{"not_picked":["Dagger Throw+1","Flying Knee+1","PiercingWail"],"picked":"SKIP","floor":27.0},{"not_picked":["Endless Agony+1","Noxious Fumes"],"picked":"Backflip+1","floor":28.0},{"not_picked":["Reflex","Blur+1","Sucker Punch+1"],"picked":"SKIP","floor":31.0},{"not_picked":["Doppelganger","Wraith Form v2"],"picked":"Phantasmal Killer","floor":33.0},{"not_picked":["Deadly Poison"],"picked":"SKIP","floor":35.0},{"not_picked":["Noxious Fumes"],"picked":"SKIP","floor":37.0},{"not_picked":["Flechettes+1"],"picked":"SKIP","floor":40.0},{"not_picked":[],"picked":"Cloak And Dagger+1","floor":42},{"not_picked":["Heel Hook+1"],"picked":"SKIP","floor":46},{"not_picked":["Dodge and Roll"],"picked":"SKIP","floor":47},{"not_picked":["Sucker Punch+1"],"picked":"SKIP","floor":48}],"player_experience":457669,"relics_obtained":[{"floor":6.0,"key":"Vajra"},{"floor":9.0,"key":"Smiling Mask"},{"floor":13.0,"key":"Molten Egg 2"},{"floor":24.0,"key":"Juzu Bracelet"},{"floor":26.0,"key":"Bag of Preparation"},{"floor":27.0,"key":"Pear"},{"floor":31.0,"key":"Bird Faced Urn"},{"floor":40.0,"key":"Lantern"},{"floor":41,"key":"Thread and Needle"},{"floor":42,"key":"Dream Catcher"},{"floor":43,"key":"Meat on the Bone"},{"floor":46,"key":"Anchor"},{"floor":48,"key":"Orichalcum"}],"event_choices":[{"damage_healed":0.0,"max_hp_gain":0.0,"max_hp_loss":0.0,"gold_gain":0.0,"event_name":"Big Fish","player_choice":"Box","floor":4.0,"gold_loss":0.0,"damage_taken":0.0,"relics_obtained":["Bag of Marbles"],"cards_obtained":["Regret"]},{"damage_healed":0.0,"max_hp_gain":0.0,"max_hp_loss":0.0,"gold_gain":0.0,"event_name":"Living Wall","player_choice":"Grow","floor":11.0,"gold_loss":0.0,"damage_taken":0.0,"cards_upgraded":["Neutralize"]},{"damage_healed":0.0,"max_hp_gain":0.0,"max_hp_loss":0.0,"gold_gain":99.0,"event_name":"Nest","player_choice":"Stole From Cult","floor":21.0,"gold_loss":0.0,"damage_taken":0.0},{"damage_healed":0.0,"max_hp_gain":0.0,"max_hp_loss":0.0,"gold_gain":0.0,"event_name":"The Library","player_choice":"Read","floor":22.0,"gold_loss":0.0,"damage_taken":0.0,"cards_obtained":["Dagger Spray"]},{"damage_healed":0.0,"max_hp_gain":0.0,"max_hp_loss":0.0,"gold_gain":0.0,"event_name":"Accursed Blacksmith","player_choice":"Forge","floor":25.0,"gold_loss":0.0,"damage_taken":0.0,"cards_upgraded":["Backflip"]},{"damage_healed":0.0,"max_hp_gain":0.0,"max_hp_loss":0.0,"gold_gain":0.0,"event_name":"Ghosts","player_choice":"Ignored","floor":30.0,"gold_loss":0.0,"damage_taken":0.0},{"damage_healed":0.0,"max_hp_gain":0.0,"max_hp_loss":4.0,"gold_gain":0.0,"event_name":"Winding Halls","player_choice":"Max HP","floor":38.0,"gold_loss":0.0,"damage_taken":0.0},{"damage_healed":0.0,"max_hp_gain":0.0,"max_hp_loss":0.0,"gold_gain":0.0,"event_name":"Tomb of Lord Red Mask","player_choice":"Paid","floor":39.0,"gold_loss":119.0,"damage_taken":0.0,"relics_obtained":["Red Mask"]},{"damage_healed":0,"gold_gain":0,"player_choice":"Fight","damage_taken":0,"max_hp_gain":0,"max_hp_loss":0,"event_name":"Mysterious Sphere","floor":41,"gold_loss":0},{"damage_healed":0,"gold_gain":0,"player_choice":"Memory 1","damage_taken":0,"max_hp_gain":0,"max_hp_loss":0,"event_name":"SensoryStone","floor":44,"gold_loss":0}],"is_beta":false,"boss_relics":[{"not_picked":["Calling Bell","White Beast Statue"],"picked":"Sozu"},{"not_picked":["Runic Dome","Philosopher\u0027s Stone"],"picked":"Busted Crown"}],"items_purged_floors":[5,29,36,45],"is_endless":false,"potions_floor_spawned":[6,8,13,14,20,24,28,31,40,42,46],"ascension_level":9}