{"gold_per_floor":[113,113,137,151,171,171,121,182,182,44,44,60,88,17,17,115,115,130,130,143,93,110,110,143,159,182,182,211,211,223,203,203,299,299,312,312,312,326,340,371,371,382,464,499,518,549,549,600,600,600],"floor_reached":51,"playtime":2176,"items_purged":[],"score":908,"play_id":"b32a5ed4-8728-4d1d-b7e4-0ee50e059d28","local_time":"20180927190408","is_ascension_mode":false,"campfire_choices":[{"data":"Blade Dance","floor":6.0,"key":"SMITH"},{"data":"After Image","floor":11.0,"key":"SMITH"},{"data":"Infinite Blades","floor":15.0,"key":"SMITH"},{"data":"Wraith Form v2","floor":23.0,"key":"SMITH"},{"data":"Cloak And Dagger","floor":27.0,"key":"SMITH"},{"data":"Adrenaline","floor":29.0,"key":"SMITH"},{"data":"Infinite Blades","floor":32.0,"key":"SMITH"},{"data":"Mind Blast","floor":41,"key":"SMITH"},{"data":"Adrenaline","floor":47,"key":"SMITH"},{"data":"1","floor":49,"key":"LIFT"}],"neow_cost":"","seed_source_timestamp":0,"circlet_count":0,"master_deck":["Defend_G","Defend_G+1","Defend_G","Defend_G+1","Defend_G","Strike_G","Strike_G","Strike_G","Strike_G","Survivor","Neutralize","Blade Dance+1","Infinite Blades+1","Flechettes","After Image+1","Adrenaline+1","Slice","Dagger Throw","Die Die Die","Wraith Form v2+1","Endless Agony","Infinite Blades+1","Cloak And Dagger+1","Footwork+1","Adrenaline+1","Mind Blast+1","Noxious Fumes+1","Terror+1","Finisher+1"],"special_seed":0,"relics":["Ring of the Serpent","Snake Skull","Tiny Chest","Incense Burner","Shuriken","Ornamental Fan","Dream Catcher","Mango","Coffee Dripper","Singing Bowl","Sundial","Darkstone Periapt","Happy Flower","Girya"],"potions_floor_usage":[33,38,39,40,45,46,50],"damage_taken":[{"damage":0.0,"enemies":"Jaw Worm","floor":1.0,"turns":4.0},{"damage":0.0,"enemies":"Small Slimes","floor":4.0,"turns":3.0},{"damage":0.0,"enemies":"Cultist","floor":5.0,"turns":4.0},{"damage":18.0,"enemies":"Gremlin Nob","floor":8.0,"turns":5.0},{"damage":3.0,"enemies":"Exordium Thugs","floor":12.0,"turns":6.0},{"damage":2.0,"enemies":"3 Sentries","floor":13.0,"turns":8.0},{"damage":5.0,"enemies":"Hexaghost","floor":16.0,"turns":7.0},{"damage":0.0,"enemies":"Shell Parasite","floor":18.0,"turns":5.0},{"damage":0.0,"enemies":"Spheric Guardian","floor":20.0,"turns":3.0},{"damage":7.0,"enemies":"3 Cultists","floor":22.0,"turns":5.0},{"damage":13.0,"enemies":"Slavers","floor":24.0,"turns":6.0},{"damage":1.0,"enemies":"Shelled Parasite and Fungi","floor":25.0,"turns":4.0},{"damage":1.0,"enemies":"Gremlin Leader","floor":28.0,"turns":4.0},{"damage":6.0,"enemies":"Snake Plant","floor":30.0,"turns":5.0},{"damage":0,"enemies":"Collector","floor":33,"turns":7},{"damage":0,"enemies":"3 Darklings","floor":35,"turns":4},{"damage":0,"enemies":"3 Shapes","floor":38,"turns":4},{"damage":8,"enemies":"Transient","floor":39,"turns":5},{"damage":0,"enemies":"Giant Head","floor":40,"turns":6},{"damage":16,"enemies":"4 Shapes","floor":42,"turns":4},{"damage":0,"enemies":"Nemesis","floor":44,"turns":5},{"damage":3,"enemies":"Reptomancer","floor":45,"turns":4},{"damage":14,"enemies":"2 Orb Walkers","floor":46,"turns":4},{"damage":20,"enemies":"Mysterious Sphere","floor":48,"turns":3},{"damage":22,"enemies":"Awakened One","floor":50,"turns":9}],"seed_played":"-410048588745732210","potions_obtained":[{"floor":1.0,"key":"Dexterity Potion"},{"floor":4.0,"key":"Regen Potion"},{"floor":5.0,"key":"Energy Potion"},{"floor":12.0,"key":"Regen Potion"},{"floor":24.0,"key":"Swift Potion"},{"floor":28.0,"key":"Ancient Potion"},{"floor":30.0,"key":"FearPotion"},{"floor":31.0,"key":"SteroidPotion"},{"floor":36,"key":"Block Potion"},{"floor":36,"key":"Dexterity Potion"},{"floor":38,"key":"Regen Potion"},{"floor":39,"key":"Regen Potion"},{"floor":42,"key":"GamblersBrew"},{"floor":44,"key":"AttackPotion"}],"is_trial":false,"path_per_floor":["M","?","T","M","M","R","?","E","T","$","R","M","E","$","R","B",null,"M","?","M","?","M","R","E","M","T","R","E","R","M","?","R","B",null,"M","?","?","M","M","E","R","M","T","E","M","E","R","?","R","B"],"character_chosen":"THE_SILENT","items_purchased":["Adrenaline","Die Die Die"],"campfire_rested":0,"item_purchase_floors":[10,14],"current_hp_per_floor":[70,56,56,56,56,56,56,38,38,38,38,50,48,48,48,43,70,70,57,57,57,50,50,52,51,51,51,64,64,58,58,58,58,89,89,89,89,89,81,91,91,75,75,77,88,74,74,56,56,34],"gold":600,"neow_bonus":"","is_prod":false,"is_daily":false,"chose_seed":false,"campfire_upgraded":9,"win_rate":0,"timestamp":1538067848,"path_taken":["M","?","?","?","M","R","?","E","T","?","R","M","E","$","R","BOSS","M","?","M","?","M","R","E","M","T","R","E","R","?","?","R","BOSS","M","?","?","?","?","E","R","M","T","E","M","E","R","?","R","BOSS"],"build_version":"2018-09-20","purchased_purges":0,"victory":true,"max_hp_per_floor":[70,70,70,70,70,70,70,70,70,70,70,70,70,70,70,70,70,70,75,75,75,75,75,75,75,75,75,89,89,89,89,89,89,89,89,89,89,89,89,91,91,91,91,93,95,95,95,97,97,97],"card_choices":[{"not_picked":["Flying Knee","Dodge and Roll"],"picked":"Blade Dance","floor":1.0},{"not_picked":["Backflip","Concentrate"],"picked":"Infinite Blades","floor":4.0},{"not_picked":["Bane","Concentrate"],"picked":"Flechettes","floor":5.0},{"not_picked":["All Out Attack","Dagger Throw"],"picked":"After Image","floor":8.0},{"not_picked":["Setup","Flying Knee"],"picked":"Slice","floor":12.0},{"not_picked":["Skewer","Bane"],"picked":"Dagger Throw","floor":13.0},{"not_picked":["Bullet Time","Grand Finale"],"picked":"Wraith Form v2","floor":16.0},{"not_picked":["Backflip","Dagger Throw"],"picked":"Endless Agony","floor":18.0},{"not_picked":["Deadly Poison","Slice+1","Dagger Spray"],"picked":"SKIP","floor":20.0},{"not_picked":["Night Terror","Flying Knee+1"],"picked":"Infinite Blades","floor":22.0},{"not_picked":["Poisoned Stab","Catalyst"],"picked":"Cloak And Dagger","floor":24.0},{"not_picked":["Blur","Outmaneuver","Poisoned Stab"],"picked":"SKIP","floor":25.0},{"not_picked":["Dagger Spray","Skewer","Deadly Poison"],"picked":"SKIP","floor":28.0},{"not_picked":["Slice","Deflect"],"picked":"Footwork+1","floor":30.0},{"not_picked":["Doppelganger","Venomology"],"picked":"Adrenaline","floor":33},{"not_picked":["Cloak And Dagger","Masterful Stab+1","Skewer+1"],"picked":"SKIP","floor":35},{"not_picked":["Madness","Chrysalis"],"picked":"Mind Blast","floor":37},{"not_picked":["Leg Sweep+1","Deadly Poison"],"picked":"Noxious Fumes+1","floor":38},{"not_picked":["Deflect","Deadly Poison+1","PiercingWail"],"picked":"SKIP","floor":39},{"not_picked":["Heel Hook+1","Dagger Spray+1","Crippling Poison"],"picked":"Singing Bowl","floor":40},{"not_picked":["Poisoned Stab+1","Cloak And Dagger+1"],"picked":"Terror+1","floor":42},{"not_picked":["PiercingWail+1","A Thousand Cuts","Heel Hook+1"],"picked":"Singing Bowl","floor":44},{"not_picked":["Reflex+1","PiercingWail","Underhanded Strike"],"picked":"Singing Bowl","floor":45},{"not_picked":["Underhanded Strike","Skewer+1"],"picked":"Finisher+1","floor":46},{"not_picked":["Bane+1","Setup+1","Reflex+1"],"picked":"Singing Bowl","floor":48}],"player_experience":769036,"relics_obtained":[{"floor":3.0,"key":"Snake Skull"},{"floor":8.0,"key":"Tiny Chest"},{"floor":9.0,"key":"Incense Burner"},{"floor":13.0,"key":"Shuriken"},{"floor":24.0,"key":"Ornamental Fan"},{"floor":26.0,"key":"Dream Catcher"},{"floor":28.0,"key":"Mango"},{"floor":40,"key":"Singing Bowl"},{"floor":43,"key":"Sundial"},{"floor":44,"key":"Darkstone Periapt"},{"floor":46,"key":"Happy Flower"},{"floor":48,"key":"Girya"}],"event_choices":[{"event_name":"Shining Light","player_choice":"Entered Light","floor":2.0,"damage_taken":0.0},{"event_name":"The Cleric","player_choice":"Card Removal","floor":7.0,"damage_taken":0.0},{"event_name":"Forgotten Altar","player_choice":"Shed Blood","floor":19.0,"damage_taken":0.0},{"event_name":"The Joust","player_choice":"Bet on Owner","floor":21.0,"damage_taken":0.0},{"event_name":"The Woman in Blue","player_choice":"Bought 1 Potion","floor":31.0,"damage_taken":0.0},{"event_name":"The Lab","player_choice":"Got Potions","floor":36,"damage_taken":0},{"event_name":"SensoryStone","player_choice":"Memory 1","floor":37,"damage_taken":0},{"event_name":"Mysterious Sphere","player_choice":"Fight","floor":48,"damage_taken":0}],"is_beta":false,"boss_relics":[{"not_picked":["Ectoplasm","Calling Bell"],"picked":"Ring of the Serpent"},{"not_picked":["Black Star","Velvet Choker"],"picked":"Coffee Dripper"}],"items_purged_floors":[],"is_endless":false,"potions_floor_spawned":[1,4,5,12,16,18,20,24,28,30,38,39,42,44],"ascension_level":0}