{"gold_per_floor":[118,135,145,158,177,177,211,211,236,236],"floor_reached":10,"playtime":410,"items_purged":[],"score":140,"play_id":"1a770e55-e6c4-4c7e-b2ff-2464b0835e0f","local_time":"20181026223049","is_ascension_mode":true,"campfire_choices":[{"data":"Neutralize","floor":6.0,"key":"SMITH"},{"data":"Deadly Poison","floor":8.0,"key":"SMITH"}],"neow_cost":"PERCENT_DAMAGE","seed_source_timestamp":0,"circlet_count":0,"master_deck":["Defend_G","Defend_G","Defend_G","Defend_G","Defend_G","Strike_G","Strike_G","Strike_G","Strike_G","Strike_G","Survivor","Neutralize+1","AscendersBane","Deadly Poison","Escape Plan","Leg Sweep","Deadly Poison+1","Backflip","Venomology+1"],"special_seed":0,"relics":["Ring of the Snake","Toxic Egg 2","Art of War"],"potions_floor_usage":[10,10],"damage_taken":[{"damage":0.0,"enemies":"Cultist","floor":1.0,"turns":5.0},{"damage":3.0,"enemies":"2 Louse","floor":2.0,"turns":3.0},{"damage":2.0,"enemies":"Jaw Worm","floor":3.0,"turns":5.0},{"damage":0.0,"enemies":"Exordium Wildlife","floor":4.0,"turns":6.0},{"damage":3.0,"enemies":"3 Louse","floor":5.0,"turns":5.0},{"damage":42.0,"enemies":"Gremlin Nob","floor":7.0,"turns":4.0},{"damage":22,"enemies":"Gremlin Gang","floor":10,"turns":3}],"seed_played":"-1225304434899803029","potions_obtained":[{"floor":3.0,"key":"Regen Potion"},{"floor":4.0,"key":"SpeedPotion"},{"floor":5.0,"key":"Strength Potion"}],"is_trial":false,"path_per_floor":["M","M","M","M","M","R","E","R","T"],"character_chosen":"THE_SILENT","items_purchased":[],"campfire_rested":0,"item_purchase_floors":[],"current_hp_per_floor":[56,53,51,66,63,63,21,21,21,0],"gold":236,"neow_bonus":"TWENTY_PERCENT_HP_BONUS","is_prod":false,"is_daily":false,"chose_seed":false,"campfire_upgraded":2,"win_rate":0,"timestamp":1540585849,"path_taken":["M","?","M","M","M","R","E","R","T","M"],"build_version":"2018-10-25v2","purchased_purges":0,"victory":false,"max_hp_per_floor":[78,78,78,78,78,78,78,78,78,78],"card_choices":[{"not_picked":["Outmaneuver","Dagger Throw"],"picked":"Deadly Poison","floor":1.0},{"not_picked":["Flying Knee","Deadly Poison"],"picked":"Escape Plan","floor":2.0},{"not_picked":["Underhanded Strike","Riddle With Holes"],"picked":"Leg Sweep","floor":3.0},{"not_picked":["Setup","Dagger Spray"],"picked":"Deadly Poison","floor":4.0},{"not_picked":["PiercingWail","Underhanded Strike"],"picked":"Backflip","floor":5.0},{"not_picked":["Dagger Spray","Backflip"],"picked":"Venomology","floor":7.0}],"player_experience":861715,"relics_obtained":[{"floor":7.0,"key":"Toxic Egg 2"},{"floor":9.0,"key":"Art of War"}],"event_choices":[],"is_beta":false,"boss_relics":[],"items_purged_floors":[],"is_endless":false,"potions_floor_spawned":[3,4,5],"killed_by":"Gremlin Gang","ascension_level":20}