{"gold_per_floor":[113,131,143,161,161,161,173,173,225,225,244,244],"floor_reached":12,"playtime":735,"items_purged":[],"score":76,"play_id":"51809042-c072-4c62-b538-a3463f54c801","local_time":"20180719203810","is_ascension_mode":true,"campfire_choices":[{"data":"Bash","floor":6,"key":"SMITH"}],"neow_cost":"","seed_source_timestamp":26378027993196,"circlet_count":0,"master_deck":["Strike_R","Strike_R","Strike_R","Defend_R","Defend_R","Defend_R","Defend_R","Bash+1","Metallicize","Dual Wield"],"relics":["Burning Blood","Strawberry","Golden Idol"],"potions_floor_usage":[],"damage_taken":[{"damage":4,"enemies":"Cultist","floor":1,"turns":4},{"damage":2,"enemies":"2 Louse","floor":2,"turns":3},{"damage":2,"enemies":"Small Slimes","floor":3,"turns":5},{"damage":11,"enemies":"Blue Slaver","floor":4,"turns":6},{"damage":21,"enemies":"Exordium Wildlife","floor":7,"turns":8},{"damage":4,"enemies":"Large Slime","floor":11,"turns":9},{"damage":52,"enemies":"Lagavulin","floor":12,"turns":9}],"seed_played":"-5457210951971637220","potions_obtained":[{"floor":2,"key":"FearPotion"},{"floor":7,"key":"Explosive Potion"}],"is_trial":false,"path_per_floor":["M","M","M","M","?","R","M","?","T","?","M"],"character_chosen":"IRONCLAD","items_purchased":[],"campfire_rested":0,"item_purchase_floors":[],"current_hp_per_floor":[80,80,80,75,68,68,53,53,60,39,41,0],"gold":244,"neow_bonus":"","is_prod":false,"is_daily":false,"chose_seed":false,"campfire_upgraded":1,"win_rate":0,"timestamp":1532047090,"path_taken":["M","?","M","M","?","R","M","?","T","?","M","E"],"build_version":"2018-07-19","purchased_purges":0,"victory":false,"max_hp_per_floor":[80,80,80,80,80,80,80,80,87,87,87,87],"card_choices":[{"not_picked":["Twin Strike","Warcry"],"picked":"Metallicize","floor":1},{"not_picked":["True Grit","Clash"],"picked":"Dual Wield","floor":2},{"not_picked":["Clash","Entrench","Iron Wave"],"picked":"SKIP","floor":3},{"not_picked":["Iron Wave","Wild Strike","Power Through"],"picked":"SKIP","floor":4},{"not_picked":["Twin Strike","Heavy Blade","Combust"],"picked":"SKIP","floor":7},{"not_picked":["Iron Wave","Anger","Bludgeon"],"picked":"SKIP","floor":11}],"player_experience":128229,"relics_obtained":[{"floor":9,"key":"Strawberry"}],"event_choices":[{"event_name":"Golden Wing","player_choice":"Card Removal","floor":5,"damage_taken":0},{"event_name":"Living Wall","player_choice":"Forget","floor":8,"damage_taken":0},{"event_name":"Golden Idol","player_choice":"Take Damage","floor":10,"damage_taken":0}],"is_beta":false,"boss_relics":[],"items_purged_floors":[],"is_endless":false,"potions_floor_spawned":[2,7],"killed_by":"Lagavulin","ascension_level":1}