{"gold_per_floor":[110,110,23,23,37,37,77,102,102,138,161,181,181,201,201,322,322,322,322,322,322,322,322,322,322,322,24,24,24,24,24,24,24,24,24,24,24,24,24,24,24,24,24,24,24,24,24,24,24,24],"floor_reached":50,"playtime":1769,"items_purged":["Strike_R"],"score":828,"play_id":"63bd6df2-f7ea-43b6-84f6-2e3745c16cca","local_time":"20190206211344","is_ascension_mode":true,"campfire_choices":[{"data":"Armaments","floor":6.0,"key":"SMITH"},{"data":"Whirlwind","floor":13.0,"key":"SMITH"},{"data":"Searing Blow","floor":15.0,"key":"SMITH"},{"data":"RitualDagger","floor":23.0,"key":"SMITH"},{"floor":28.0,"key":"REST"},{"floor":32.0,"key":"REST"},{"data":"Demon Form","floor":40.0,"key":"SMITH"},{"floor":45,"key":"REST"},{"floor":49,"key":"RECALL"}],"neow_cost":"NONE","seed_source_timestamp":0,"circlet_count":0,"master_deck":["AscendersBane","Strike_R","Defend_R","Defend_R","Defend_R","Defend_R","Bash","Cleave","Whirlwind+1","Armaments+1","True Grit","Battle Trance","Flex","Reckless Charge","Sword Boomerang","Searing Blow+1","Offering","Anger+1","Thunderclap+1","RitualDagger+1","Demon Form+1","Carnage+1","Inflame+1","Reaper+1","Twin Strike+1","Reckless Charge+1","Thunderclap+1","Headbutt+1","Writhe","Metallicize","Havoc+1","Rage+1","Dropkick+1","Havoc+1"],"special_seed":0,"relics":["Burning Blood","Smiling Mask","Pantograph","Bottled Flame","Red Skull","Ectoplasm","Nilry\u0027s Codex","Paper Frog","Toxic Egg 2","Bag of Preparation","Molten Egg 2","Astrolabe","Happy Flower","Ancient Tea Set","Orichalcum"],"potions_floor_usage":[50],"damage_taken":[{"damage":9.0,"enemies":"Jaw Worm","floor":1.0,"turns":5.0},{"damage":2.0,"enemies":"Small Slimes","floor":5.0,"turns":4.0},{"damage":36.0,"enemies":"Gremlin Nob","floor":7.0,"turns":5.0},{"damage":0.0,"enemies":"2 Louse","floor":8.0,"turns":2.0},{"damage":17.0,"enemies":"3 Sentries","floor":10.0,"turns":3.0},{"damage":12.0,"enemies":"Looter","floor":11.0,"turns":3.0},{"damage":0.0,"enemies":"Exordium Wildlife","floor":12.0,"turns":2.0},{"damage":2.0,"enemies":"Large Slime","floor":14.0,"turns":4.0},{"damage":41.0,"enemies":"The Guardian","floor":16.0,"turns":9.0},{"damage":21.0,"enemies":"Shell Parasite","floor":18.0,"turns":4.0},{"damage":7.0,"enemies":"Spheric Guardian","floor":19.0,"turns":3.0},{"damage":11.0,"enemies":"Shelled Parasite and Fungi","floor":22.0,"turns":3.0},{"damage":31.0,"enemies":"Gremlin Leader","floor":25.0,"turns":3.0},{"damage":34.0,"enemies":"Slavers","floor":29.0,"turns":2.0},{"damage":7.0,"enemies":"Chosen and Byrds","floor":30.0,"turns":4.0},{"damage":0.0,"enemies":"Snecko","floor":31.0,"turns":2.0},{"damage":64.0,"enemies":"Automaton","floor":33.0,"turns":8.0},{"damage":38.0,"enemies":"3 Darklings","floor":35.0,"turns":3.0},{"damage":13.0,"enemies":"3 Shapes","floor":36.0,"turns":4.0},{"damage":13.0,"enemies":"Transient","floor":39.0,"turns":5.0},{"damage":33.0,"enemies":"Reptomancer","floor":41.0,"turns":3.0},{"damage":0.0,"enemies":"Jaw Worm Horde","floor":42.0,"turns":1.0},{"damage":46,"enemies":"Nemesis","floor":44,"turns":5},{"damage":0,"enemies":"Maw","floor":48,"turns":3},{"damage":97,"enemies":"Donu and Deca","floor":50,"turns":4}],"seed_played":"-3843703721704935651","potions_obtained":[{"floor":8.0,"key":"Dexterity Potion"},{"floor":12.0,"key":"Strength Potion"},{"floor":14.0,"key":"Explosive Potion"},{"floor":16.0,"key":"Ancient Potion"},{"floor":19.0,"key":"SkillPotion"},{"floor":30.0,"key":"Explosive Potion"},{"floor":31.0,"key":"LiquidBronze"},{"floor":33.0,"key":"Fire Potion"},{"floor":35.0,"key":"Ancient Potion"},{"floor":39.0,"key":"Strength Potion"},{"floor":42.0,"key":"Explosive Potion"},{"floor":44,"key":"Fire Potion"}],"is_trial":false,"path_per_floor":["M","?","$","?","M","R","E","M","T","E","M","M","R","M","R","B",null,"M","M","?","?","M","R","?","E","T","$","R","E","M","M","R","B",null,"M","M","?","?","M","R","E","M","T","E","R","T","?","M","R","B"],"character_chosen":"IRONCLAD","items_purchased":["Whirlwind","Demon Form","Bag of Preparation"],"campfire_rested":3,"item_purchase_floors":[3,27,27],"current_hp_per_floor":[69,69,69,69,73,73,43,49,49,38,32,38,38,42,42,32,64,49,48,42,66,61,61,45,20,20,20,42,14,13,19,41,8,58,55,63,74,74,67,67,40,46,46,7,29,29,29,35,35,0],"gold":24,"neow_bonus":"RANDOM_COMMON_RELIC","is_prod":false,"is_daily":false,"chose_seed":false,"campfire_upgraded":5,"win_rate":0,"timestamp":1549484024,"path_taken":["M","?","$","?","M","R","E","M","T","E","M","M","R","M","R","BOSS","M","M","?","?","M","R","?","E","T","$","R","E","M","M","R","BOSS","M","M","?","?","M","R","E","M","T","E","R","?","?","M","R","BOSS"],"build_version":"2019-01-23","purchased_purges":1,"victory":false,"max_hp_per_floor":[80,74,74,74,74,74,74,74,74,74,74,74,74,74,74,74,74,74,74,74,74,74,74,74,74,74,74,74,74,74,74,74,74,74,74,74,74,74,74,74,74,74,74,74,74,74,74,74,74,74],"card_choices":[{"not_picked":["Twin Strike","Thunderclap"],"picked":"Cleave","floor":1.0},{"not_picked":["Heavy Blade","Clothesline"],"picked":"Armaments","floor":5.0},{"not_picked":["Fire Breathing","Headbutt"],"picked":"True Grit","floor":7.0},{"not_picked":["Limit Break","Sword Boomerang"],"picked":"Battle Trance","floor":8.0},{"not_picked":["Pommel Strike","Shrug It Off"],"picked":"Flex","floor":10.0},{"not_picked":["Blood for Blood","True Grit"],"picked":"Reckless Charge","floor":11.0},{"not_picked":["Warcry","Havoc"],"picked":"Sword Boomerang","floor":12.0},{"not_picked":["Power Through","Flex"],"picked":"Searing Blow","floor":14.0},{"not_picked":["Impervious","Juggernaut"],"picked":"Offering","floor":16.0},{"not_picked":["Twin Strike","Blood for Blood"],"picked":"Anger+1","floor":18.0},{"not_picked":["Whirlwind","Cleave+1"],"picked":"Thunderclap+1","floor":19.0},{"not_picked":["Reckless Charge","Armaments","True Grit"],"picked":"SKIP","floor":22.0},{"not_picked":["Entrench","Brutality","Armaments"],"picked":"SKIP","floor":25.0},{"not_picked":["Wild Strike","Cleave+1","Perfected Strike+1"],"picked":"SKIP","floor":29.0},{"not_picked":["Sever Soul+1","Dual Wield+1"],"picked":"Carnage+1","floor":30.0},{"not_picked":["Shrug It Off+1","Clash+1"],"picked":"Inflame+1","floor":31.0},{"not_picked":["Dark Embrace","Barricade"],"picked":"Reaper+1","floor":33.0},{"not_picked":["Hemokinesis+1","Sword Boomerang+1"],"picked":"Headbutt+1","floor":35.0},{"not_picked":["Wild Strike+1","Inflame","Twin Strike+1"],"picked":"SKIP","floor":36.0},{"not_picked":["Headbutt+1","Evolve","Anger+1"],"picked":"SKIP","floor":39.0},{"not_picked":["Body Slam+1","Wild Strike+1"],"picked":"Metallicize","floor":41.0},{"not_picked":["Pommel Strike+1","Heavy Blade+1"],"picked":"Havoc+1","floor":42.0},{"not_picked":["Combust","Intimidate+1"],"picked":"Rage+1","floor":44},{"not_picked":["Sword Boomerang+1","Shockwave+1"],"picked":"Havoc+1","floor":48}],"player_experience":996502,"relics_obtained":[{"floor":7.0,"key":"Pantograph"},{"floor":9.0,"key":"Bottled Flame"},{"floor":10.0,"key":"Red Skull"},{"floor":24.0,"key":"Nilry\u0027s Codex"},{"floor":25.0,"key":"Paper Frog"},{"floor":26.0,"key":"Toxic Egg 2"},{"floor":29.0,"key":"Molten Egg 2"},{"floor":41.0,"key":"Happy Flower"},{"floor":44,"key":"Ancient Tea Set"},{"floor":46,"key":"Orichalcum"}],"event_choices":[{"damage_healed":0.0,"max_hp_gain":0.0,"max_hp_loss":6.0,"gold_gain":0.0,"event_name":"Golden Idol","player_choice":"Lose Max HP","floor":2.0,"gold_loss":0.0,"damage_taken":0.0,"relics_obtained":["Golden Idol"]},{"damage_healed":0.0,"max_hp_gain":0.0,"max_hp_loss":0.0,"gold_gain":0.0,"event_name":"The Cleric","player_choice":"Leave","floor":4.0,"gold_loss":0.0,"damage_taken":0.0},{"damage_healed":0.0,"max_hp_gain":0.0,"max_hp_loss":0.0,"gold_gain":0.0,"event_name":"Nest","player_choice":"Joined the Cult","floor":20.0,"gold_loss":0.0,"damage_taken":6.0,"cards_obtained":["RitualDagger"]},{"damage_healed":24.0,"max_hp_gain":0.0,"max_hp_loss":0.0,"gold_gain":0.0,"event_name":"The Library","player_choice":"Heal","floor":21.0,"gold_loss":0.0,"damage_taken":0.0},{"damage_healed":0.0,"max_hp_gain":0.0,"max_hp_loss":0.0,"gold_gain":0.0,"event_name":"Cursed Tome","player_choice":"Obtained Book","floor":24.0,"gold_loss":0.0,"damage_taken":16.0},{"damage_healed":19.0,"max_hp_gain":0.0,"max_hp_loss":0.0,"gold_gain":0.0,"event_name":"Winding Halls","player_choice":"Writhe","floor":37.0,"gold_loss":0.0,"damage_taken":0.0,"cards_obtained":["Writhe"]},{"damage_healed":0.0,"max_hp_gain":0.0,"max_hp_loss":0.0,"gold_gain":333.0,"event_name":"The Moai Head","player_choice":"Gave Idol","floor":38.0,"relics_lost":["Golden Idol"],"gold_loss":0.0,"damage_taken":0.0},{"damage_healed":0,"gold_gain":0,"player_choice":"1 cards matched","damage_taken":0,"max_hp_gain":0,"max_hp_loss":0,"event_name":"Match and Keep!","floor":47,"gold_loss":0,"cards_obtained":["Dropkick"]}],"is_beta":false,"boss_relics":[{"not_picked":["Calling Bell","Philosopher\u0027s Stone"],"picked":"Ectoplasm"},{"not_picked":["Runic Dome","Lizard Tail"],"picked":"Astrolabe"}],"items_purged_floors":[3],"is_endless":false,"potions_floor_spawned":[8,12,14,16,19,30,31,33,35,39,42,44],"killed_by":"Donu and Deca","ascension_level":10}