{"gold_per_floor":[109,124,135,135,153,153,210,210,210,225,250,250,291,291,291,291],"floor_reached":16,"playtime":397,"items_purged":[],"score":199,"play_id":"fbb2a96a-cc5b-4444-9290-0919f335b91b","local_time":"20181007220928","is_ascension_mode":true,"campfire_choices":[{"data":"Bouncing Flask","floor":6.0,"key":"SMITH"},{"data":"Neutralize","floor":8.0,"key":"SMITH"},{"data":"Crippling Poison","floor":12.0,"key":"SMITH"},{"data":"Underhanded Strike","floor":15.0,"key":"SMITH"}],"neow_cost":"NONE","seed_source_timestamp":775453344376050,"circlet_count":0,"master_deck":["Defend_G","Defend_G","Defend_G","Defend_G","Defend_G","Strike_G","Strike_G","Strike_G","Strike_G","Strike_G","Survivor","Neutralize+1","AscendersBane","Underhanded Strike+1","Leg Sweep","Reflex","Injury","Bouncing Flask+1","Dagger Throw","Crippling Poison+1","Grand Finale"],"special_seed":0,"relics":["Runic Dome","Golden Idol","Pen Nib","Meat on the Bone","Bird Faced Urn"],"potions_floor_usage":[],"damage_taken":[{"damage":6.0,"enemies":"2 Louse","floor":1.0,"turns":3.0},{"damage":0.0,"enemies":"Cultist","floor":2.0,"turns":4.0},{"damage":4.0,"enemies":"Small Slimes","floor":3.0,"turns":5.0},{"damage":3.0,"enemies":"Looter","floor":5.0,"turns":4.0},{"damage":12.0,"enemies":"2 Fungi Beasts","floor":10.0,"turns":4.0},{"damage":12.0,"enemies":"Blue Slaver","floor":11.0,"turns":3.0},{"damage":8.0,"enemies":"Gremlin Nob","floor":13.0,"turns":3.0},{"damage":20,"enemies":"Slime Boss","floor":16,"turns":5}],"seed_played":"-6631281474157559399","potions_obtained":[{"floor":2.0,"key":"Swift Potion"},{"floor":5.0,"key":"LiquidBronze"},{"floor":10.0,"key":"Poison Potion"},{"floor":11.0,"key":"Strength Potion"}],"is_trial":false,"path_per_floor":["M","M","M","?","M","R","?","R","T","M","M","R","E","T","R"],"character_chosen":"THE_SILENT","items_purchased":[],"campfire_rested":0,"item_purchase_floors":[],"current_hp_per_floor":[53,53,49,49,46,46,46,46,46,34,22,22,14,14,14,0],"gold":291,"neow_bonus":"BOSS_RELIC","is_prod":false,"is_daily":false,"chose_seed":false,"campfire_upgraded":4,"win_rate":0,"timestamp":1538942968,"path_taken":["M","M","M","?","M","R","?","R","T","M","?","R","E","?","R","BOSS"],"build_version":"2018-10-04v2","purchased_purges":0,"victory":false,"max_hp_per_floor":[66,66,66,66,66,66,66,66,66,66,66,66,66,66,66,66],"card_choices":[{"not_picked":["Poisoned Stab","Sucker Punch"],"picked":"Underhanded Strike","floor":1.0},{"not_picked":["Slice","Expertise"],"picked":"Leg Sweep","floor":2.0},{"not_picked":["Flying Knee","Slice"],"picked":"Reflex","floor":3.0},{"not_picked":["Deadly Poison","PiercingWail"],"picked":"Bouncing Flask","floor":5.0},{"not_picked":["PiercingWail","Outmaneuver"],"picked":"Dagger Throw","floor":10.0},{"not_picked":["Caltrops","Deflect"],"picked":"Crippling Poison","floor":11.0},{"not_picked":["Blade Dance","Slice"],"picked":"Grand Finale","floor":13.0}],"player_experience":817169,"relics_obtained":[{"floor":9.0,"key":"Pen Nib"},{"floor":13.0,"key":"Meat on the Bone"},{"floor":14.0,"key":"Bird Faced Urn"}],"event_choices":[{"event_name":"Golden Idol","player_choice":"Take Wound","floor":4.0,"damage_taken":0.0},{"event_name":"Golden Wing","player_choice":"Gained Gold","floor":7.0,"damage_taken":0.0}],"is_beta":false,"boss_relics":[],"items_purged_floors":[],"is_endless":false,"potions_floor_spawned":[2,5,10,11],"killed_by":"Slime Boss","ascension_level":19}