{"gold_per_floor":[113,113,125,125,138,138,153,153,176,176,207,207,207,236,236,313,313,326,326,345,360,360,392,392,423,423,442,461,461,35,66,66,66],"floor_reached":33,"playtime":1000,"items_purged":["Strike_B"],"score":672,"play_id":"b2392f20-2cc6-4b67-a906-b737d7706a2f","local_time":"20180917102130","is_ascension_mode":true,"campfire_choices":[{"data":"Genetic Algorithm","floor":6,"key":"SMITH"},{"data":"Dualcast","floor":8,"key":"SMITH"},{"data":"Rip and Tear","floor":10,"key":"SMITH"},{"floor":12,"key":"REST"},{"data":"Redo","floor":15,"key":"SMITH"},{"floor":24,"key":"REST"},{"floor":29,"key":"REST"},{"floor":32,"key":"REST"}],"neow_cost":"","seed_source_timestamp":3137452064078,"circlet_count":0,"master_deck":["Strike_B","Strike_B","Defend_B","Defend_B","Defend_B","Defend_B","Zap+1","Dualcast+1","AscendersBane","Conserve Battery","Scrape","Genetic Algorithm+1","Ball Lightning","Rip and Tear+1","BootSequence","Redo+1","Electrodynamics","Go for the Eyes","Necronomicurse","Coolheaded+1","Biased Cognition","Tempest","Beam Cell+1","Steam"],"relics":["Cracked Core","Bronze Scales","Centennial Puzzle","Letter Opener","Calipers","Nuclear Battery","Necronomicon","Question Card","Bottled Lightning","Darkstone Periapt","Mummified Hand","Bottled Flame"],"potions_floor_usage":[7,7,16,20,21,25,28],"damage_taken":[{"damage":2,"enemies":"Cultist","floor":1,"turns":4},{"damage":9,"enemies":"2 Louse","floor":3,"turns":3},{"damage":5,"enemies":"Small Slimes","floor":5,"turns":3},{"damage":18,"enemies":"Gremlin Gang","floor":7,"turns":5},{"damage":20,"enemies":"Lagavulin","floor":11,"turns":4},{"damage":15,"enemies":"Gremlin Nob","floor":14,"turns":4},{"damage":0,"enemies":"Slime Boss","floor":16,"turns":6},{"damage":7,"enemies":"Shell Parasite","floor":18,"turns":3},{"damage":23,"enemies":"Chosen","floor":20,"turns":5},{"damage":0,"enemies":"3 Cultists","floor":21,"turns":3},{"damage":17,"enemies":"Slavers","floor":23,"turns":2},{"damage":19,"enemies":"Book of Stabbing","floor":25,"turns":5},{"damage":16,"enemies":"Snecko","floor":27,"turns":5},{"damage":2,"enemies":"Snake Plant","floor":28,"turns":2},{"damage":12,"enemies":"Slavers","floor":31,"turns":2},{"damage":47,"enemies":"Collector","floor":33,"turns":6}],"seed_played":"-6891504520024630025","potions_obtained":[{"floor":3,"key":"SteroidPotion"},{"floor":5,"key":"EssenceOfSteel"},{"floor":14,"key":"Swift Potion"},{"floor":18,"key":"Regen Potion"},{"floor":20,"key":"Dexterity Potion"},{"floor":23,"key":"Swift Potion"},{"floor":27,"key":"Block Potion"}],"is_trial":false,"path_per_floor":["M","?","M","?","M","R","M","R","T","R","E","R","T","E","R","B",null,"M","?","M","M","?","E","R","E","T","M","M","R","$","E","R"],"character_chosen":"DEFECT","items_purchased":["Mummified Hand","Steam"],"campfire_rested":4,"item_purchase_floors":[30,30],"current_hp_per_floor":[62,62,53,53,48,48,30,30,30,30,10,31,31,16,16,16,57,50,29,20,20,34,17,38,19,19,3,1,22,22,10,31,0],"gold":66,"neow_bonus":"","is_prod":false,"is_daily":false,"chose_seed":false,"campfire_upgraded":4,"win_rate":0,"timestamp":1537172490,"path_taken":["M","?","M","?","?","R","M","R","T","R","E","R","?","E","R","BOSS","M","?","M","M","?","E","R","E","T","M","M","R","$","E","R","BOSS"],"build_version":"2018-09-06","purchased_purges":1,"victory":false,"max_hp_per_floor":[71,71,71,71,71,71,71,71,71,71,71,71,71,71,71,71,71,71,71,71,71,71,71,71,71,71,71,71,71,71,71,71,71],"card_choices":[{"not_picked":["Hologram","Streamline"],"picked":"Conserve Battery","floor":1},{"not_picked":["Conserve Battery","Reinforced Body"],"picked":"Scrape","floor":3},{"not_picked":["Chaos","Turbo"],"picked":"Ball Lightning","floor":5},{"not_picked":["Reprogram","Compile Driver"],"picked":"Rip and Tear","floor":7},{"not_picked":["Force Field","Storm"],"picked":"BootSequence","floor":11},{"not_picked":["Coolheaded","Stack"],"picked":"Redo","floor":14},{"not_picked":["Seek","Core Surge"],"picked":"Electrodynamics","floor":16},{"not_picked":["Gash","Sweeping Beam"],"picked":"Go for the Eyes","floor":18},{"not_picked":["Consume","Genetic Algorithm","Leap"],"picked":"SKIP","floor":20},{"not_picked":["Leap","Lockon","Coolheaded"],"picked":"SKIP","floor":21},{"not_picked":["Steam","Genetic Algorithm"],"picked":"Coolheaded+1","floor":23},{"not_picked":["Genetic Algorithm+1","Barrage","Blizzard+1"],"picked":"Biased Cognition","floor":25},{"not_picked":["Storm","Turbo+1","Reprogram"],"picked":"Tempest","floor":27},{"not_picked":["Streamline","Genetic Algorithm","Heatsinks"],"picked":"Beam Cell+1","floor":28},{"not_picked":["Conserve Battery","Barrage","Go for the Eyes","Sweeping Beam"],"picked":"SKIP","floor":31}],"player_experience":740801,"relics_obtained":[{"floor":9,"key":"Bronze Scales"},{"floor":11,"key":"Centennial Puzzle"},{"floor":13,"key":"Letter Opener"},{"floor":14,"key":"Calipers"},{"floor":19,"key":"Necronomicon"},{"floor":23,"key":"Question Card"},{"floor":25,"key":"Bottled Lightning"},{"floor":26,"key":"Darkstone Periapt"},{"floor":31,"key":"Bottled Flame"}],"event_choices":[{"event_name":"Living Wall","player_choice":"Grow","floor":2,"damage_taken":0},{"event_name":"Transmorgrifier","player_choice":"Transform","floor":4,"damage_taken":0},{"event_name":"Cursed Tome","player_choice":"Obtained Book","floor":19,"damage_taken":0},{"event_name":"The Library","player_choice":"Heal","floor":22,"damage_taken":0}],"is_beta":false,"boss_relics":[{"not_picked":["Runic Pyramid","Snecko Eye"],"picked":"Nuclear Battery"}],"items_purged_floors":[30],"is_endless":false,"potions_floor_spawned":[3,5,14,18,20,23,27],"killed_by":"Collector","ascension_level":17}