{"gold_per_floor":[20,31,31,31,41,375,375,375,375,214,214,247,261,279,279,409,409,423,14,33,33,53,53,0,0,0,41,140,155,190,190,190,285,285,302,156,171,3,3,34,34,60,60,60,79,79,89,189,189,189],"floor_reached":50,"playtime":6363,"items_purged":["Injury","Strike_B"],"score":722,"play_id":"6bc637cc-cdad-4998-8780-06cb57ce58b0","local_time":"20190215021523","is_ascension_mode":true,"campfire_choices":[{"data":"Coolheaded","floor":7.0,"key":"SMITH"},{"data":"Trip","floor":11.0,"key":"SMITH"},{"floor":15.0,"key":"REST"},{"floor":23.0,"key":"REST"},{"floor":25.0,"key":"REST"},{"floor":32.0,"key":"REST"},{"data":"Glacier","floor":44.0,"key":"SMITH"},{"data":"Barrage","floor":46.0,"key":"SMITH"},{"data":"Steam","floor":49.0,"key":"SMITH"}],"neow_cost":"NO_GOLD","seed_source_timestamp":10787313790632,"circlet_count":0,"master_deck":["Strike_B","Strike_B","Strike_B+1","Defend_B","Defend_B","Defend_B","Zap","Dualcast","Streamline+1","Hologram","Rebound","Coolheaded+1","Trip+1","Steam+1","Leap","All For One","Reprogram","Glacier+1","Genetic Algorithm","Sweeping Beam+1","Defragment+1","Core Surge","Fusion+1","Swift Strike","Beam Cell","Cold Snap","Barrage+1","Compile Driver"],"special_seed":0,"relics":["Cracked Core","Nunchaku","Old Coin","Bloody Idol","Matryoshka","Odd Mushroom","Philosopher\u0027s Stone","Membership Card","Gambling Chip","Enchiridion","Pantograph","Whetstone","Shuriken","Juzu Bracelet","Inserter","Bag of Marbles","Cables","Thread and Needle","PreservedInsect","Lantern","Symbiotic Virus"],"potions_floor_usage":[50],"damage_taken":[{"damage":4.0,"enemies":"Jaw Worm","floor":1.0,"turns":3.0},{"damage":0.0,"enemies":"2 Louse","floor":2.0,"turns":1.0},{"damage":0.0,"enemies":"Cultist","floor":5.0,"turns":2.0},{"damage":4.0,"enemies":"Gremlin Nob","floor":6.0,"turns":3.0},{"damage":20.0,"enemies":"The Mushroom Lair","floor":12.0,"turns":3.0},{"damage":4.0,"enemies":"3 Louse","floor":13.0,"turns":3.0},{"damage":0.0,"enemies":"2 Fungi Beasts","floor":14.0,"turns":2.0},{"damage":16.0,"enemies":"The Guardian","floor":16.0,"turns":10.0},{"damage":11.0,"enemies":"Shell Parasite","floor":18.0,"turns":5.0},{"damage":12.0,"enemies":"2 Thieves","floor":20.0,"turns":3.0},{"damage":10.0,"enemies":"Chosen and Byrds","floor":22.0,"turns":8.0},{"damage":5.0,"enemies":"Book of Stabbing","floor":27.0,"turns":3.0},{"damage":20.0,"enemies":"Snake Plant","floor":29.0,"turns":5.0},{"damage":34.0,"enemies":"Slavers","floor":30.0,"turns":6.0},{"damage":21.0,"enemies":"Collector","floor":33.0,"turns":9.0},{"damage":0.0,"enemies":"3 Shapes","floor":35.0,"turns":4.0},{"damage":2.0,"enemies":"3 Darklings","floor":37.0,"turns":6.0},{"damage":68.0,"enemies":"Nemesis","floor":40.0,"turns":5.0},{"damage":9.0,"enemies":"Reptomancer","floor":42.0,"turns":4.0},{"damage":7.0,"enemies":"Spire Growth","floor":45.0,"turns":6.0},{"damage":0.0,"enemies":"Sphere and 2 Shapes","floor":47.0,"turns":3.0},{"damage":67,"enemies":"Time Eater","floor":50,"turns":9}],"seed_played":"-5397687197531376091","potions_obtained":[{"floor":2.0,"key":"EssenceOfSteel"},{"floor":4.0,"key":"Swift Potion"},{"floor":4.0,"key":"Weak Potion"},{"floor":4.0,"key":"AttackPotion"},{"floor":22.0,"key":"FocusPotion"},{"floor":29.0,"key":"Weak Potion"},{"floor":30.0,"key":"Block Potion"},{"floor":35.0,"key":"Poison Potion"},{"floor":45.0,"key":"FearPotion"}],"is_trial":false,"path_per_floor":["M","M","?","?","M","E","R","?","T","$","R","?","M","M","R","B",null,"M","$","M","?","M","R","$","R","T","E","?","M","E","?","R","B",null,"M","$","M","$","?","E","?","E","T","R","M","R","M","?","R","B"],"character_chosen":"DEFECT","items_purchased":["Trip","Membership Card","Gambling Chip","Sweeping Beam","Explosive Potion","Swift Strike","Bag of Marbles","Energy Potion","Cables","GamblersBrew"],"campfire_rested":4,"item_purchase_floors":[10,19,19,24,24,36,36,36,38,38],"current_hp_per_floor":[64,64,64,64,64,60,60,60,60,60,60,40,36,36,58,42,67,56,56,44,28,18,40,40,62,62,57,57,37,3,3,25,34,65,70,70,73,73,73,10,66,62,62,62,60,60,65,66,66,0],"gold":189,"neow_bonus":"ONE_RARE_RELIC","is_prod":false,"is_daily":false,"chose_seed":false,"campfire_upgraded":5,"win_rate":0,"timestamp":1550214923,"path_taken":["M","M","?","?","?","E","R","?","T","$","R","?","M","M","R","BOSS","M","$","M","?","M","R","$","R","T","E","?","M","E","?","R","BOSS","M","$","M","$","?","E","?","E","T","R","M","R","M","?","R","BOSS"],"build_version":"2019-01-23","purchased_purges":2,"victory":false,"max_hp_per_floor":[75,75,75,75,75,75,75,75,75,75,75,75,75,75,75,75,75,75,75,75,75,75,75,75,75,75,75,75,75,75,75,75,75,75,75,75,75,75,75,75,66,66,66,66,66,66,66,66,66,66],"card_choices":[{"not_picked":["Ball Lightning","Undo"],"picked":"Streamline","floor":1.0},{"not_picked":["Streamline","White Noise"],"picked":"Hologram","floor":2.0},{"not_picked":["Hologram","Go for the Eyes"],"picked":"Rebound","floor":5.0},{"not_picked":["Force Field","Chill"],"picked":"Coolheaded","floor":6.0},{"not_picked":["Hello World","Cold Snap"],"picked":"Steam","floor":12.0},{"not_picked":["Force Field","Redo","Go for the Eyes"],"picked":"SKIP","floor":13.0},{"not_picked":["Capacitor","Loop"],"picked":"Leap","floor":14.0},{"not_picked":["Fission","Buffer"],"picked":"All For One","floor":16.0},{"not_picked":["Steam","Aggregate"],"picked":"Reprogram","floor":18.0},{"not_picked":["Turbo","Sunder"],"picked":"Glacier","floor":20.0},{"not_picked":["Chill","Hologram+1"],"picked":"Genetic Algorithm","floor":22.0},{"not_picked":["Rebound+1","Self Repair"],"picked":"Defragment+1","floor":27.0},{"not_picked":["White Noise","Steam","Lockon+1"],"picked":"SKIP","floor":29.0},{"not_picked":["Hologram","Reboot","Meteor Strike"],"picked":"SKIP","floor":30.0},{"not_picked":["Creative AI","Amplify"],"picked":"Core Surge","floor":33.0},{"not_picked":["Stack+1","Turbo+1"],"picked":"Fusion+1","floor":35.0},{"not_picked":["Hologram","Ball Lightning+1"],"picked":"Beam Cell","floor":37.0},{"not_picked":["Beam Cell","Force Field","Storm"],"picked":"SKIP","floor":40.0},{"not_picked":["Gash+1","Hello World"],"picked":"Cold Snap","floor":42.0},{"not_picked":["Ball Lightning","White Noise+1"],"picked":"Barrage","floor":45.0},{"not_picked":["Rip and Tear+1","Genetic Algorithm+1"],"picked":"Compile Driver","floor":47.0}],"player_experience":473429,"relics_obtained":[{"floor":6.0,"key":"Old Coin"},{"floor":9.0,"key":"Matryoshka"},{"floor":12.0,"key":"Odd Mushroom"},{"floor":21.0,"key":"Enchiridion"},{"floor":26.0,"key":"Pantograph"},{"floor":26.0,"key":"Whetstone"},{"floor":27.0,"key":"Shuriken"},{"floor":30.0,"key":"Juzu Bracelet"},{"floor":40.0,"key":"Thread and Needle"},{"floor":42.0,"key":"PreservedInsect"},{"floor":43.0,"key":"Lantern"},{"floor":43.0,"key":"Symbiotic Virus"}],"event_choices":[{"damage_healed":0.0,"max_hp_gain":0.0,"max_hp_loss":0.0,"gold_gain":0.0,"event_name":"Living Wall","player_choice":"Grow","floor":3.0,"gold_loss":0.0,"damage_taken":0.0,"cards_upgraded":["Streamline"]},{"damage_healed":0.0,"max_hp_gain":0.0,"max_hp_loss":0.0,"gold_gain":0.0,"event_name":"Lab","player_choice":"Got Potions","floor":4.0,"gold_loss":0.0,"damage_taken":0.0},{"damage_healed":0.0,"max_hp_gain":0.0,"max_hp_loss":0.0,"gold_gain":0.0,"event_name":"Golden Idol","player_choice":"Take Wound","floor":8.0,"gold_loss":0.0,"damage_taken":0.0,"relics_obtained":["Golden Idol"],"cards_obtained":["Injury"]},{"damage_healed":0.0,"max_hp_gain":0.0,"max_hp_loss":0.0,"gold_gain":0.0,"event_name":"Mushrooms","player_choice":"Fought Mushrooms","floor":12.0,"gold_loss":0.0,"damage_taken":0.0},{"damage_healed":0.0,"max_hp_gain":0.0,"max_hp_loss":0.0,"gold_gain":0.0,"event_name":"Cursed Tome","player_choice":"Obtained Book","floor":21.0,"gold_loss":0.0,"damage_taken":16.0},{"damage_healed":0.0,"max_hp_gain":0.0,"max_hp_loss":0.0,"gold_gain":99.0,"event_name":"Nest","player_choice":"Stole From Cult","floor":28.0,"gold_loss":0.0,"damage_taken":0.0},{"damage_healed":0.0,"max_hp_gain":0.0,"max_hp_loss":0.0,"gold_gain":0.0,"event_name":"Forgotten Altar","player_choice":"Gave Idol","floor":31.0,"relics_lost":["Golden Idol"],"gold_loss":0.0,"damage_taken":0.0,"relics_obtained":["Bloody Idol"]},{"cards_removed":["Defend_B"],"damage_healed":0.0,"max_hp_gain":0.0,"max_hp_loss":0.0,"gold_gain":0.0,"event_name":"Bonfire Elementals","player_choice":"Offered Basic","floor":39.0,"gold_loss":0.0,"damage_taken":0.0},{"damage_healed":66.0,"max_hp_gain":0.0,"max_hp_loss":9.0,"gold_gain":0.0,"event_name":"The Moai Head","player_choice":"Heal","floor":41.0,"gold_loss":0.0,"damage_taken":0.0},{"damage_healed":0.0,"max_hp_gain":0.0,"max_hp_loss":0.0,"gold_gain":100.0,"event_name":"Golden Shrine","player_choice":"Pray","floor":48.0,"gold_loss":0.0,"damage_taken":0.0}],"is_beta":false,"boss_relics":[{"not_picked":["Velvet Choker","Busted Crown"],"picked":"Philosopher\u0027s Stone"},{"not_picked":["Pandora\u0027s Box","Fusion Hammer"],"picked":"Inserter"}],"items_purged_floors":[10,19],"is_endless":false,"potions_floor_spawned":[2,6,12,13,22,29,30,35,45],"killed_by":"Time Eater","ascension_level":6}