{"gold_per_floor":[144,144,189,234,279,369,207,252,302,347,392,482,527,477,477,777,777,822,831,31,31,76,76,166,211,211,256,301,301,346,391,391,391],"floor_reached":33,"playtime":6340,"items_purged":["Enlightenment","Defend_G"],"score":335,"play_id":"8c814409-e00e-41c8-9e7a-ce2cee555fbf","local_time":"20180704010814","daily_mods":["Allstar","Midas","Binary"],"is_ascension_mode":false,"campfire_choices":[{"floor":15.0,"key":"REST"},{"floor":23.0,"key":"REST"},{"floor":32.0,"key":"REST"}],"neow_cost":"","seed_source_timestamp":0,"circlet_count":0,"master_deck":["Defend_G+1","Defend_G+1","Defend_G+1","Defend_G+1","Strike_G+1","Strike_G+1","Strike_G+1","Strike_G+1","Survivor+1","Neutralize","Swift Strike","Bandage Up","Jack Of All Trades","Flash of Steel+1","Prepared","Dagger Throw","Finisher","Backflip","Acrobatics","Quick Slash","A Thousand Cuts","Choke","A Thousand Cuts","Slice","Dagger Throw+1","Backstab+1","Backstab+1","Ghostly","Ghostly","Ghostly","Ghostly","Ghostly","Cloak And Dagger+1"],"special_seed":17716,"relics":["Ring of the Snake","Bag of Marbles","Oddly Smooth Stone","Unceasing Top","White Beast Statue","Red Mask","Torii","Orichalcum","Molten Egg 2","Strawberry","Anchor"],"potions_floor_usage":[33,33,33],"damage_taken":[{"damage":6.0,"enemies":"Jaw Worm","floor":1.0,"turns":4.0},{"damage":0.0,"enemies":"2 Louse","floor":3.0,"turns":2.0},{"damage":0.0,"enemies":"Cultist","floor":4.0,"turns":3.0},{"damage":0.0,"enemies":"2 Fungi Beasts","floor":5.0,"turns":3.0},{"damage":4.0,"enemies":"Gremlin Nob","floor":6.0,"turns":3.0},{"damage":0.0,"enemies":"Looter","floor":8.0,"turns":1.0},{"damage":2.0,"enemies":"3 Louse","floor":10.0,"turns":3.0},{"damage":0.0,"enemies":"Red Slaver","floor":11.0,"turns":1.0},{"damage":12.0,"enemies":"3 Sentries","floor":12.0,"turns":6.0},{"damage":0.0,"enemies":"Exordium Wildlife","floor":13.0,"turns":2.0},{"damage":44.0,"enemies":"Hexaghost","floor":16.0,"turns":9.0},{"damage":24.0,"enemies":"2 Thieves","floor":18.0,"turns":5.0},{"damage":18.0,"floor":19.0,"turns":5.0},{"damage":0.0,"enemies":"Chosen","floor":22.0,"turns":3.0},{"damage":1.0,"enemies":"Gremlin Leader","floor":24.0,"turns":7.0},{"damage":12.0,"enemies":"Sentry and Sphere","floor":25.0,"turns":4.0},{"damage":0.0,"enemies":"Snake Plant","floor":27.0,"turns":2.0},{"damage":7.0,"enemies":"Snecko","floor":28.0,"turns":5.0},{"damage":0.0,"enemies":"Slaver and Parasite","floor":30.0,"turns":6.0},{"damage":0.0,"enemies":"Centurion and Healer","floor":31.0,"turns":5.0},{"damage":55,"enemies":"Champ","floor":33,"turns":15}],"seed_played":"-71874081359169380","potions_obtained":[{"floor":3.0,"key":"FearPotion"},{"floor":5.0,"key":"LiquidBronze"},{"floor":10.0,"key":"LiquidBronze"},{"floor":11.0,"key":"AttackPotion"},{"floor":18.0,"key":"GhostInAJar"},{"floor":19.0,"key":"SkillPotion"},{"floor":22.0,"key":"SpeedPotion"},{"floor":31.0,"key":"GamblersBrew"}],"is_trial":false,"path_per_floor":["M","?","M","M","M","E","$","M","T","M","M","E","M","?","R","B",null,"M","?","$","?","M","R","E","M","T","M","M","?","M","M","R"],"character_chosen":"THE_SILENT","items_purchased":["Finisher","Backflip","Torii","Orichalcum","Molten Egg 2"],"campfire_rested":3,"item_purchase_floors":[],"current_hp_per_floor":[64,50,50,50,54,50,50,50,50,52,56,48,52,52,70,30,70,46,32,32,32,36,57,67,59,59,63,60,38,38,38,38,0],"gold":391,"neow_bonus":"","is_prod":false,"is_daily":true,"chose_seed":false,"campfire_upgraded":0,"win_rate":0,"timestamp":1530680894,"path_taken":["M","?","M","M","M","E","$","M","T","M","M","E","?","?","R","BOSS","M","?","$","?","?","R","E","M","T","M","M","?","M","M","R","BOSS"],"build_version":"2018-06-28","purchased_purges":2,"victory":false,"max_hp_per_floor":[70,70,70,70,70,70,70,70,70,70,70,70,70,70,70,70,70,70,70,70,70,70,70,77,77,77,77,77,38,38,38,38,38],"card_choices":[{"not_picked":["Slice"],"picked":"Prepared","floor":1.0},{"not_picked":["Endless Agony"],"picked":"Dagger Throw","floor":3.0},{"not_picked":["Deflect","Caltrops"],"picked":"SKIP","floor":4.0},{"not_picked":["Cloak And Dagger","Acrobatics"],"picked":"SKIP","floor":5.0},{"not_picked":["Deadly Poison","Dodge and Roll"],"picked":"SKIP","floor":6.0},{"not_picked":["Sucker Punch"],"picked":"Acrobatics","floor":8.0},{"not_picked":["Sucker Punch"],"picked":"Quick Slash","floor":10.0},{"not_picked":["Bane"],"picked":"A Thousand Cuts","floor":11.0},{"not_picked":["Leg Sweep"],"picked":"Choke","floor":12.0},{"not_picked":["Sucker Punch","Dagger Spray"],"picked":"SKIP","floor":13.0},{"not_picked":["Venomology"],"picked":"A Thousand Cuts","floor":16.0},{"not_picked":["Outmaneuver"],"picked":"Slice","floor":18.0},{"not_picked":["Acrobatics"],"picked":"Dagger Throw+1","floor":22.0},{"not_picked":["Dagger Spray+1"],"picked":"Backstab+1","floor":24.0},{"not_picked":["Dash+1","Noxious Fumes"],"picked":"SKIP","floor":25.0},{"not_picked":["Dash+1"],"picked":"Backstab+1","floor":27.0},{"not_picked":["Underhanded Strike+1","Expertise"],"picked":"SKIP","floor":28.0},{"not_picked":["Blur","Backflip"],"picked":"SKIP","floor":30.0},{"not_picked":["Slice+1"],"picked":"Cloak And Dagger+1","floor":31.0}],"player_experience":112340,"relics_obtained":[{"floor":6.0,"key":"Bag of Marbles"},{"floor":9.0,"key":"Oddly Smooth Stone"},{"floor":12.0,"key":"Unceasing Top"},{"floor":19.0,"key":"Red Mask"},{"floor":24.0,"key":"Strawberry"},{"floor":26.0,"key":"Anchor"}],"event_choices":[{"event_name":"Shining Light","player_choice":"Entered Light","floor":2.0,"damage_taken":0.0},{"event_name":"The Cleric","player_choice":"Card Removal","floor":14.0,"damage_taken":0.0},{"event_name":"Masked Bandits","player_choice":"Fought over 822 gold","floor":19.0,"damage_taken":0.0},{"event_name":"Back to Basics","player_choice":"Simplicity","floor":21.0,"damage_taken":0.0},{"event_name":"Ghosts","player_choice":"Became a Ghost","floor":29.0,"damage_taken":0.0}],"boss_relics":[{"not_picked":["Runic Dome","Runic Pyramid"],"picked":"White Beast Statue"}],"items_purged_floors":[],"is_endless":false,"potions_floor_spawned":[3,5,10,11,13,18,19,22,24,25,27,28,30,31],"killed_by":"Champ","ascension_level":0}