{"gold_per_floor":[209,229,108,108,8,8,8,23,23,40,40,70,90,104,104,201,201,211,126,126,49,68,68,88,105,105,105,132,148,247,261,261,366,366,376,396,451,469,489,489,168,184,184,203,217,217,217,230,230,230],"floor_reached":51,"playtime":7404,"items_purged":["Strike_G","Defend_G","Doubt"],"score":625,"play_id":"3ac1950e-9003-4b14-9a85-7004fea00fa2","local_time":"20180701201409","is_ascension_mode":false,"campfire_choices":[{"data":"Neutralize","floor":6.0,"key":"SMITH"},{"data":"Accuracy","floor":11.0,"key":"SMITH"},{"data":"Infinite Blades","floor":15.0,"key":"SMITH"},{"data":"Cloak And Dagger","floor":23.0,"key":"SMITH"},{"floor":27.0,"key":"REST"},{"floor":32.0,"key":"REST"},{"floor":40.0,"key":"REST"},{"floor":47.0,"key":"REST"},{"floor":49,"key":"REST"}],"neow_cost":"","seed_source_timestamp":1610948061742708,"circlet_count":0,"master_deck":["Defend_G","Defend_G","Defend_G","Strike_G","Strike_G","Strike_G","Strike_G","Survivor","Neutralize+1","Flying Knee","Poisoned Stab","Quick Slash","Riddle With Holes","Dark Shackles","Bane","Accuracy+1","Cloak And Dagger+1","Infinite Blades+1","Die Die Die","Cloak And Dagger","J.A.X.","Poisoned Stab","Blur+1","Infinite Blades","Choke+1","Storm of Steel","Writhe","Clumsy","Blade Dance+1","Cloak And Dagger+1","Blade Dance+1","Quick Slash+1","Writhe"],"special_seed":17713,"relics":["Ring of the Snake","Mercury Hourglass","Kunai","Lizard Tail","Toolbox","Shuriken","Bag of Marbles","Calling Bell","Lantern","Toxic Egg 2","Sundial","Bird Faced Urn","Ancient Tea Set"],"potions_floor_usage":[48,50],"damage_taken":[{"damage":0.0,"enemies":"2 Louse","floor":1.0,"turns":2.0},{"damage":0.0,"enemies":"Cultist","floor":2.0,"turns":4.0},{"damage":0.0,"enemies":"Small Slimes","floor":8.0,"turns":3.0},{"damage":5.0,"enemies":"Red Slaver","floor":10.0,"turns":2.0},{"damage":11.0,"enemies":"3 Sentries","floor":12.0,"turns":5.0},{"damage":0.0,"enemies":"Blue Slaver","floor":13.0,"turns":3.0},{"damage":0.0,"enemies":"2 Fungi Beasts","floor":14.0,"turns":2.0},{"damage":24.0,"enemies":"The Guardian","floor":16.0,"turns":12.0},{"damage":25.0,"enemies":"2 Thieves","floor":18.0,"turns":4.0},{"damage":3.0,"enemies":"Chosen","floor":22.0,"turns":4.0},{"damage":18.0,"enemies":"Centurion and Healer","floor":24.0,"turns":6.0},{"damage":19.0,"enemies":"Snake Plant","floor":25.0,"turns":3.0},{"damage":17.0,"enemies":"Book of Stabbing","floor":28.0,"turns":4.0},{"damage":0.0,"enemies":"Cultist and Chosen","floor":29.0,"turns":4.0},{"damage":6.0,"enemies":"3 Cultists","floor":31.0,"turns":3.0},{"damage":19.0,"enemies":"Collector","floor":33.0,"turns":7.0},{"damage":6.0,"enemies":"Orb Walker","floor":35.0,"turns":3.0},{"damage":11.0,"enemies":"3 Darklings","floor":36.0,"turns":3.0},{"damage":32.0,"floor":37.0,"turns":5.0},{"damage":9.0,"enemies":"Sphere and 2 Shapes","floor":38.0,"turns":2.0},{"damage":7.0,"enemies":"4 Shapes","floor":39.0,"turns":4.0},{"damage":0.0,"enemies":"3 Darklings","floor":42.0,"turns":3.0},{"damage":6.0,"enemies":"Sphere and 2 Shapes","floor":44.0,"turns":3.0},{"damage":15.0,"enemies":"4 Shapes","floor":45.0,"turns":3.0},{"damage":8,"enemies":"3 Darklings","floor":48,"turns":4},{"damage":115,"enemies":"Awakened One","floor":50,"turns":10}],"seed_played":"4964553059205004433","potions_obtained":[{"floor":2.0,"key":"Strength Potion"},{"floor":10.0,"key":"AttackPotion"},{"floor":14.0,"key":"Swift Potion"},{"floor":16.0,"key":"SteroidPotion"},{"floor":18.0,"key":"Energy Potion"},{"floor":25.0,"key":"AttackPotion"},{"floor":31.0,"key":"Swift Potion"},{"floor":33.0,"key":"SkillPotion"},{"floor":36.0,"key":"Weak Potion"},{"floor":37.0,"key":"Energy Potion"},{"floor":48,"key":"Dexterity Potion"}],"is_trial":false,"path_per_floor":["M","M","$","?","$","R","?","M","T","M","R","E","M","M","R","B",null,"M","?","?","?","M","R","M","M","T","R","E","M","?","M","R","B",null,"M","M","?","M","M","R","$","M","T","M","M","?","R","M","R","B"],"character_chosen":"THE_SILENT","items_purchased":["Quick Slash","GhostInAJar","GamblersBrew","Energy Potion"],"campfire_rested":5,"item_purchase_floors":[],"current_hp_per_floor":[70,70,70,70,70,70,70,70,70,65,65,54,54,54,54,30,70,45,45,45,45,42,42,24,5,5,26,9,9,9,3,24,5,70,64,53,21,18,13,34,34,38,38,34,21,39,60,58,70,6],"gold":230,"neow_bonus":"","is_prod":false,"is_daily":false,"chose_seed":false,"campfire_upgraded":4,"win_rate":0.0,"timestamp":1530490449,"path_taken":["M","M","$","?","$","R","?","M","T","M","R","E","M","M","R","BOSS","M","?","?","?","M","R","M","M","T","R","E","M","?","M","R","BOSS","M","M","?","M","?","R","$","M","T","M","M","?","R","M","R","BOSS"],"build_version":"2018-06-28","purchased_purges":3,"victory":true,"max_hp_per_floor":[70,70,70,70,70,70,70,70,70,70,70,70,70,70,70,70,70,70,70,70,70,70,70,70,70,70,70,70,70,70,70,70,70,70,70,70,70,70,70,70,70,70,70,70,70,70,70,70,70,70],"card_choices":[{"not_picked":["Deflect","Bane"],"picked":"Flying Knee","floor":1.0},{"not_picked":["Blur","Infinite Blades"],"picked":"Poisoned Stab","floor":2.0},{"not_picked":["PiercingWail","Dagger Spray"],"picked":"Bane","floor":8.0},{"not_picked":["Backflip","Prepared"],"picked":"Accuracy","floor":10.0},{"not_picked":["Slice","Die Die Die"],"picked":"Cloak And Dagger","floor":12.0},{"not_picked":["Cloak And Dagger","Eviscerate"],"picked":"Infinite Blades","floor":13.0},{"not_picked":["Quick Slash","Eviscerate","Backflip"],"picked":"SKIP","floor":14.0},{"not_picked":["Doppelganger","Burst"],"picked":"Die Die Die","floor":16.0},{"not_picked":["Outmaneuver","All Out Attack+1"],"picked":"Cloak And Dagger","floor":18.0},{"not_picked":["Dodge and Roll+1","Prepared"],"picked":"Poisoned Stab","floor":22.0},{"not_picked":["Poisoned Stab","Predator+1"],"picked":"Blur+1","floor":24.0},{"not_picked":["Eviscerate","Dagger Spray"],"picked":"Infinite Blades","floor":25.0},{"not_picked":["Footwork","Slice","Terror"],"picked":"SKIP","floor":28.0},{"not_picked":["Catalyst+1","Backstab"],"picked":"Choke+1","floor":29.0},{"not_picked":["PiercingWail","Die Die Die","Dash+1"],"picked":"SKIP","floor":31.0},{"not_picked":["Tools of the Trade","Unload"],"picked":"Storm of Steel","floor":33.0},{"not_picked":["Malaise+1","Deadly Poison+1","PiercingWail+1"],"picked":"SKIP","floor":35.0},{"not_picked":["Expertise+1","PiercingWail+1","Eviscerate"],"picked":"SKIP","floor":36.0},{"not_picked":["All Out Attack","Acrobatics+1"],"picked":"Blade Dance+1","floor":37.0},{"not_picked":["Footwork+1","Malaise+1"],"picked":"Cloak And Dagger+1","floor":38.0},{"not_picked":["Flying Knee+1","Well Laid Plans+1","Venomology+1"],"picked":"SKIP","floor":39.0},{"not_picked":["Outmaneuver+1","Caltrops+1","Deadly Poison+1"],"picked":"SKIP","floor":42.0},{"not_picked":["Quick Slash+1","Dodge and Roll+1"],"picked":"Blade Dance+1","floor":44.0},{"not_picked":["Dagger Throw+1","Flechettes"],"picked":"Quick Slash+1","floor":45.0},{"not_picked":["Backflip+1","Heel Hook+1","Corpse Explosion"],"picked":"SKIP","floor":48}],"player_experience":74925,"relics_obtained":[{"floor":9.0,"key":"Mercury Hourglass"},{"floor":12.0,"key":"Kunai"},{"floor":26.0,"key":"Shuriken"},{"floor":28.0,"key":"Bag of Marbles"},{"floor":34.0,"key":"Lantern"},{"floor":34.0,"key":"Toxic Egg 2"},{"floor":34.0,"key":"Sundial"},{"floor":37.0,"key":"Bird Faced Urn"},{"floor":43.0,"key":"Ancient Tea Set"}],"event_choices":[{"event_name":"Transmorgrifier","player_choice":"Transform","floor":4.0,"damage_taken":0.0},{"event_name":"Match and Keep!","player_choice":"1 cards matched","floor":7.0,"damage_taken":0.0},{"event_name":"Addict","player_choice":"Obtained Relic","floor":19.0,"damage_taken":0.0},{"event_name":"Vampires","player_choice":"Ignored","floor":20.0,"damage_taken":0.0},{"event_name":"Drug Dealer","player_choice":"Got JAXXED","floor":21.0,"damage_taken":0.0},{"event_name":"Nest","player_choice":"Stole From Cult","floor":30.0,"damage_taken":0.0},{"event_name":"Mysterious Sphere","player_choice":"Fight","floor":37.0,"damage_taken":0.0},{"event_name":"Winding Halls","player_choice":"Writhe","floor":46.0,"damage_taken":0.0}],"boss_relics":[{"not_picked":["Fusion Hammer","Empty Cage"],"picked":"Lizard Tail"},{"not_picked":["White Beast Statue","Cursed Key"],"picked":"Calling Bell"}],"items_purged_floors":[],"is_endless":false,"potions_floor_spawned":[2,10,14,16,18,25,31,33,36,37,48],"ascension_level":0}