{"gold_per_floor":[118,68,68,78,96,96,123,123,205,221,580,636,658,688,688,765,765,783,796,796,809,809,809,841,841,868,868,922,940,940,98,98,175,175,191,5,18,0,11,38,38,38,38,38,49,49,149,165,165,165],"floor_reached":51,"playtime":5146,"items_purged":["Strike_R","Strike_R"],"score":1597,"play_id":"a600ddee-4d80-473c-b489-65ec67d004a8","local_time":"20190313035608","is_ascension_mode":true,"campfire_choices":[{"data":"Bash","floor":6.0,"key":"SMITH"},{"data":"Flame Barrier","floor":15.0,"key":"SMITH"},{"data":"True Grit","floor":23.0,"key":"SMITH"},{"data":"Seeing Red","floor":25.0,"key":"SMITH"},{"data":"Demon Form","floor":27.0,"key":"SMITH"},{"data":"Thunderclap","floor":30.0,"key":"SMITH"},{"data":"Finesse","floor":32.0,"key":"SMITH"},{"data":"Mayhem","floor":44,"key":"SMITH"},{"data":"Inflame","floor":46,"key":"SMITH"},{"data":"Fire Breathing","floor":49,"key":"SMITH"}],"neow_cost":"CURSE","seed_source_timestamp":0,"circlet_count":0,"master_deck":["AscendersBane","Strike_R","Strike_R","Strike_R","Defend_R","Defend_R+1","Defend_R+1","Defend_R","Bash+1","Seeing Red+1","Flame Barrier+1","Thunderclap+1","Armaments+1","Demon Form+1","True Grit+1","Ghostly Armor","Finesse+1","Dark Embrace","Fire Breathing+1","Dark Shackles","Battle Trance","Pummel+1","Inflame+1","Mayhem+1"],"special_seed":0,"relics":["Burning Blood","Champion Belt","PreservedInsect","Gremlin Horn","Old Coin","Odd Mushroom","War Paint","Busted Crown","MutagenicStrength","Red Skull","Strawberry","Bronze Scales","Lee\u0027s Waffle","Mercury Hourglass","Bag of Preparation","Lizard Tail","Red Mask","Anchor","Vajra","Ornamental Fan","Gambling Chip"],"potions_floor_usage":[40,50,50],"damage_taken":[{"damage":22.0,"enemies":"Jaw Worm","floor":1.0,"turns":6.0},{"damage":8.0,"enemies":"2 Louse","floor":4.0,"turns":4.0},{"damage":0.0,"enemies":"Cultist","floor":5.0,"turns":3.0},{"damage":21.0,"enemies":"Lagavulin","floor":7.0,"turns":6.0},{"damage":1.0,"enemies":"Blue Slaver","floor":10.0,"turns":4.0},{"damage":19.0,"enemies":"Lagavulin Event","floor":11.0,"turns":5.0},{"damage":8.0,"enemies":"The Mushroom Lair","floor":13.0,"turns":4.0},{"damage":17.0,"enemies":"Gremlin Nob","floor":14.0,"turns":4.0},{"damage":35.0,"enemies":"Slime Boss","floor":16.0,"turns":14.0},{"damage":8.0,"enemies":"Chosen","floor":18.0,"turns":6.0},{"damage":3.0,"enemies":"Spheric Guardian","floor":19.0,"turns":5.0},{"damage":14.0,"enemies":"Cultist and Chosen","floor":21.0,"turns":10.0},{"damage":19.0,"enemies":"Gremlin Leader","floor":24.0,"turns":7.0},{"damage":9.0,"enemies":"Snecko","floor":29.0,"turns":8.0},{"damage":56.0,"enemies":"Collector","floor":33.0,"turns":8.0},{"damage":0.0,"enemies":"3 Shapes","floor":35.0,"turns":5.0},{"damage":5.0,"enemies":"3 Darklings","floor":37.0,"turns":5.0},{"damage":2,"enemies":"Writhing Mass","floor":39,"turns":8},{"damage":8,"enemies":"Reptomancer","floor":40,"turns":6},{"damage":12,"enemies":"Jaw Worm Horde","floor":45,"turns":4},{"damage":0,"enemies":"Mind Bloom Boss Battle","floor":47,"turns":6},{"damage":0,"enemies":"Sphere and 2 Shapes","floor":48,"turns":3},{"damage":27,"enemies":"Awakened One","floor":50,"turns":9}],"seed_played":"6836787070013412668","potions_obtained":[{"floor":4.0,"key":"Energy Potion"},{"floor":7.0,"key":"Fire Potion"},{"floor":11.0,"key":"Dexterity Potion"},{"floor":13.0,"key":"Regen Potion"},{"floor":16.0,"key":"SpeedPotion"},{"floor":19.0,"key":"Regen Potion"},{"floor":20.0,"key":"PowerPotion"},{"floor":29.0,"key":"Energy Potion"},{"floor":48,"key":"Energy Potion"}],"is_trial":false,"path_per_floor":["M","?","?","M","M","R","E","?","T","M","?","?","?","E","R","B",null,"M","M","?","M","?","R","E","R","T","R","T","M","R","$","R","B",null,"M","$","M","?","M","E","?","T","T","R","M","R","?","M","R","B",null],"character_chosen":"IRONCLAD","items_purchased":["Lee\u0027s Waffle","Mercury Hourglass","Bag of Preparation","Ghostly Armor","Finesse","Dark Shackles"],"campfire_rested":0,"item_purchase_floors":[31,31,31,31,31,36],"current_hp_per_floor":[52,52,57,55,61,61,46,46,46,51,38,38,36,37,37,8,62,60,63,63,70,70,70,57,57,64,64,64,61,61,94,94,44,82,88,88,89,89,93,91,81,81,81,81,75,75,81,87,87,66],"gold":165,"neow_bonus":"ONE_RARE_RELIC","is_prod":false,"is_daily":false,"chose_seed":false,"campfire_upgraded":10,"win_rate":0,"timestamp":1552463768,"path_taken":["M","?","?","M","M","R","E","?","T","?","?","?","?","E","R","BOSS","M","M","?","?","?","R","E","R","T","R","?","?","R","$","R","BOSS","M","$","M","?","M","E","?","?","T","R","M","R","?","M","R","BOSS"],"build_version":"2019-01-23","purchased_purges":2,"victory":true,"max_hp_per_floor":[75,75,80,80,80,80,80,80,80,80,80,80,80,80,80,80,80,80,80,80,80,80,80,80,80,87,87,87,87,87,94,94,94,94,94,94,94,94,94,94,94,94,94,94,94,94,94,94,94,94],"card_choices":[{"not_picked":["Pummel","Clash"],"picked":"Seeing Red","floor":1.0},{"not_picked":["Perfected Strike","Havoc"],"picked":"Flame Barrier","floor":4.0},{"not_picked":["Carnage","Limit Break"],"picked":"Thunderclap","floor":5.0},{"not_picked":["Warcry","Anger"],"picked":"Armaments","floor":7.0},{"not_picked":["Evolve","Headbutt","Twin Strike"],"picked":"SKIP","floor":10.0},{"not_picked":["Wild Strike","Clash","Brutality"],"picked":"SKIP","floor":14.0},{"not_picked":["Wild Strike","Clash","Brutality"],"picked":"SKIP","floor":14.0},{"not_picked":["Barricade","Juggernaut"],"picked":"Demon Form","floor":16.0},{"not_picked":["Twin Strike"],"picked":"SKIP","floor":18.0},{"not_picked":[],"picked":"True Grit","floor":19.0},{"not_picked":["Blood for Blood+1"],"picked":"SKIP","floor":21.0},{"not_picked":["Corruption"],"picked":"SKIP","floor":24.0},{"not_picked":["Perfected Strike"],"picked":"SKIP","floor":29.0},{"not_picked":[],"picked":"Dark Embrace","floor":33.0},{"not_picked":[],"picked":"Fire Breathing","floor":35.0},{"not_picked":[],"picked":"Battle Trance","floor":37.0},{"not_picked":[],"picked":"Pummel+1","floor":39},{"not_picked":[],"picked":"Inflame","floor":40},{"not_picked":[],"picked":"Mayhem","floor":41},{"not_picked":["Wild Strike"],"picked":"SKIP","floor":45},{"not_picked":["Iron Wave"],"picked":"SKIP","floor":48}],"player_experience":356338,"relics_obtained":[{"floor":7.0,"key":"PreservedInsect"},{"floor":9.0,"key":"Gremlin Horn"},{"floor":13.0,"key":"Odd Mushroom"},{"floor":14.0,"key":"War Paint"},{"floor":24.0,"key":"Red Skull"},{"floor":26.0,"key":"Strawberry"},{"floor":28.0,"key":"Bronze Scales"},{"floor":40,"key":"Anchor"},{"floor":42,"key":"Vajra"},{"floor":43,"key":"Ornamental Fan"},{"floor":47,"key":"Gambling Chip"}],"event_choices":[{"cards_removed":["Pain"],"damage_healed":0.0,"max_hp_gain":0.0,"max_hp_loss":0.0,"gold_gain":0.0,"event_name":"The Cleric","player_choice":"Card Removal","floor":2.0,"gold_loss":50.0,"damage_taken":0.0},{"damage_healed":0.0,"max_hp_gain":5.0,"max_hp_loss":0.0,"gold_gain":0.0,"event_name":"Big Fish","player_choice":"Donut","floor":3.0,"gold_loss":0.0,"damage_taken":0.0},{"damage_healed":0.0,"max_hp_gain":0.0,"max_hp_loss":0.0,"gold_gain":0.0,"event_name":"Upgrade Shrine","player_choice":"Upgraded","floor":8.0,"gold_loss":0.0,"damage_taken":0.0,"cards_upgraded":["Armaments"]},{"damage_healed":0.0,"max_hp_gain":0.0,"max_hp_loss":0.0,"gold_gain":0.0,"event_name":"Dead Adventurer","player_choice":"Searched \u00272\u0027 times","floor":11.0,"gold_loss":0.0,"damage_taken":0.0,"relics_obtained":["Old Coin"]},{"damage_healed":0.0,"max_hp_gain":0.0,"max_hp_loss":0.0,"gold_gain":56.0,"event_name":"Golden Wing","player_choice":"Gained Gold","floor":12.0,"gold_loss":0.0,"damage_taken":0.0},{"damage_healed":0.0,"max_hp_gain":0.0,"max_hp_loss":0.0,"gold_gain":0.0,"event_name":"Mushrooms","player_choice":"Fought Mushrooms","floor":13.0,"gold_loss":0.0,"damage_taken":0.0},{"damage_healed":0.0,"max_hp_gain":0.0,"max_hp_loss":0.0,"gold_gain":0.0,"event_name":"Lab","player_choice":"Got Potions","floor":20.0,"gold_loss":0.0,"damage_taken":0.0},{"damage_healed":0.0,"max_hp_gain":0.0,"max_hp_loss":0.0,"gold_gain":0.0,"event_name":"Drug Dealer","player_choice":"Inject Mutagens","floor":22.0,"gold_loss":0.0,"damage_taken":0.0,"relics_obtained":["MutagenicStrength"]},{"damage_healed":0.0,"max_hp_gain":0.0,"max_hp_loss":0.0,"gold_gain":0.0,"event_name":"Tomb of Lord Red Mask","player_choice":"Paid","floor":38.0,"gold_loss":18.0,"damage_taken":0.0,"relics_obtained":["Red Mask"]},{"damage_healed":0,"gold_gain":0,"player_choice":"Memory 3","damage_taken":10,"max_hp_gain":0,"max_hp_loss":0,"event_name":"SensoryStone","floor":41,"gold_loss":0},{"damage_healed":0,"gold_gain":0,"player_choice":"Fight","damage_taken":0,"max_hp_gain":0,"max_hp_loss":0,"event_name":"MindBloom","floor":47,"gold_loss":0}],"is_beta":false,"boss_relics":[{"not_picked":["Runic Pyramid","Runic Dome"],"picked":"Busted Crown"},{"not_picked":["White Beast Statue","Eternal Feather"],"picked":"Lizard Tail"}],"items_purged_floors":[31,36],"is_endless":false,"potions_floor_spawned":[4,7,11,13,16,19,29,33,35,39,48],"ascension_level":14}