{"gold_per_floor":[364,384,401,401,1,1,33,33,60,60,76,93,105,138,138,138],"floor_reached":16,"playtime":445,"items_purged":["Strike_B"],"score":267,"play_id":"88707054-c5f1-4aea-a10c-d500cf70b174","local_time":"20181016093745","is_ascension_mode":true,"campfire_choices":[{"data":"Defragment","floor":6.0,"key":"SMITH"},{"data":"Zap","floor":8.0,"key":"SMITH"},{"data":"Melter","floor":15.0,"key":"SMITH"}],"neow_cost":"PERCENT_DAMAGE","seed_source_timestamp":0,"circlet_count":0,"master_deck":["Strike_B","Strike_B","Strike_B","Defend_B","Defend_B","Defend_B","Defend_B","Zap+1","Dualcast","AscendersBane","Defragment+1","Sweeping Beam","Defragment+1","Buffer","Rebound","Melter+1"],"special_seed":0,"relics":["Cracked Core","Lee\u0027s Waffle","Regal Pillow","Dream Catcher","CultistMask","Smiling Mask"],"potions_floor_usage":[16],"damage_taken":[{"damage":1.0,"enemies":"Cultist","floor":1.0,"turns":3.0},{"damage":3.0,"enemies":"2 Louse","floor":2.0,"turns":3.0},{"damage":0.0,"enemies":"Small Slimes","floor":3.0,"turns":2.0},{"damage":10.0,"enemies":"Gremlin Nob","floor":7.0,"turns":3.0},{"damage":8.0,"enemies":"Blue Slaver","floor":11.0,"turns":3.0},{"damage":6.0,"enemies":"Looter","floor":12.0,"turns":3.0},{"damage":17.0,"enemies":"Exordium Thugs","floor":13.0,"turns":2.0},{"damage":0.0,"enemies":"Lagavulin","floor":14.0,"turns":5.0},{"damage":42,"enemies":"The Guardian","floor":16,"turns":10}],"seed_played":"6760716650857653038","potions_obtained":[{"floor":1.0,"key":"Fruit Juice"},{"floor":3.0,"key":"EssenceOfSteel"},{"floor":12.0,"key":"FearPotion"},{"floor":13.0,"key":"FocusPotion"}],"is_trial":false,"path_per_floor":["M","M","M","?","$","R","E","R","T","?","M","M","M","E","R"],"character_chosen":"DEFECT","items_purchased":["Lee\u0027s Waffle","Defragment"],"campfire_rested":0,"item_purchase_floors":[5,5],"current_hp_per_floor":[50,47,47,47,83,83,73,73,73,73,65,59,42,42,42,0],"gold":138,"neow_bonus":"TWO_FIFTY_GOLD","is_prod":false,"is_daily":false,"chose_seed":false,"campfire_upgraded":3,"win_rate":0,"timestamp":1539675465,"path_taken":["M","?","M","?","$","R","E","R","T","?","?","M","M","E","R","BOSS"],"build_version":"2018-10-11","purchased_purges":1,"victory":false,"max_hp_per_floor":[76,76,76,76,83,83,83,83,83,83,83,83,83,83,83,83],"card_choices":[{"not_picked":["Consume","Leap"],"picked":"Defragment","floor":1.0},{"not_picked":["Consume","Coolheaded","Reprogram"],"picked":"SKIP","floor":2.0},{"not_picked":["Coolheaded","Leap"],"picked":"Sweeping Beam","floor":3.0},{"not_picked":["Rebound","Stack"],"picked":"Buffer","floor":7.0},{"not_picked":["Steam","Streamline"],"picked":"Rebound","floor":11.0},{"not_picked":["Compile Driver","Rebound","Double Energy"],"picked":"SKIP","floor":12.0},{"not_picked":["Sweeping Beam","Hyperbeam","Streamline"],"picked":"SKIP","floor":13.0},{"not_picked":["Steam Power","Undo"],"picked":"Melter","floor":14.0}],"player_experience":834830,"relics_obtained":[{"floor":7.0,"key":"Regal Pillow"},{"floor":9.0,"key":"Dream Catcher"},{"floor":14.0,"key":"Smiling Mask"}],"event_choices":[{"event_name":"Living Wall","player_choice":"Grow","floor":4.0,"damage_taken":0.0},{"event_name":"FaceTrader","player_choice":"Trade","floor":10.0,"damage_taken":0.0}],"is_beta":false,"boss_relics":[],"items_purged_floors":[5],"is_endless":false,"potions_floor_spawned":[1,3,12,13],"killed_by":"The Guardian","ascension_level":19}