{"gold_per_floor":[110,125,125,139,153,178,178,191,191,218,232,232,232,248,248,367,367,392,416,416,435,435],"floor_reached":22,"playtime":1477,"items_purged":[],"score":200,"play_id":"f705ebe4-8521-4da3-9a41-21cc67306262","local_time":"20190113203409","is_ascension_mode":false,"campfire_choices":[{"floor":7,"key":"REST"},{"floor":13,"key":"REST"},{"floor":15,"key":"REST"}],"neow_cost":"NONE","seed_source_timestamp":262855946817387,"circlet_count":0,"master_deck":["Strike_R","Strike_R","Strike_R","Strike_R","Strike_R","Defend_R","Defend_R","Defend_R","Defend_R","Bash","Impervious","Perfected Strike","Whirlwind","Perfected Strike","Warcry","Armaments","Iron Wave","Sword Boomerang+1","Shrug It Off","Injury","Iron Wave","Barricade","Wild Strike","Bludgeon","Inflame+1"],"relics":["Burning Blood","Ornamental Fan","StoneCalendar","Pocketwatch","Golden Idol","Runic Cube"],"potions_floor_usage":[16,16],"damage_taken":[{"damage":3,"enemies":"Small Slimes","floor":1,"turns":3},{"damage":7,"enemies":"2 Louse","floor":2,"turns":2},{"damage":13,"enemies":"Jaw Worm","floor":4,"turns":3},{"damage":27,"enemies":"Gremlin Gang","floor":5,"turns":4},{"damage":25,"enemies":"Gremlin Nob","floor":6,"turns":4},{"damage":14,"enemies":"Blue Slaver","floor":8,"turns":3},{"damage":39,"enemies":"Lagavulin","floor":10,"turns":7},{"damage":3,"enemies":"Red Slaver","floor":11,"turns":4},{"damage":9,"enemies":"2 Fungi Beasts","floor":14,"turns":3},{"damage":16,"enemies":"Slime Boss","floor":16,"turns":7},{"damage":7,"enemies":"3 Byrds","floor":18,"turns":4},{"damage":31,"enemies":"Shell Parasite","floor":19,"turns":6},{"damage":27,"enemies":"Sentry and Sphere","floor":21,"turns":4},{"damage":33,"enemies":"Shelled Parasite and Fungi","floor":22,"turns":3}],"seed_played":"-1770448874260154624","potions_obtained":[{"floor":1,"key":"SpeedPotion"},{"floor":11,"key":"Fire Potion"},{"floor":14,"key":"Explosive Potion"},{"floor":16,"key":"Explosive Potion"},{"floor":19,"key":"Weak Potion"}],"is_trial":false,"path_per_floor":["M","M","?","M","M","E","R","M","T","E","M","?","R","M","R","B",null,"M","M","?","M","M"],"character_chosen":"IRONCLAD","items_purchased":[],"campfire_rested":3,"item_purchase_floors":[],"current_hp_per_floor":[80,79,79,72,51,32,56,48,48,15,18,18,42,39,63,53,80,79,54,54,33,0],"gold":435,"neow_bonus":"ONE_RANDOM_RARE_CARD","is_prod":false,"is_daily":false,"chose_seed":false,"campfire_upgraded":0,"win_rate":0.0,"timestamp":1547372049,"path_taken":["M","M","?","M","M","E","R","M","T","E","M","?","R","M","R","BOSS","M","M","?","M","?"],"build_version":"2019-01-10","purchased_purges":0,"victory":false,"max_hp_per_floor":[80,80,80,80,80,80,80,80,80,80,80,80,80,80,80,80,80,80,80,80,80,80],"card_choices":[{"not_picked":["Reckless Charge","Clothesline"],"picked":"Perfected Strike","floor":1},{"not_picked":["Entrench","Feel No Pain"],"picked":"Whirlwind","floor":2},{"not_picked":["Pommel Strike","Shrug It Off"],"picked":"Perfected Strike","floor":4},{"not_picked":["Burning Pact","Havoc"],"picked":"Warcry","floor":5},{"not_picked":["Corruption","Dark Embrace"],"picked":"Armaments","floor":6},{"not_picked":["Evolve","True Grit"],"picked":"Iron Wave","floor":8},{"not_picked":["Havoc","Perfected Strike"],"picked":"Sword Boomerang","floor":10},{"not_picked":["Fire Breathing","Sentinel"],"picked":"Shrug It Off","floor":11},{"not_picked":["True Grit","Sword Boomerang"],"picked":"Iron Wave","floor":14},{"not_picked":["Limit Break","Dark Embrace"],"picked":"Barricade","floor":16},{"not_picked":["Havoc","Second Wind"],"picked":"Wild Strike","floor":18},{"not_picked":["Heavy Blade","Havoc+1"],"picked":"Bludgeon","floor":19},{"not_picked":["Iron Wave","Sword Boomerang"],"picked":"Inflame+1","floor":21}],"player_experience":50660,"relics_obtained":[{"floor":6,"key":"Ornamental Fan"},{"floor":9,"key":"StoneCalendar"},{"floor":10,"key":"Pocketwatch"}],"event_choices":[{"damage_healed":0,"gold_gain":0,"player_choice":"Leave","damage_taken":0,"max_hp_gain":0,"max_hp_loss":0,"event_name":"The Cleric","floor":3,"gold_loss":0},{"damage_healed":0,"gold_gain":0,"player_choice":"Take Wound","damage_taken":0,"relics_obtained":["Golden Idol"],"max_hp_gain":0,"max_hp_loss":0,"event_name":"Golden Idol","floor":12,"gold_loss":0,"cards_obtained":["Injury"]},{"damage_healed":0,"gold_gain":0,"player_choice":"Forge","damage_taken":0,"max_hp_gain":0,"max_hp_loss":0,"event_name":"Accursed Blacksmith","floor":20,"gold_loss":0,"cards_upgraded":["Sword Boomerang"]}],"is_beta":false,"boss_relics":[{"not_picked":["Cursed Key","Runic Dome"],"picked":"Runic Cube"}],"items_purged_floors":[],"is_endless":false,"potions_floor_spawned":[1,11,14,16,19],"killed_by":"Shelled Parasite and Fungi","ascension_level":0}