{"gold_per_floor":[118,137,155,230,405,422,422,437,437,28,43,63,73,73,73,73],"floor_reached":16,"playtime":1027,"items_purged":["Doubt"],"score":96,"play_id":"455bcef6-8ade-46cc-9022-85bcf16d8a17","local_time":"20181212222830","is_ascension_mode":false,"campfire_choices":[{"data":"Neutralize","floor":7,"key":"SMITH"},{"data":"Survivor","floor":15,"key":"SMITH"}],"neow_cost":"NONE","seed_source_timestamp":542242190387098,"circlet_count":0,"master_deck":["Defend_G","Defend_G","Defend_G","Defend_G","Defend_G","Strike_G","Strike_G","Strike_G","Strike_G","Strike_G","Survivor+1","Neutralize+1","Cloak And Dagger","PiercingWail","Cloak And Dagger","Grand Finale","Chrysalis"],"relics":["Ring of the Snake","Potion Belt","Bottled Lightning","Vajra","Bag of Marbles"],"potions_floor_usage":[16,16,16,16],"damage_taken":[{"damage":7,"enemies":"Cultist","floor":1,"turns":5},{"damage":0,"enemies":"2 Louse","floor":2,"turns":3},{"damage":0,"enemies":"Small Slimes","floor":3,"turns":4},{"damage":9,"enemies":"Exordium Wildlife","floor":6,"turns":11},{"damage":0,"enemies":"Gremlin Gang","floor":8,"turns":10},{"damage":0,"enemies":"Exordium Thugs","floor":11,"turns":4},{"damage":3,"enemies":"Looter","floor":12,"turns":3},{"damage":0,"enemies":"Exordium Wildlife","floor":13,"turns":3},{"damage":44,"enemies":"Slime Boss","floor":16,"turns":10}],"seed_played":"-757292785948194355","potions_obtained":[{"floor":3,"key":"Energy Potion"},{"floor":8,"key":"PowerPotion"},{"floor":12,"key":"Strength Potion"},{"floor":13,"key":"Ancient Potion"}],"is_trial":false,"path_per_floor":["M","M","M","?","?","M","R","M","T","$","M","M","M","T","R","B"],"character_chosen":"THE_SILENT","items_purchased":["Vajra","Chrysalis"],"campfire_rested":0,"item_purchase_floors":[10,10],"current_hp_per_floor":[63,63,63,52,52,43,43,43,43,43,43,40,40,40,40,0],"gold":73,"neow_bonus":"RANDOM_COMMON_RELIC","is_prod":false,"is_daily":false,"chose_seed":false,"campfire_upgraded":2,"win_rate":0,"timestamp":1544671710,"path_taken":["M","M","?","?","?","M","R","M","T","?","M","M","?","?","R","BOSS"],"build_version":"2018-12-06","purchased_purges":1,"victory":false,"max_hp_per_floor":[70,70,70,70,70,70,70,70,70,70,70,70,70,70,70,70],"card_choices":[{"not_picked":["Outmaneuver","Deflect"],"picked":"Cloak And Dagger","floor":1},{"not_picked":["Outmaneuver","Blade Dance"],"picked":"PiercingWail","floor":2},{"not_picked":["Underhanded Strike","Blade Dance"],"picked":"Cloak And Dagger","floor":3},{"not_picked":["Outmaneuver","Bane","Deadly Poison"],"picked":"SKIP","floor":6},{"not_picked":["Dagger Spray","PiercingWail"],"picked":"Grand Finale","floor":8},{"not_picked":["Flying Knee","Slice","Deadly Poison"],"picked":"SKIP","floor":11},{"not_picked":["Blade Dance","Dodge and Roll","Concentrate"],"picked":"SKIP","floor":12},{"not_picked":["Concentrate","Doppelganger","Bane"],"picked":"SKIP","floor":13}],"player_experience":267348,"relics_obtained":[{"floor":9,"key":"Bottled Lightning"},{"floor":14,"key":"Bag of Marbles"}],"event_choices":[{"damage_healed":0,"gold_gain":75,"player_choice":"Gather Gold","damage_taken":11,"max_hp_gain":0,"max_hp_loss":0,"event_name":"World of Goop","floor":4,"gold_loss":0},{"damage_healed":0,"gold_gain":175,"player_choice":"AGREE","damage_taken":0,"max_hp_gain":0,"max_hp_loss":0,"event_name":"Liars Game","floor":5,"gold_loss":0,"cards_obtained":["Doubt"]}],"is_beta":false,"boss_relics":[],"items_purged_floors":[10],"is_endless":false,"potions_floor_spawned":[3,8,12,13],"killed_by":"Slime Boss","ascension_level":0}