{"gold_per_floor":[19,19,19,31,47,82,82,107,107,107,139,139,165,178,178,273,273,291,291,291,307,321,321,354,367,367,466,466,466,466,479,479,479],"floor_reached":33,"playtime":1216,"items_purged":[],"score":450,"play_id":"adb74c42-b439-4588-89bd-28ec5427295d","local_time":"20190210010556","is_ascension_mode":true,"campfire_choices":[{"data":"Cloak And Dagger","floor":7,"key":"SMITH"},{"floor":10,"key":"REST"},{"data":"Bouncing Flask","floor":15,"key":"SMITH"},{"data":"Glass Knife","floor":23,"key":"SMITH"},{"data":"Neutralize","floor":30,"key":"SMITH"},{"data":"Deadly Poison","floor":32,"key":"SMITH"}],"neow_cost":"NO_GOLD","seed_source_timestamp":597046527934165,"circlet_count":0,"master_deck":["AscendersBane","Defend_G+1","Defend_G+1","Defend_G+1","Defend_G+1","Defend_G+1","Strike_G+1","Strike_G+1","Strike_G+1","Strike_G+1","Survivor","Neutralize+1","Quick Slash","Cloak And Dagger+1","Deadly Poison","Footwork","Deadly Poison+1","Caltrops","Bouncing Flask+1","Glass Knife+1","Well Laid Plans","Prepared+1","Ghostly","Ghostly","Ghostly","Ghostly","Ghostly"],"relics":["Ring of the Snake","Pocketwatch","Snake Skull","Ninja Scroll","Blue Candle","Potion Belt","Odd Mushroom","Sozu","Sundial","Blood Vial","Ice Cream"],"potions_floor_usage":[6,16,24],"damage_taken":[{"damage":5,"enemies":"2 Louse","floor":1,"turns":3},{"damage":0,"enemies":"Cultist","floor":4,"turns":4},{"damage":0,"enemies":"Small Slimes","floor":5,"turns":4},{"damage":15,"enemies":"3 Sentries","floor":6,"turns":11},{"damage":19,"enemies":"Lagavulin","floor":8,"turns":7},{"damage":24,"enemies":"Gremlin Nob","floor":11,"turns":4},{"damage":13,"enemies":"The Mushroom Lair","floor":13,"turns":6},{"damage":5,"enemies":"2 Fungi Beasts","floor":14,"turns":4},{"damage":1,"enemies":"Hexaghost","floor":16,"turns":7},{"damage":6,"enemies":"3 Byrds","floor":18,"turns":6},{"damage":0,"enemies":"Chosen","floor":21,"turns":4},{"damage":11,"enemies":"Snake Plant","floor":22,"turns":3},{"damage":13,"enemies":"Book of Stabbing","floor":24,"turns":4},{"damage":4,"enemies":"3 Cultists","floor":25,"turns":5},{"damage":1,"enemies":"Snecko","floor":31,"turns":4},{"damage":36,"enemies":"Collector","floor":33,"turns":3}],"seed_played":"-4510118349489711379","potions_obtained":[{"floor":1,"key":"Weak Potion"},{"floor":11,"key":"LiquidBronze"},{"floor":13,"key":"Block Potion"},{"floor":14,"key":"AttackPotion"}],"is_trial":false,"path_per_floor":["M","?","$","M","M","E","R","E","T","R","E","?","?","M","R","B",null,"M","?","?","M","M","R","E","M","T","?","?","?","R","M","R","B"],"character_chosen":"THE_SILENT","items_purchased":[],"campfire_rested":1,"item_purchase_floors":[],"current_hp_per_floor":[58,58,58,58,58,43,43,24,24,45,21,44,31,26,26,25,59,53,53,53,53,42,42,29,27,27,27,27,27,27,28,28,0],"gold":479,"neow_bonus":"ONE_RARE_RELIC","is_prod":false,"is_daily":false,"chose_seed":false,"campfire_upgraded":5,"win_rate":0,"timestamp":1549757156,"path_taken":["M","?","$","?","M","E","R","E","T","R","E","?","?","M","R","BOSS","M","?","?","M","M","R","E","?","T","?","?","?","R","?","R","BOSS"],"build_version":"2019-01-23","purchased_purges":0,"victory":false,"max_hp_per_floor":[70,70,70,70,70,70,70,70,70,70,70,70,70,70,70,70,70,70,70,70,70,70,70,70,70,70,70,35,35,35,35,35,35],"card_choices":[{"not_picked":["Catalyst","Tactician"],"picked":"Quick Slash","floor":1},{"not_picked":["Bane","Tactician"],"picked":"Cloak And Dagger","floor":4},{"not_picked":["Dodge and Roll","Distraction"],"picked":"Deadly Poison","floor":5},{"not_picked":["Caltrops","Dagger Spray"],"picked":"Footwork","floor":6},{"not_picked":["Flying Knee","Infinite Blades"],"picked":"Deadly Poison","floor":8},{"not_picked":["Quick Slash","Reflex"],"picked":"Distraction","floor":11},{"not_picked":["Slice","Concentrate"],"picked":"Caltrops","floor":13},{"not_picked":["Skewer","Tools of the Trade"],"picked":"Bouncing Flask","floor":14},{"not_picked":["Bullet Time","Die Die Die"],"picked":"Glass Knife","floor":16},{"not_picked":["Expertise+1","Reflex+1","Flechettes"],"picked":"SKIP","floor":18},{"not_picked":["Acrobatics","Flying Knee"],"picked":"Well Laid Plans","floor":21},{"not_picked":["Dodge and Roll","Flying Knee"],"picked":"Prepared+1","floor":22},{"not_picked":["Slice","PiercingWail","Deadly Poison"],"picked":"SKIP","floor":24},{"not_picked":["Bane","Prepared","Predator"],"picked":"SKIP","floor":25},{"not_picked":["Flying Knee","Outmaneuver","Blade Dance"],"picked":"SKIP","floor":31}],"player_experience":1018092,"relics_obtained":[{"floor":6,"key":"Snake Skull"},{"floor":8,"key":"Ninja Scroll"},{"floor":9,"key":"Blue Candle"},{"floor":11,"key":"Potion Belt"},{"floor":13,"key":"Odd Mushroom"},{"floor":24,"key":"Blood Vial"},{"floor":26,"key":"Ice Cream"}],"event_choices":[{"cards_removed":["Strike_G"],"damage_healed":0,"gold_gain":0,"player_choice":"Card Removal","damage_taken":0,"max_hp_gain":0,"max_hp_loss":0,"event_name":"Wheel of Change","floor":2,"gold_loss":0},{"damage_healed":23,"gold_gain":0,"player_choice":"Banana","damage_taken":0,"max_hp_gain":0,"max_hp_loss":0,"event_name":"Big Fish","floor":12,"gold_loss":0},{"damage_healed":0,"gold_gain":0,"player_choice":"Fought Mushrooms","damage_taken":0,"max_hp_gain":0,"max_hp_loss":0,"event_name":"Mushrooms","floor":13,"gold_loss":0},{"damage_healed":0,"gold_gain":0,"player_choice":"Opened","damage_taken":0,"relics_obtained":["Sundial"],"max_hp_gain":0,"max_hp_loss":0,"event_name":"The Mausoleum","floor":19,"gold_loss":0},{"damage_healed":0,"gold_gain":0,"player_choice":"Simplicity","damage_taken":0,"max_hp_gain":0,"max_hp_loss":0,"event_name":"Back to Basics","floor":20,"gold_loss":0,"cards_upgraded":["Defend_G","Defend_G","Defend_G","Defend_G","Defend_G","Strike_G","Strike_G","Strike_G","Strike_G"]},{"damage_healed":0,"gold_gain":99,"player_choice":"Stole From Cult","damage_taken":0,"max_hp_gain":0,"max_hp_loss":0,"event_name":"Nest","floor":27,"gold_loss":0},{"damage_healed":0,"gold_gain":0,"player_choice":"Became a Ghost","damage_taken":0,"max_hp_gain":0,"max_hp_loss":35,"event_name":"Ghosts","floor":28,"gold_loss":0,"cards_obtained":["Ghostly","Ghostly","Ghostly","Ghostly","Ghostly"]},{"cards_removed":["Distraction"],"damage_healed":0,"gold_gain":0,"player_choice":"Purged","damage_taken":0,"max_hp_gain":0,"max_hp_loss":0,"event_name":"Purifier","floor":29,"gold_loss":0}],"is_beta":false,"boss_relics":[{"not_picked":["Fusion Hammer","HoveringKite"],"picked":"Sozu"}],"items_purged_floors":[],"is_endless":false,"potions_floor_spawned":[1,11,13,14,24,25,31],"killed_by":"Collector","ascension_level":10}