{"gold_per_floor":[118,118,137,114,130,159,159,223,271,271,271,284,66,79,79,178,228,243,343,94,106,177,207,222,222,222,235,262,295,309,391,391,493,493,510,63,63,116,129,129,163,163,188,201,211,68,82,96,96,96,96,96,44,76,76],"floor_reached":55,"playtime":9859,"items_purged":["Dualcast","Strike_B"],"score":869,"play_id":"9822f001-65f7-4805-9ff9-fc791da0de28","local_time":"20190122225019","is_ascension_mode":true,"campfire_choices":[{"floor":7.0,"key":"RECALL"},{"floor":10.0,"key":"REST"},{"floor":15.0,"key":"REST"},{"floor":25.0,"key":"REST"},{"floor":32.0,"key":"REST"},{"floor":40.0,"key":"REST"},{"data":"Gash","floor":42.0,"key":"SMITH"},{"floor":49.0,"key":"REST"},{"data":"Coolheaded","floor":52.0,"key":"SMITH"}],"neow_cost":"NONE","seed_source_timestamp":16083788424879,"circlet_count":0,"master_deck":["Strike_B","Strike_B","Defend_B","Defend_B","Defend_B+1","All For One","Turbo","Leap","Gash+1","Reprogram","Beam Cell","Gash","Coolheaded+1","BootSequence","Beam Cell","Cold Snap","Sweeping Beam","Violence","Go for the Eyes","Go for the Eyes","Scrape+1","Go for the Eyes+1","Madness","Madness","Hologram","Deflect+1","Clash+1"],"special_seed":0,"relics":["Cracked Core","Bag of Preparation","Vajra","Tiny House","Bird Faced Urn","Pear","Sundial","Bottled Flame","Gambling Chip","Smiling Mask","Red Mask","Pantograph","Empty Cage","Anchor","PrismaticShard","Unceasing Top","Meat on the Bone","Orichalcum","Ancient Tea Set","Blue Candle"],"potions_floor_usage":[55,55,55,55],"damage_taken":[{"damage":0.0,"enemies":"Small Slimes","floor":1.0,"turns":3.0},{"damage":2.0,"enemies":"Jaw Worm","floor":3.0,"turns":3.0},{"damage":1.0,"enemies":"Cultist","floor":5.0,"turns":3.0},{"damage":41.0,"enemies":"3 Sentries","floor":6.0,"turns":11.0},{"damage":25.0,"enemies":"Gremlin Nob","floor":8.0,"turns":4.0},{"damage":4.0,"enemies":"Exordium Thugs","floor":12.0,"turns":5.0},{"damage":6.0,"enemies":"Looter","floor":14.0,"turns":3.0},{"damage":19.0,"enemies":"Slime Boss","floor":16.0,"turns":8.0},{"damage":15.0,"enemies":"Shell Parasite","floor":18.0,"turns":5.0},{"damage":6.0,"enemies":"Colosseum Slavers","floor":19.0,"turns":3.0},{"damage":14.0,"enemies":"Colosseum Nobs","floor":19.0,"turns":6.0},{"damage":2.0,"enemies":"3 Byrds","floor":21.0,"turns":4.0},{"damage":28.0,"enemies":"Gremlin Leader","floor":23.0,"turns":5.0},{"damage":22.0,"enemies":"Snake Plant","floor":24.0,"turns":4.0},{"damage":3.0,"enemies":"Centurion and Healer","floor":27.0,"turns":3.0},{"damage":15.0,"enemies":"Book of Stabbing","floor":28.0,"turns":4.0},{"damage":7.0,"enemies":"Masked Bandits","floor":29.0,"turns":4.0},{"damage":0.0,"enemies":"Shelled Parasite and Fungi","floor":30.0,"turns":2.0},{"damage":61.0,"enemies":"Collector","floor":33.0,"turns":6.0},{"damage":0.0,"enemies":"3 Darklings","floor":35.0,"turns":5.0},{"damage":36.0,"enemies":"2 Orb Walkers","floor":38.0,"turns":6.0},{"damage":24.0,"enemies":"3 Shapes","floor":39.0,"turns":3.0},{"damage":11.0,"enemies":"Nemesis","floor":41.0,"turns":5.0},{"damage":0.0,"enemies":"Jaw Worm Horde","floor":44.0,"turns":3.0},{"damage":0.0,"enemies":"3 Darklings","floor":45.0,"turns":2.0},{"damage":25.0,"enemies":"Transient","floor":47.0,"turns":5.0},{"damage":0.0,"enemies":"Spire Growth","floor":48.0,"turns":3.0},{"damage":33.0,"enemies":"Awakened One","floor":50.0,"turns":10.0},{"damage":53.0,"enemies":"Shield and Spear","floor":54.0,"turns":8.0},{"damage":88,"enemies":"The Heart","floor":55,"turns":6}],"seed_played":"7308399815197843026","potions_obtained":[{"floor":1.0,"key":"SkillPotion"},{"floor":8.0,"key":"SpeedPotion"},{"floor":17.0,"key":"Weak Potion"},{"floor":19.0,"key":"EntropicBrew"},{"floor":24.0,"key":"EssenceOfSteel"},{"floor":54.0,"key":"SkillPotion"}],"is_trial":false,"path_per_floor":["M","?","M","$","M","E","R","?","T","R","?","M","$","M","R","B",null,"M","?","$","M","T","E","M","R","T","M","E","?","M","T","R","B",null,"M","$","?","?","M","R","E","R","T","M","M","$","M","M","R","B",null,"R","$","E","B"],"character_chosen":"DEFECT","items_purchased":["Leap","Coolheaded","FairyPotion","Violence","Swift Potion","SteroidPotion","Anchor","PrismaticShard","Ancient Tea Set","Block Potion"],"campfire_rested":6,"item_purchase_floors":[4,13,13,20,20,36,36,36,46,53],"current_hp_per_floor":[75,80,78,78,77,36,36,11,11,35,35,31,31,25,49,30,85,70,60,60,58,58,30,8,36,36,33,18,11,11,11,39,3,95,95,95,83,47,23,51,40,40,40,52,52,52,39,51,79,62,95,95,95,54,0],"gold":76,"neow_bonus":"ONE_RANDOM_RARE_CARD","is_prod":false,"is_daily":false,"chose_seed":false,"campfire_upgraded":2,"win_rate":0,"timestamp":1548215419,"path_taken":["M","?","M","$","M","E","R","?","T","R","?","M","$","M","R","BOSS","M","?","$","M","?","E","M","R","T","M","E","?","?","?","R","BOSS","M","$","?","?","?","R","E","R","T","M","M","$","M","M","R","BOSS","R","$","E","BOSS"],"build_version":"2019-01-17v2","purchased_purges":2,"victory":false,"max_hp_per_floor":[75,80,80,80,80,80,80,80,80,80,80,80,80,80,80,80,85,85,95,95,95,95,95,95,95,95,95,95,95,95,95,95,95,95,95,95,95,95,95,95,95,95,95,95,95,95,95,95,95,95,95,95,95,95,95],"card_choices":[{"not_picked":["Coolheaded","Compile Driver"],"picked":"Turbo","floor":1.0},{"not_picked":["Sweeping Beam","Leap","Compile Driver"],"picked":"SKIP","floor":3.0},{"not_picked":["Core Surge","Ball Lightning"],"picked":"Gash","floor":5.0},{"not_picked":["Redo","Hologram"],"picked":"Reprogram","floor":6.0},{"not_picked":["Double Energy","Hologram"],"picked":"Beam Cell","floor":8.0},{"not_picked":["Stack","Biased Cognition"],"picked":"Gash","floor":12.0},{"not_picked":["Go for the Eyes","Lockon"],"picked":"BootSequence","floor":14.0},{"not_picked":["Steam","Hologram"],"picked":"Beam Cell","floor":17.0},{"not_picked":["Barrage+1","Rip and Tear"],"picked":"Cold Snap","floor":18.0},{"not_picked":["Redo","Storm"],"picked":"Sweeping Beam","floor":19.0},{"not_picked":["Reprogram","Chaos","Steam+1"],"picked":"SKIP","floor":21.0},{"not_picked":["Recycle","Cold Snap","Consume"],"picked":"SKIP","floor":23.0},{"not_picked":["Turbo+1","Stack","Barrage"],"picked":"SKIP","floor":24.0},{"not_picked":["Hello World","Sweeping Beam","Loop+1"],"picked":"SKIP","floor":27.0},{"not_picked":["Chill","Redo+1"],"picked":"Go for the Eyes","floor":28.0},{"not_picked":["Steam Power","BootSequence"],"picked":"Go for the Eyes","floor":29.0},{"not_picked":["Sweeping Beam+1","Capacitor"],"picked":"Scrape+1","floor":30.0},{"not_picked":["Double Energy+1","Compile Driver+1"],"picked":"Go for the Eyes+1","floor":35.0},{"not_picked":["Dodge and Roll","Warcry"],"picked":"Hologram","floor":38.0},{"not_picked":["Ball Lightning+1","PiercingWail","Perfected Strike"],"picked":"SKIP","floor":39.0},{"not_picked":["Ball Lightning+1","Setup"],"picked":"Deflect+1","floor":41.0},{"not_picked":["Intimidate","Poisoned Stab+1","Dash"],"picked":"SKIP","floor":44.0},{"not_picked":["Corruption+1","PiercingWail+1","Scrape"],"picked":"SKIP","floor":45.0},{"not_picked":["Blood for Blood+1","Wild Strike+1","Barricade"],"picked":"SKIP","floor":47.0},{"not_picked":["Trip+1","Havoc+1","Bouncing Flask+1"],"picked":"SKIP","floor":48.0},{"not_picked":["Static Discharge","Capacitor"],"picked":"Clash+1","floor":54.0}],"player_experience":267053,"relics_obtained":[{"floor":6.0,"key":"Bag of Preparation"},{"floor":8.0,"key":"Vajra"},{"floor":19.0,"key":"Bird Faced Urn"},{"floor":19.0,"key":"Pear"},{"floor":22.0,"key":"Sundial"},{"floor":23.0,"key":"Bottled Flame"},{"floor":26.0,"key":"Gambling Chip"},{"floor":28.0,"key":"Smiling Mask"},{"floor":29.0,"key":"Red Mask"},{"floor":31.0,"key":"Pantograph"},{"floor":38.0,"key":"Unceasing Top"},{"floor":41.0,"key":"Meat on the Bone"},{"floor":43.0,"key":"Orichalcum"},{"floor":54.0,"key":"Blue Candle"}],"event_choices":[{"damage_healed":0.0,"max_hp_gain":5.0,"max_hp_loss":0.0,"gold_gain":0.0,"event_name":"Big Fish","player_choice":"Donut","floor":2.0,"gold_loss":0.0,"damage_taken":0.0},{"damage_healed":0.0,"max_hp_gain":0.0,"max_hp_loss":0.0,"gold_gain":0.0,"event_name":"Dead Adventurer","player_choice":"Searched \u00271\u0027 times","floor":8.0,"gold_loss":0.0,"damage_taken":0.0},{"cards_removed":["Strike_B"],"damage_healed":0.0,"max_hp_gain":0.0,"max_hp_loss":0.0,"gold_gain":0.0,"event_name":"Bonfire Elementals","player_choice":"Offered Basic","floor":11.0,"gold_loss":0.0,"damage_taken":0.0},{"damage_healed":0.0,"max_hp_gain":0.0,"max_hp_loss":0.0,"gold_gain":0.0,"event_name":"Colosseum","player_choice":"Fight","floor":19.0,"gold_loss":0.0,"damage_taken":0.0},{"damage_healed":0.0,"max_hp_gain":0.0,"max_hp_loss":0.0,"gold_gain":0.0,"event_name":"Colosseum","player_choice":"Fought Nobs","floor":19.0,"gold_loss":0.0,"damage_taken":0.0},{"damage_healed":0.0,"max_hp_gain":0.0,"max_hp_loss":0.0,"gold_gain":0.0,"event_name":"Masked Bandits","player_choice":"Fought Bandits","floor":29.0,"gold_loss":0.0,"damage_taken":0.0},{"damage_healed":0.0,"max_hp_gain":0.0,"max_hp_loss":0.0,"gold_gain":0.0,"event_name":"Winding Halls","player_choice":"Embrace Madness","floor":37.0,"gold_loss":0.0,"damage_taken":12.0,"cards_obtained":["Madness","Madness"]},{"damage_healed":0.0,"max_hp_gain":0.0,"max_hp_loss":0.0,"gold_gain":0.0,"event_name":"Mysterious Sphere","player_choice":"Fight","floor":38.0,"gold_loss":0.0,"damage_taken":0.0}],"is_beta":false,"boss_relics":[{"not_picked":["White Beast Statue","Philosopher\u0027s Stone"],"picked":"Tiny House"},{"not_picked":["Sozu","Lizard Tail"],"picked":"Empty Cage"}],"items_purged_floors":[13,36],"is_endless":false,"potions_floor_spawned":[1,8,19,19,24,27,38,45,47,54],"killed_by":"The Heart","ascension_level":3}