{"gold_per_floor":[113,113,129,129,147,147,176,176,201,233,249,284,296,308,320,403,415,443,47,47,62,79,79],"floor_reached":23,"playtime":733,"items_purged":["Strike_B"],"score":397,"play_id":"71e6847f-2072-4471-8a9e-25851ffa167e","local_time":"20181011130916","is_ascension_mode":true,"campfire_choices":[{"data":"Fission","floor":6.0,"key":"SMITH"},{"floor":8.0,"key":"REST"},{"data":"Zap","floor":13.0,"key":"SMITH"},{"data":"Defragment","floor":15.0,"key":"SMITH"}],"neow_cost":"TEN_PERCENT_HP_LOSS","seed_source_timestamp":1088243858385463,"circlet_count":0,"master_deck":["Strike_B","Strike_B","Defend_B","Defend_B+1","Defend_B","Zap+1","Dualcast","AscendersBane","Fission+1","Compile Driver","Ball Lightning+1","Beam Cell","Defragment+1","Cold Snap","Biased Cognition","Conserve Battery","Loop"],"special_seed":0,"relics":["Cracked Core","Mercury Hourglass","Orichalcum","DataDisk","Lantern","MawBank","Sozu","Pantograph"],"potions_floor_usage":[],"damage_taken":[{"damage":0.0,"enemies":"2 Louse","floor":1.0,"turns":1.0},{"damage":7.0,"enemies":"Jaw Worm","floor":3.0,"turns":2.0},{"damage":0.0,"enemies":"Small Slimes","floor":5.0,"turns":2.0},{"damage":27.0,"enemies":"Lagavulin","floor":7.0,"turns":4.0},{"damage":9.0,"enemies":"3 Sentries","floor":10.0,"turns":4.0},{"damage":4.0,"enemies":"Gremlin Gang","floor":11.0,"turns":2.0},{"damage":6.0,"enemies":"Gremlin Nob","floor":12.0,"turns":3.0},{"damage":10.0,"enemies":"The Guardian","floor":16.0,"turns":8.0},{"damage":0.0,"enemies":"Spheric Guardian","floor":18.0,"turns":3.0},{"damage":19.0,"enemies":"3 Byrds","floor":21.0,"turns":4.0},{"damage":19.0,"enemies":"Shelled Parasite and Fungi","floor":22.0,"turns":4.0},{"damage":23,"enemies":"Gremlin Leader","floor":23,"turns":3}],"seed_played":"-9074838005898546930","potions_obtained":[{"floor":3.0,"key":"Swift Potion"},{"floor":5.0,"key":"Fire Potion"},{"floor":10.0,"key":"Fire Potion"},{"floor":12.0,"key":"Ancient Potion"}],"is_trial":false,"path_per_floor":["M","?","M","T","M","R","E","R","T","E","M","E","R","?","R","B",null,"M","$","?","M","M"],"character_chosen":"DEFECT","items_purchased":["Pantograph","Loop"],"campfire_rested":1,"item_purchase_floors":[19,19],"current_hp_per_floor":[64,45,38,38,38,38,11,30,30,21,17,11,11,11,11,1,48,48,48,48,29,10,0],"gold":79,"neow_bonus":"TRANSFORM_TWO_CARDS","is_prod":false,"is_daily":false,"chose_seed":false,"campfire_upgraded":3,"win_rate":0,"timestamp":1539256156,"path_taken":["M","?","?","?","M","R","E","R","T","E","M","E","R","?","R","BOSS","M","$","?","M","M","E"],"build_version":"2018-10-04v2","purchased_purges":1,"victory":false,"max_hp_per_floor":[64,64,64,64,64,64,64,64,64,64,64,64,64,64,64,64,64,64,64,64,64,64,64],"card_choices":[{"not_picked":["Compile Driver","Hologram"],"picked":"Ball Lightning","floor":1.0},{"not_picked":["Sweeping Beam","Streamline"],"picked":"Beam Cell","floor":3.0},{"not_picked":["Beam Cell","Darkness","Redo"],"picked":"SKIP","floor":5.0},{"not_picked":["Force Field","Stack"],"picked":"Defragment","floor":7.0},{"not_picked":["Steam Power","Meteor Strike"],"picked":"Cold Snap","floor":10.0},{"not_picked":["Lockon","Rebound","Streamline"],"picked":"SKIP","floor":11.0},{"not_picked":["Hello World","Self Repair","Fission"],"picked":"SKIP","floor":12.0},{"not_picked":["Meteor Strike","Rainbow"],"picked":"Biased Cognition","floor":16.0},{"not_picked":["Tempest","Compile Driver"],"picked":"Conserve Battery","floor":18.0},{"not_picked":["Steam","Blizzard","Loop"],"picked":"SKIP","floor":21.0},{"not_picked":["Gash","Compile Driver","Force Field"],"picked":"SKIP","floor":22.0}],"player_experience":821629,"relics_obtained":[{"floor":4.0,"key":"Mercury Hourglass"},{"floor":7.0,"key":"Orichalcum"},{"floor":9.0,"key":"DataDisk"},{"floor":10.0,"key":"Lantern"},{"floor":12.0,"key":"MawBank"}],"event_choices":[{"event_name":"Shining Light","player_choice":"Entered Light","floor":2.0,"damage_taken":0.0},{"event_name":"Scrap Ooze","player_choice":"unsuccessful","floor":14.0,"damage_taken":0.0},{"event_name":"Beggar","player_choice":"Ignored","floor":20.0,"damage_taken":0.0}],"is_beta":false,"boss_relics":[{"not_picked":["Coffee Dripper","Orrery"],"picked":"Sozu"}],"items_purged_floors":[19],"is_endless":false,"potions_floor_spawned":[3,5,10,12,22],"killed_by":"Gremlin Leader","ascension_level":18}