{"gold_per_floor":[111,129,140,154,165,165,16,29,108,108,140,140,67,85,85,186,186,199,216,233,249,249,249],"floor_reached":23,"playtime":2297,"items_purged":["Strike_B"],"score":256,"play_id":"c97f2b73-ef98-4527-8b77-d0230b40665f","local_time":"20190214013125","is_ascension_mode":true,"campfire_choices":[{"data":"Redo","floor":6,"key":"SMITH"},{"data":"Redo","floor":10,"key":"SMITH"},{"floor":12,"key":"REST"},{"floor":15,"key":"REST"}],"neow_cost":"NONE","seed_source_timestamp":13378052735129,"circlet_count":0,"master_deck":["Zap","Dualcast","BootSequence","Steam","Ball Lightning","Hologram","Redo+1","Streamline","Redo+1","Ball Lightning","Sweeping Beam","Buffer","Steam","Lockon","Creative AI","Turbo","Leap","Storm","Meteor Strike","Sunder","Recycle+1","Ball Lightning+1"],"relics":["Cracked Core","Strawberry","Pantograph","Ancient Tea Set","Pandora\u0027s Box"],"potions_floor_usage":[11,16,18,23,23],"damage_taken":[{"damage":6,"enemies":"Cultist","floor":1,"turns":3},{"damage":0,"enemies":"2 Louse","floor":2,"turns":2},{"damage":0,"enemies":"Small Slimes","floor":3,"turns":3},{"damage":15,"enemies":"Exordium Wildlife","floor":4,"turns":4},{"damage":0,"enemies":"Blue Slaver","floor":5,"turns":2},{"damage":0,"enemies":"3 Louse","floor":8,"turns":2},{"damage":25,"enemies":"Lagavulin","floor":11,"turns":4},{"damage":11,"enemies":"Exordium Thugs","floor":14,"turns":4},{"damage":37,"enemies":"Hexaghost","floor":16,"turns":8},{"damage":2,"enemies":"Spheric Guardian","floor":18,"turns":3},{"damage":2,"enemies":"Chosen","floor":19,"turns":4},{"damage":32,"enemies":"Shelled Parasite and Fungi","floor":20,"turns":5},{"damage":19,"enemies":"Snecko","floor":21,"turns":4},{"damage":20,"enemies":"Gremlin Leader","floor":23,"turns":2}],"seed_played":"-7767898040425262983","potions_obtained":[{"floor":1,"key":"Swift Potion"},{"floor":2,"key":"Poison Potion"},{"floor":8,"key":"Fire Potion"},{"floor":18,"key":"AttackPotion"}],"is_trial":false,"path_per_floor":["M","M","M","M","M","R","$","M","T","R","E","R","$","M","R","B",null,"M","M","M","M","?","E"],"character_chosen":"DEFECT","items_purchased":["Streamline","Explosive Potion","Ball Lightning","Weak Potion"],"campfire_rested":2,"item_purchase_floors":[7,7,13,13],"current_hp_per_floor":[69,69,69,54,54,54,54,54,54,54,29,53,53,42,66,45,73,71,69,37,18,18,0],"gold":249,"neow_bonus":"RANDOM_COMMON_RELIC","is_prod":false,"is_daily":false,"chose_seed":false,"campfire_upgraded":2,"win_rate":0,"timestamp":1550125885,"path_taken":["M","M","M","M","M","R","$","M","T","R","E","R","$","?","R","BOSS","M","M","M","M","?","E"],"build_version":"2019-01-23","purchased_purges":1,"victory":false,"max_hp_per_floor":[82,82,82,82,82,82,82,82,82,82,82,82,82,82,82,82,82,82,82,82,82,82,82],"card_choices":[{"not_picked":["Hologram","Aggregate"],"picked":"BootSequence","floor":1},{"not_picked":["Blizzard","Beam Cell"],"picked":"Steam","floor":2},{"not_picked":["Redo","Leap"],"picked":"Ball Lightning","floor":3},{"not_picked":["Gash","Stack"],"picked":"Hologram","floor":4},{"not_picked":["Beam Cell","Auto Shields"],"picked":"Redo","floor":5},{"not_picked":["Gash","Compile Driver"],"picked":"Redo","floor":8},{"not_picked":["Darkness","Rainbow","Compile Driver"],"picked":"SKIP","floor":11},{"not_picked":["Steam","Go for the Eyes"],"picked":"Sweeping Beam","floor":14},{"not_picked":["Hyperbeam","All For One"],"picked":"Buffer","floor":16},{"not_picked":["Stack","Steam"],"picked":"Sunder","floor":18},{"not_picked":["Reprogram","Hello World+1","Skim+1"],"picked":"SKIP","floor":19},{"not_picked":["Blizzard","FTL"],"picked":"Recycle+1","floor":20},{"not_picked":["Sweeping Beam+1","Turbo"],"picked":"Ball Lightning+1","floor":21}],"player_experience":467180,"relics_obtained":[{"floor":9,"key":"Pantograph"},{"floor":11,"key":"Ancient Tea Set"}],"event_choices":[{"damage_healed":0,"gold_gain":0,"player_choice":"Ignored","damage_taken":0,"max_hp_gain":0,"max_hp_loss":0,"event_name":"Ghosts","floor":22,"gold_loss":0}],"is_beta":false,"boss_relics":[{"not_picked":["Cursed Key","Coffee Dripper"],"picked":"Pandora\u0027s Box"}],"items_purged_floors":[7],"is_endless":false,"potions_floor_spawned":[1,2,8,18],"killed_by":"Gremlin Leader","ascension_level":6}