{"gold_per_floor":[118,133,133,308,308,308,319,337,360,51,51,62,42,52,52,151,151,163,182,201,21,21,21,41,41,65,80,97,108,127,127,127,224,224,234,234,254,268,282,282,297,297,297,297,32,50,68,78,78,78],"floor_reached":51,"playtime":4335,"items_purged":["Doubt","Strike_R","Parasite"],"score":624,"play_id":"d9081df2-3570-4f99-a11f-7e4a831f452b","local_time":"20181106223338","is_ascension_mode":false,"campfire_choices":[{"data":"Bash","floor":6,"key":"SMITH"},{"data":"Apotheosis","floor":11,"key":"SMITH"},{"data":"Metallicize","floor":15,"key":"SMITH"},{"floor":23,"key":"REST"},{"floor":32,"key":"REST"},{"floor":40,"key":"REST"},{"data":"True Grit","floor":42,"key":"SMITH"},{"data":"True Grit","floor":44,"key":"SMITH"},{"data":"Shrug It Off","floor":49,"key":"SMITH"}],"neow_cost":"NONE","seed_source_timestamp":81136226481036,"circlet_count":0,"master_deck":["Strike_R","Strike_R","Strike_R","Strike_R","Defend_R","Defend_R","Defend_R","Defend_R","Bash+1","Metallicize+1","Apotheosis+1","Demon Form","Dropkick+1","Shrug It Off+1","Flame Barrier","Metallicize+1","RitualDagger","Entrench","Reaper","True Grit+1","True Grit+1","Limit Break","Shrug It Off+1","Pommel Strike+1","Disarm","Parasite","Body Slam+1","Heavy Blade+1"],"relics":["Velvet Choker"],"potions_floor_usage":[16,16,28,28,29,39,45,50],"damage_taken":[{"damage":5,"enemies":"Small Slimes","floor":1,"turns":3},{"damage":1,"enemies":"Jaw Worm","floor":2,"turns":4},{"damage":0,"enemies":"2 Louse","floor":7,"turns":2},{"damage":3,"enemies":"2 Fungi Beasts","floor":8,"turns":4},{"damage":4,"enemies":"Gremlin Gang","floor":12,"turns":5},{"damage":6,"enemies":"Large Slime","floor":14,"turns":5},{"damage":18,"enemies":"Hexaghost","floor":16,"turns":9},{"damage":3,"enemies":"Shell Parasite","floor":18,"turns":6},{"damage":0,"enemies":"Chosen","floor":19,"turns":6},{"damage":21,"enemies":"Snake Plant","floor":20,"turns":6},{"damage":24,"enemies":"Centurion and Healer","floor":24,"turns":6},{"damage":21,"enemies":"3 Cultists","floor":27,"turns":8},{"damage":5,"enemies":"Snake Plant","floor":28,"turns":9},{"damage":11,"enemies":"Snecko","floor":29,"turns":5},{"damage":7,"enemies":"Sentry and Sphere","floor":30,"turns":12},{"damage":39,"enemies":"Champ","floor":33,"turns":12},{"damage":17,"enemies":"3 Shapes","floor":35,"turns":12},{"damage":28,"enemies":"3 Darklings","floor":37,"turns":13},{"damage":23,"enemies":"Writhing Mass","floor":38,"turns":9},{"damage":34,"enemies":"Jaw Worm Horde","floor":39,"turns":6},{"damage":23,"enemies":"Sphere and 2 Shapes","floor":41,"turns":11},{"damage":42,"enemies":"Writhing Mass","floor":46,"turns":12},{"damage":24,"enemies":"3 Darklings","floor":47,"turns":12},{"damage":21,"enemies":"Spire Growth","floor":48,"turns":7},{"damage":87,"enemies":"Time Eater","floor":50,"turns":13}],"seed_played":"-93673465196621614","potions_obtained":[{"floor":8,"key":"SkillPotion"},{"floor":12,"key":"Strength Potion"},{"floor":13,"key":"BloodPotion"},{"floor":16,"key":"FairyPotion"},{"floor":19,"key":"EssenceOfSteel"},{"floor":24,"key":"EssenceOfSteel"},{"floor":28,"key":"Swift Potion"},{"floor":29,"key":"FairyPotion"},{"floor":38,"key":"PowerPotion"},{"floor":39,"key":"Energy Potion"},{"floor":47,"key":"Dexterity Potion"}],"is_trial":false,"path_per_floor":["M","M","?","?","?","R","M","M","T","$","R","M","?","M","R","B",null,"M","M","M","$","?","R","M","?","T","M","M","M","M","?","R","B",null,"M","?","M","M","M","R","M","R","T","R","$","M","M","M","R","B",null],"character_chosen":"IRONCLAD","items_purchased":["Metallicize","Apotheosis","Flame Barrier","Fruit Juice","Disarm"],"campfire_rested":3,"item_purchase_floors":[10,10,21,45,45],"current_hp_per_floor":[75,74,74,74,79,79,79,76,76,76,76,72,72,66,66,48,85,82,82,61,61,61,85,61,55,55,34,29,28,25,53,78,45,85,75,75,55,32,25,50,79,79,79,79,84,42,87,83,83,7],"gold":78,"neow_bonus":"BOSS_RELIC","is_prod":false,"is_daily":false,"chose_seed":false,"campfire_upgraded":6,"win_rate":0,"timestamp":1541561618,"path_taken":["M","M","?","?","?","R","M","M","T","$","R","M","?","?","R","BOSS","M","M","M","$","?","R","?","?","T","M","M","M","M","?","R","BOSS","M","?","M","M","?","R","M","R","T","R","$","?","M","M","R","BOSS"],"build_version":"2018-11-01","purchased_purges":3,"victory":true,"max_hp_per_floor":[80,80,80,80,85,85,85,85,85,85,85,85,85,85,85,85,85,85,85,85,85,85,85,85,85,85,85,85,85,85,85,85,85,85,85,85,85,85,85,85,85,85,85,85,87,87,87,87,87,87],"card_choices":[{"not_picked":["Headbutt","Clash","Evolve"],"picked":"SKIP","floor":1},{"not_picked":["Armaments","Headbutt","Second Wind"],"picked":"SKIP","floor":2},{"not_picked":["Corruption","Limit Break","Twin Strike"],"picked":"SKIP","floor":7},{"not_picked":["Anger","Warcry","Hemokinesis"],"picked":"SKIP","floor":8},{"not_picked":["Uppercut","Dual Wield","Sever Soul"],"picked":"SKIP","floor":12},{"not_picked":["Headbutt","Pommel Strike","Twin Strike"],"picked":"SKIP","floor":14},{"not_picked":["Juggernaut","Dark Embrace"],"picked":"Demon Form","floor":16},{"not_picked":["Pommel Strike+1","Havoc+1","Clash"],"picked":"SKIP","floor":18},{"not_picked":["Anger","Whirlwind"],"picked":"Dropkick+1","floor":19},{"not_picked":["Heavy Blade","Clothesline"],"picked":"Shrug It Off","floor":20},{"not_picked":["Anger","Shockwave"],"picked":"Metallicize+1","floor":24},{"not_picked":["Shockwave","Warcry"],"picked":"Entrench","floor":27},{"not_picked":["Wild Strike","Headbutt"],"picked":"Reaper","floor":28},{"not_picked":["Evolve+1","Dropkick"],"picked":"True Grit","floor":29},{"not_picked":["Burning Pact","Sword Boomerang"],"picked":"True Grit","floor":30},{"not_picked":["Berserk","Bludgeon"],"picked":"Limit Break","floor":33},{"not_picked":["Twin Strike+1","Spot Weakness+1","Armaments+1"],"picked":"SKIP","floor":35},{"not_picked":["Headbutt+1","Sword Boomerang"],"picked":"Shrug It Off+1","floor":37},{"not_picked":["Wild Strike","Evolve+1","Armaments+1"],"picked":"SKIP","floor":38},{"not_picked":["Wild Strike","Evolve+1","Armaments+1"],"picked":"SKIP","floor":38},{"not_picked":["Sword Boomerang+1","Rage"],"picked":"Pommel Strike+1","floor":39},{"not_picked":["True Grit","Sword Boomerang+1","Fiend Fire"],"picked":"SKIP","floor":41},{"not_picked":["Iron Wave","Flex"],"picked":"Body Slam+1","floor":46},{"not_picked":["Searing Blow","Twin Strike+1","Bloodletting"],"picked":"SKIP","floor":47},{"not_picked":["Flex+1","Thunderclap+1"],"picked":"Heavy Blade+1","floor":48}],"player_experience":251570,"relics_obtained":[],"event_choices":[{"damage_healed":0,"gold_gain":0,"player_choice":"Ignored","damage_taken":0,"max_hp_gain":0,"max_hp_loss":0,"event_name":"Golden Idol","floor":3,"gold_loss":0},{"damage_healed":0,"gold_gain":175,"player_choice":"AGREE","damage_taken":0,"max_hp_gain":0,"max_hp_loss":0,"event_name":"Liars Game","floor":4,"gold_loss":0,"cards_obtained":["Doubt"]},{"damage_healed":0,"gold_gain":0,"player_choice":"Donut","damage_taken":0,"max_hp_gain":5,"max_hp_loss":0,"event_name":"Big Fish","floor":5,"gold_loss":0},{"damage_healed":0,"gold_gain":0,"player_choice":"Bought 1 Potion","damage_taken":0,"max_hp_gain":0,"max_hp_loss":0,"event_name":"The Woman in Blue","floor":13,"gold_loss":0},{"damage_healed":0,"gold_gain":0,"player_choice":"1 cards matched","damage_taken":0,"max_hp_gain":0,"max_hp_loss":0,"event_name":"Match and Keep!","floor":22,"gold_loss":0,"cards_obtained":["Bash"]},{"damage_healed":0,"gold_gain":0,"player_choice":"Joined the Cult","damage_taken":6,"max_hp_gain":0,"max_hp_loss":0,"event_name":"Nest","floor":25,"gold_loss":0,"cards_obtained":["RitualDagger"]},{"damage_healed":28,"gold_gain":0,"player_choice":"Heal","damage_taken":0,"max_hp_gain":0,"max_hp_loss":0,"event_name":"The Library","floor":31,"gold_loss":0},{"cards_removed":["Bash"],"damage_healed":0,"gold_gain":0,"player_choice":"Offered Basic","damage_taken":0,"max_hp_gain":0,"max_hp_loss":0,"event_name":"Bonfire Elementals","floor":36,"gold_loss":0}],"is_beta":false,"boss_relics":[{"not_picked":["Orrery","Tiny House","White Beast Statue"]},{"not_picked":["Mark of Pain","Calling Bell","Astrolabe"]}],"items_purged_floors":[10,21,45],"is_endless":false,"potions_floor_spawned":[8,12,16,19,24,27,28,29,38,39,47,48],"ascension_level":0}