{"gold_per_floor":[118,11,11,11,31,63,73,73,73,73,90,116,133,163,163,242,242,259,174,3,3,53,79,79,107,107,107,123,137,10,38,38,38],"floor_reached":33,"playtime":915,"items_purged":["Strike_R"],"score":752,"play_id":"f15257a2-b143-4bfc-b364-350fe192e788","local_time":"20190115014717","is_ascension_mode":true,"campfire_choices":[{"data":"Havoc","floor":8.0,"key":"SMITH"},{"data":"Body Slam","floor":10.0,"key":"SMITH"},{"data":"Pommel Strike","floor":15.0,"key":"SMITH"},{"floor":24.0,"key":"REST"},{"floor":27.0,"key":"REST"},{"floor":32.0,"key":"REST"}],"neow_cost":"NONE","seed_source_timestamp":0,"circlet_count":0,"master_deck":["AscendersBane","Strike_R","Strike_R","Strike_R","Defend_R","Defend_R","Defend_R","Defend_R","Bash","Seeing Red","Havoc+1","Body Slam+1","Pommel Strike+1","Infernal Blade","Wild Strike","Offering","Iron Wave+1","Inflame+1","Bludgeon+1","Bludgeon+1","Sword Boomerang+1","Anger+1","Whirlwind+1","Second Wind+1","Flame Barrier+1","Thunderclap+1","Power Through+1"],"special_seed":0,"relics":["Burning Blood","NeowsBlessing","Frozen Egg 2","Red Skull","Molten Egg 2","Shuriken","Runic Cube","Boot","PreservedInsect","Paper Frog","Toxic Egg 2","Ice Cream","Regal Pillow"],"potions_floor_usage":[33],"damage_taken":[{"damage":0.0,"enemies":"Jaw Worm","floor":1.0,"turns":1.0},{"damage":0.0,"enemies":"Cultist","floor":5.0,"turns":1.0},{"damage":0.0,"enemies":"Lagavulin","floor":6.0,"turns":1.0},{"damage":3.0,"enemies":"2 Louse","floor":7.0,"turns":2.0},{"damage":12.0,"enemies":"Exordium Wildlife","floor":11.0,"turns":3.0},{"damage":26.0,"enemies":"3 Sentries","floor":12.0,"turns":7.0},{"damage":0.0,"enemies":"Looter","floor":13.0,"turns":2.0},{"damage":7.0,"enemies":"Gremlin Nob","floor":14.0,"turns":3.0},{"damage":6.0,"enemies":"Slime Boss","floor":16.0,"turns":4.0},{"damage":16.0,"enemies":"Shell Parasite","floor":18.0,"turns":3.0},{"damage":19.0,"enemies":"Book of Stabbing","floor":23.0,"turns":2.0},{"damage":35.0,"enemies":"Slavers","floor":25.0,"turns":3.0},{"damage":6.0,"enemies":"2 Thieves","floor":28.0,"turns":3.0},{"damage":6.0,"enemies":"Sentry and Sphere","floor":29.0,"turns":3.0},{"damage":26.0,"enemies":"Book of Stabbing","floor":31.0,"turns":2.0},{"damage":68,"enemies":"Automaton","floor":33,"turns":6}],"seed_played":"8650506535811097340","potions_obtained":[{"floor":1.0,"key":"Energy Potion"},{"floor":5.0,"key":"Ancient Potion"},{"floor":11.0,"key":"Swift Potion"},{"floor":13.0,"key":"EssenceOfSteel"},{"floor":14.0,"key":"Weak Potion"},{"floor":16.0,"key":"PowerPotion"},{"floor":23.0,"key":"SpeedPotion"},{"floor":31.0,"key":"Energy Potion"}],"is_trial":false,"path_per_floor":["M","$","?","$","M","E","M","R","T","R","M","E","M","E","R","B",null,"M","?","$","?","?","E","R","E","T","R","M","M","$","E","R","B"],"character_chosen":"IRONCLAD","items_purchased":["Havoc","Body Slam","PreservedInsect","Thunderclap+1"],"campfire_rested":3,"item_purchase_floors":[2,2,20,30],"current_hp_per_floor":[74,74,74,74,75,75,75,75,75,75,69,49,55,54,54,54,70,60,60,60,39,39,26,50,21,21,45,45,45,45,25,64,0],"gold":38,"neow_bonus":"THREE_ENEMY_KILL","is_prod":false,"is_daily":false,"chose_seed":false,"campfire_upgraded":3,"win_rate":0,"timestamp":1547513237,"path_taken":["M","$","?","?","M","E","M","R","T","R","M","E","M","E","R","BOSS","M","?","$","?","?","E","R","E","T","R","M","M","?","E","R","BOSS"],"build_version":"2019-01-10","purchased_purges":1,"victory":false,"max_hp_per_floor":[75,75,75,75,75,75,75,75,75,75,75,75,75,75,75,75,75,75,75,75,80,80,80,80,80,80,80,80,80,80,80,80,80],"card_choices":[{"not_picked":["Sword Boomerang","Bloodletting"],"picked":"Seeing Red","floor":1.0},{"not_picked":["Burning Pact","Rupture"],"picked":"Pommel Strike","floor":5.0},{"not_picked":["Heavy Blade","Second Wind"],"picked":"Infernal Blade","floor":6.0},{"not_picked":["Heavy Blade","Entrench"],"picked":"Wild Strike","floor":7.0},{"not_picked":["Shrug It Off","Burning Pact"],"picked":"Offering","floor":11.0},{"not_picked":["Bloodletting","Perfected Strike"],"picked":"Iron Wave","floor":12.0},{"not_picked":["Headbutt+1","Burning Pact"],"picked":"Inflame+1","floor":13.0},{"not_picked":["Havoc","Infernal Blade"],"picked":"Bludgeon+1","floor":14.0},{"not_picked":["Reaper+1","Limit Break"],"picked":"Bludgeon+1","floor":16.0},{"not_picked":["Iron Wave+1","Perfected Strike+1"],"picked":"Sword Boomerang+1","floor":18.0},{"not_picked":["Perfected Strike+1","Dropkick+1"],"picked":"Anger+1","floor":23.0},{"not_picked":["Rampage+1","Thunderclap+1"],"picked":"Whirlwind+1","floor":25.0},{"not_picked":["Armaments+1","Hemokinesis+1"],"picked":"Second Wind+1","floor":28.0},{"not_picked":["Sword Boomerang+1","Body Slam+1"],"picked":"Flame Barrier+1","floor":29.0},{"not_picked":["Fire Breathing+1","Hemokinesis+1"],"picked":"Power Through+1","floor":31.0}],"player_experience":909177,"relics_obtained":[{"floor":6.0,"key":"Frozen Egg 2"},{"floor":9.0,"key":"Red Skull"},{"floor":12.0,"key":"Molten Egg 2"},{"floor":14.0,"key":"Shuriken"},{"floor":23.0,"key":"Paper Frog"},{"floor":25.0,"key":"Toxic Egg 2"},{"floor":26.0,"key":"Ice Cream"},{"floor":31.0,"key":"Regal Pillow"}],"event_choices":[{"cards_removed":["Strike_R"],"damage_healed":0.0,"max_hp_gain":0.0,"max_hp_loss":0.0,"gold_gain":0.0,"event_name":"Bonfire Elementals","player_choice":"Offered Basic","floor":3.0,"gold_loss":0.0,"damage_taken":0.0},{"damage_healed":0.0,"max_hp_gain":0.0,"max_hp_loss":0.0,"gold_gain":0.0,"event_name":"Addict","player_choice":"Obtained Relic","floor":19.0,"gold_loss":85.0,"damage_taken":0.0,"relics_obtained":["Boot"]},{"damage_healed":0.0,"max_hp_gain":5.0,"max_hp_loss":0.0,"gold_gain":0.0,"event_name":"Forgotten Altar","player_choice":"Shed Blood","floor":21.0,"gold_loss":0.0,"damage_taken":26.0},{"damage_healed":0.0,"max_hp_gain":0.0,"max_hp_loss":0.0,"gold_gain":50.0,"event_name":"Nest","player_choice":"Stole From Cult","floor":22.0,"gold_loss":0.0,"damage_taken":0.0}],"is_beta":false,"boss_relics":[{"not_picked":["Pandora\u0027s Box","Fusion Hammer"],"picked":"Runic Cube"}],"items_purged_floors":[30],"is_endless":false,"potions_floor_spawned":[1,5,11,13,14,16,23,31],"killed_by":"Automaton","ascension_level":18}