{"gold_per_floor":[114,130,130,130,52,82,82,109,109,109,141,154,154,179,179,251,251,263,16,85,85,95,125,125,125,180,180,199,199],"floor_reached":29,"playtime":690,"items_purged":[],"score":697,"play_id":"3b49925c-4c03-430d-98c5-64838e1ebe2e","local_time":"20181003105752","is_ascension_mode":true,"campfire_choices":[{"data":"Dualcast","floor":7.0,"key":"SMITH"},{"data":"Rip and Tear","floor":13.0,"key":"SMITH"},{"data":"Melter","floor":15.0,"key":"SMITH"},{"floor":24,"key":"REST"},{"data":"Beam Cell","floor":27,"key":"SMITH"}],"neow_cost":"NONE","seed_source_timestamp":389245817475991,"circlet_count":0,"master_deck":["Strike_B","Strike_B","Defend_B","Defend_B","Defend_B","Defend_B","Zap+1","Dualcast+1","AscendersBane","Melter+1","FTL","Rip and Tear+1","Core Surge","Melter","Core Surge","Core Surge","All For One","Go for the Eyes","Scrape","Beam Cell+1","Compile Driver"],"special_seed":0,"relics":["Cracked Core","NeowsBlessing","Shuriken","Thread and Needle","Sundial","Mercury Hourglass","Pantograph","Question Card","Inserter","Lantern","Singing Bowl","Girya","Art of War"],"potions_floor_usage":[23,23,29],"damage_taken":[{"damage":0.0,"enemies":"2 Louse","floor":1.0,"turns":1.0},{"damage":0.0,"enemies":"Cultist","floor":2.0,"turns":1.0},{"damage":0.0,"enemies":"3 Sentries","floor":6.0,"turns":1.0},{"damage":8.0,"enemies":"Gremlin Nob","floor":8.0,"turns":3.0},{"damage":0.0,"enemies":"3 Sentries","floor":11.0,"turns":5.0},{"damage":0.0,"enemies":"Small Slimes","floor":12.0,"turns":2.0},{"damage":13.0,"enemies":"Lagavulin","floor":14.0,"turns":4.0},{"damage":0.0,"enemies":"Slime Boss","floor":16.0,"turns":6.0},{"damage":14.0,"enemies":"2 Thieves","floor":18.0,"turns":2.0},{"damage":12.0,"enemies":"Shell Parasite","floor":22.0,"turns":2.0},{"damage":50,"enemies":"Book of Stabbing","floor":23,"turns":4},{"damage":23,"enemies":"Centurion and Healer","floor":28,"turns":5},{"damage":11,"enemies":"Slavers","floor":29,"turns":1}],"seed_played":"5036904174260538275","potions_obtained":[{"floor":8.0,"key":"EssenceOfSteel"},{"floor":12.0,"key":"Strength Potion"},{"floor":14.0,"key":"Weak Potion"},{"floor":16.0,"key":"EssenceOfSteel"},{"floor":18.0,"key":"GamblersBrew"},{"floor":22.0,"key":"Regen Potion"},{"floor":28,"key":"Strength Potion"}],"is_trial":false,"path_per_floor":["M","M","?","?","$","E","R","E","T","?","E","M","R","E","R","B",null,"M","$","T","?","M","E","R","?","T","R","M"],"character_chosen":"DEFECT","items_purchased":["Core Surge","Lantern","Scrape"],"campfire_rested":1,"item_purchase_floors":[5,19,19],"current_hp_per_floor":[64,64,64,64,64,64,64,56,56,45,45,45,45,32,32,57,68,54,54,54,54,42,6,27,27,27,27,6,0],"gold":199,"neow_bonus":"THREE_ENEMY_KILL","is_prod":false,"is_daily":false,"chose_seed":false,"campfire_upgraded":4,"win_rate":0,"timestamp":1538557072,"path_taken":["M","M","?","?","$","E","R","E","T","?","E","M","R","E","R","BOSS","M","$","?","?","M","E","R","?","T","R","?","E"],"build_version":"2018-09-27","purchased_purges":0,"victory":false,"max_hp_per_floor":[71,71,71,71,71,71,71,71,71,71,71,71,71,71,71,71,71,71,71,71,71,71,73,73,73,73,73,75,75],"card_choices":[{"not_picked":["Steam","Leap"],"picked":"Melter","floor":1.0},{"not_picked":["Hologram","Conserve Battery"],"picked":"FTL","floor":2.0},{"not_picked":["Recycle","Force Field"],"picked":"Melter","floor":6.0},{"not_picked":["Heatsinks","Coolheaded","Blizzard"],"picked":"SKIP","floor":8.0},{"not_picked":["Force Field","Double Energy"],"picked":"Core Surge","floor":11.0},{"not_picked":["Leap","Coolheaded","Barrage"],"picked":"SKIP","floor":12.0},{"not_picked":["Coolheaded","Steam"],"picked":"Core Surge","floor":14.0},{"not_picked":["Hyperbeam","Biased Cognition","Fission"],"picked":"All For One","floor":16.0},{"not_picked":["Coolheaded","Loop","Cold Snap"],"picked":"Go for the Eyes","floor":18.0},{"not_picked":["Barrage","Steam Power","Rebound"],"picked":"Beam Cell","floor":22.0},{"not_picked":["Multi-Cast","Heatsinks","Rebound","Tempest"],"picked":"Singing Bowl","floor":23},{"not_picked":["Coolheaded","Aggregate","Sweeping Beam","Compile Driver+1"],"picked":"Singing Bowl","floor":28}],"player_experience":802464,"relics_obtained":[{"floor":6.0,"key":"Shuriken"},{"floor":8.0,"key":"Thread and Needle"},{"floor":9.0,"key":"Sundial"},{"floor":11.0,"key":"Pantograph"},{"floor":14.0,"key":"Question Card"},{"floor":20.0,"key":"Singing Bowl"},{"floor":23,"key":"Girya"},{"floor":26,"key":"Art of War"}],"event_choices":[{"event_name":"Transmorgrifier","player_choice":"Transform","floor":3.0,"damage_taken":0.0},{"event_name":"Living Wall","player_choice":"Grow","floor":4.0,"damage_taken":0.0},{"event_name":"Scrap Ooze","player_choice":"success","floor":10.0,"damage_taken":11.0},{"event_name":"Vampires","player_choice":"Ignored","floor":21.0,"damage_taken":0.0},{"event_name":"Transmorgrifier","player_choice":"Transform","floor":25,"damage_taken":0}],"is_beta":false,"boss_relics":[{"not_picked":["Pandora\u0027s Box","Empty Cage"],"picked":"Inserter"}],"items_purged_floors":[],"is_endless":false,"potions_floor_spawned":[8,12,14,16,18,22,28],"killed_by":"Slavers","ascension_level":18}