{"gold_per_floor":[209,219,219,233,233,267,267,307,334,353,366,265,440,149,149,269,269,292,316,316,316,333,365,365,418,442,460,460,478,56,70,70,174,174,185,185,185,185,204,204,216,66,66,86,101,101,101,111,111,111],"floor_reached":50,"playtime":4756,"items_purged":["Strike_R","Regret","Doubt"],"score":524,"play_id":"805bf1cd-17b6-4a5d-a509-1c31aeffb8c2","local_time":"20180716210653","is_ascension_mode":false,"campfire_choices":[{"data":"Pommel Strike","floor":7,"key":"SMITH"},{"floor":15,"key":"REST"},{"floor":24,"key":"REST"},{"floor":32,"key":"REST"},{"data":"Whirlwind","floor":40,"key":"SMITH"},{"data":"True Grit","floor":46,"key":"SMITH"},{"floor":49,"key":"REST"}],"neow_cost":"NONE","seed_source_timestamp":176626715620102,"circlet_count":0,"master_deck":["Strike_R","Strike_R","Strike_R","Strike_R","Defend_R","Defend_R+1","Defend_R","Bash","Pommel Strike+1","Cleave","Iron Wave","Double Tap","Heavy Blade","True Grit+1","Whirlwind+1","Feed","Twin Strike+1","Headbutt","Body Slam","Body Slam","Shrug It Off+1","Barricade","Battle Trance","Flash of Steel","Finesse","Finesse","Madness","Madness","Flame Barrier+1"],"relics":["Black Blood","War Paint","Bloody Idol","Potion Belt","Bronze Scales","Red Skull","Tiny Chest","Girya","Juzu Bracelet","Orichalcum","Thread and Needle","Lizard Tail","Oddly Smooth Stone","Pear","Blood Vial"],"potions_floor_usage":[8,10,10,16,16,16,16,23,33,33,45,48,50],"damage_taken":[{"damage":5,"enemies":"Cultist","floor":1,"turns":4},{"damage":1,"enemies":"Jaw Worm","floor":2,"turns":3},{"damage":3,"enemies":"Small Slimes","floor":4,"turns":3},{"damage":17,"enemies":"3 Sentries","floor":6,"turns":9},{"damage":61,"enemies":"Lagavulin","floor":8,"turns":11},{"damage":0,"enemies":"3 Louse","floor":10,"turns":2},{"damage":2,"enemies":"Blue Slaver","floor":11,"turns":3},{"damage":38,"enemies":"Hexaghost","floor":16,"turns":11},{"damage":24,"enemies":"Shell Parasite","floor":18,"turns":6},{"damage":30,"enemies":"Spheric Guardian","floor":19,"turns":6},{"damage":29,"enemies":"Snecko","floor":22,"turns":5},{"damage":34,"enemies":"Gremlin Leader","floor":23,"turns":6},{"damage":22,"enemies":"3 Cultists","floor":27,"turns":5},{"damage":23,"enemies":"Snake Plant","floor":29,"turns":3},{"damage":12,"enemies":"Centurion and Healer","floor":31,"turns":4},{"damage":44,"enemies":"Automaton","floor":33,"turns":9},{"damage":16,"enemies":"Flame Bruiser 1 Orb","floor":35,"turns":10},{"damage":7,"enemies":"Orb Walker","floor":39,"turns":4},{"damage":46,"enemies":"Spire Growth","floor":41,"turns":7},{"damage":8,"enemies":"4 Shapes","floor":44,"turns":9},{"damage":49,"enemies":"Maw","floor":45,"turns":12},{"damage":46,"enemies":"Transient","floor":48,"turns":5},{"damage":114,"enemies":"Donu and Deca","floor":50,"turns":9}],"seed_played":"-8262561350768688824","potions_obtained":[{"floor":6,"key":"Regen Potion"},{"floor":8,"key":"EntropicBrew"},{"floor":16,"key":"SmokeBomb"},{"floor":22,"key":"Swift Potion"},{"floor":23,"key":"EssenceOfSteel"},{"floor":31,"key":"PowerPotion"},{"floor":33,"key":"Weak Potion"},{"floor":39,"key":"Swift Potion"},{"floor":44,"key":"Weak Potion"}],"is_trial":false,"path_per_floor":["M","M","?","M","?","E","R","E","T","M","M","$","?","$","R","B",null,"M","M","?","?","M","E","R","T","T","M","?","M","$","M","R","B",null,"M","?","?","?","M","R","M","$","T","M","M","R","T","M","R"],"character_chosen":"IRONCLAD","items_purchased":["True Grit","Tiny Chest","Whirlwind","Thread and Needle","Oddly Smooth Stone"],"campfire_rested":4,"item_purchase_floors":[12,14,14,30,42],"current_hp_per_floor":[80,80,80,80,60,49,49,9,9,15,19,19,19,19,43,11,80,66,46,46,46,35,16,40,45,50,43,43,35,35,41,66,37,86,85,75,75,64,72,72,44,44,54,61,30,30,30,66,96,0],"gold":111,"neow_bonus":"HUNDRED_GOLD","is_prod":false,"is_daily":false,"chose_seed":false,"campfire_upgraded":3,"win_rate":0.0,"timestamp":1531789613,"path_taken":["M","M","?","M","?","E","R","E","T","M","M","$","?","$","R","BOSS","M","M","?","?","M","E","R","?","T","M","?","M","$","M","R","BOSS","M","?","?","?","M","R","M","$","T","M","M","R","?","M","R","BOSS"],"build_version":"2018-07-12","purchased_purges":3,"victory":false,"max_hp_per_floor":[80,80,80,80,80,80,80,80,80,80,80,80,80,80,80,80,80,80,80,80,80,83,83,83,83,83,83,83,83,83,86,86,86,86,86,86,86,86,86,86,89,89,99,99,102,102,102,102,102,102],"card_choices":[{"not_picked":["Perfected Strike","Warcry"],"picked":"Pommel Strike","floor":1},{"not_picked":["Sword Boomerang","Anger"],"picked":"Cleave","floor":2},{"not_picked":["Corruption","Fire Breathing","Dual Wield"],"picked":"SKIP","floor":4},{"not_picked":["Wild Strike","Shrug It Off"],"picked":"Iron Wave","floor":6},{"not_picked":["Clash","Second Wind"],"picked":"Double Tap","floor":8},{"not_picked":["Evolve","Thunderclap"],"picked":"Heavy Blade","floor":10},{"not_picked":["Warcry","Clothesline","Wild Strike"],"picked":"SKIP","floor":11},{"not_picked":["Juggernaut","Double Tap"],"picked":"Feed","floor":16},{"not_picked":["Combust+1","Sever Soul"],"picked":"Twin Strike+1","floor":18},{"not_picked":["Anger","Infernal Blade","Fire Breathing+1"],"picked":"SKIP","floor":19},{"not_picked":["True Grit","Cleave+1"],"picked":"Headbutt","floor":22},{"not_picked":["Double Tap","True Grit","Carnage"],"picked":"SKIP","floor":23},{"not_picked":["Twin Strike","Shrug It Off"],"picked":"Body Slam","floor":27},{"not_picked":["Body Slam","Combust+1","Warcry"],"picked":"SKIP","floor":29},{"not_picked":["Wild Strike","Combust"],"picked":"Shrug It Off+1","floor":31},{"not_picked":["Impervious","Immolate"],"picked":"Barricade","floor":33},{"not_picked":["Pommel Strike+1","Rampage"],"picked":"Battle Trance","floor":35},{"not_picked":["Secret Technique","Madness"],"picked":"Flash of Steel","floor":36},{"not_picked":["Mind Blast","Panache"],"picked":"Finesse","floor":36},{"not_picked":["Master of Strategy","Apotheosis"],"picked":"Finesse","floor":36},{"not_picked":["Heavy Blade+1","Feel No Pain","Seeing Red+1"],"picked":"SKIP","floor":39},{"not_picked":["Burning Pact+1","True Grit+1","Pommel Strike+1"],"picked":"SKIP","floor":41},{"not_picked":["Armaments","Pommel Strike"],"picked":"Flame Barrier+1","floor":44},{"not_picked":["Clothesline","Power Through","Twin Strike+1"],"picked":"SKIP","floor":45},{"not_picked":["Wild Strike+1","Perfected Strike+1","Inflame+1"],"picked":"SKIP","floor":48}],"player_experience":60165,"relics_obtained":[{"floor":6,"key":"Potion Belt"},{"floor":8,"key":"Bronze Scales"},{"floor":9,"key":"Red Skull"},{"floor":23,"key":"Girya"},{"floor":25,"key":"Juzu Bracelet"},{"floor":26,"key":"Orichalcum"},{"floor":43,"key":"Pear"},{"floor":47,"key":"Blood Vial"}],"event_choices":[{"event_name":"Big Fish","player_choice":"Box","floor":3,"damage_taken":0},{"event_name":"Golden Idol","player_choice":"Take Damage","floor":5,"damage_taken":0},{"event_name":"Liars Game","player_choice":"agreed","floor":13,"damage_taken":0},{"event_name":"Ghosts","player_choice":"Ignored","floor":20,"damage_taken":0},{"event_name":"Forgotten Altar","player_choice":"Gave Idol","floor":21,"damage_taken":0},{"event_name":"The Library","player_choice":"Read","floor":28,"damage_taken":0},{"event_name":"SensoryStone","player_choice":"Memory 3","floor":36,"damage_taken":0},{"event_name":"Falling","player_choice":"Removed Skill","floor":37,"damage_taken":0},{"event_name":"Winding Halls","player_choice":"Embrace Madness","floor":38,"damage_taken":0}],"boss_relics":[{"not_picked":["Sozu","Mark of Pain"],"picked":"Black Blood"},{"not_picked":["Runic Cube","Cursed Key"],"picked":"Lizard Tail"}],"items_purged_floors":[12,14,30],"is_endless":false,"potions_floor_spawned":[6,8,16,22,23,31,33,39,44],"killed_by":"Donu and Deca","ascension_level":0}