{"gold_per_floor":[109,109,121,132,2,2,15,50,75,92,107,107,140,158,158,234,234,245,257,292,292],"floor_reached":21,"playtime":1232,"items_purged":["Strike_B"],"score":386,"play_id":"2539190f-edb7-447c-b03e-f99fa121c445","local_time":"20190128132948","is_ascension_mode":true,"campfire_choices":[{"data":"Loop","floor":6,"key":"SMITH"},{"data":"Dualcast","floor":12,"key":"SMITH"},{"data":"Biased Cognition","floor":15,"key":"SMITH"}],"neow_cost":"TEN_PERCENT_HP_LOSS","seed_source_timestamp":1620690352435258,"circlet_count":0,"master_deck":["AscendersBane","Strike_B+1","Defend_B","Defend_B","Defend_B","Zap+1","Dualcast+1","Echo Form","Self Repair","Loop+1","Ball Lightning+1","Biased Cognition+1","Double Energy","Reboot","Creative AI","Turbo+1","Go for the Eyes+1","Core Surge+1","Sunder","Chill+1","Glacier"],"relics":["Cracked Core","Bronze Scales","Whetstone","Strawberry","Astrolabe","Red Mask"],"potions_floor_usage":[8,8,11,13,16,16,18],"damage_taken":[{"damage":0,"enemies":"2 Louse","floor":1,"turns":1},{"damage":1,"enemies":"Cultist","floor":3,"turns":3},{"damage":9,"enemies":"Jaw Worm","floor":4,"turns":3},{"damage":2,"enemies":"2 Fungi Beasts","floor":7,"turns":3},{"damage":25,"enemies":"3 Sentries","floor":8,"turns":4},{"damage":6,"enemies":"Looter","floor":10,"turns":2},{"damage":18,"enemies":"Lots of Slimes","floor":11,"turns":3},{"damage":8,"enemies":"Gremlin Nob","floor":13,"turns":3},{"damage":19,"enemies":"Exordium Wildlife","floor":14,"turns":3},{"damage":11,"enemies":"The Guardian","floor":16,"turns":8},{"damage":31,"enemies":"Shell Parasite","floor":18,"turns":5},{"damage":6,"enemies":"3 Byrds","floor":19,"turns":3},{"damage":32,"enemies":"Masked Bandits","floor":20,"turns":5},{"damage":19,"enemies":"3 Cultists","floor":21,"turns":4}],"seed_played":"-2714562431755446607","potions_obtained":[{"floor":1,"key":"LiquidBronze"},{"floor":8,"key":"PowerPotion"},{"floor":10,"key":"PowerPotion"},{"floor":11,"key":"SpeedPotion"},{"floor":14,"key":"Poison Potion"},{"floor":16,"key":"SkillPotion"}],"is_trial":false,"path_per_floor":["M","?","M","M","$","R","M","E","T","M","M","R","E","M","R","B",null,"M","M","?","M"],"character_chosen":"DEFECT","items_purchased":["Block Potion"],"campfire_rested":0,"item_purchase_floors":[5],"current_hp_per_floor":[64,64,64,62,62,62,64,53,53,47,43,43,49,37,37,33,62,38,39,14,0],"gold":292,"neow_bonus":"THREE_RARE_CARDS","is_prod":false,"is_daily":false,"chose_seed":false,"campfire_upgraded":3,"win_rate":0,"timestamp":1548678588,"path_taken":["M","?","M","M","?","R","?","E","T","M","M","R","E","M","R","BOSS","M","M","?","M"],"build_version":"2019-01-23","purchased_purges":1,"victory":false,"max_hp_per_floor":[64,64,64,64,64,64,64,64,64,64,64,64,71,71,71,71,71,71,71,71,71],"card_choices":[{"not_picked":["Biased Cognition","Creative AI"],"picked":"Echo Form","floor":0},{"not_picked":["Reprogram","Beam Cell"],"picked":"Self Repair","floor":1},{"not_picked":["Beam Cell","Conserve Battery"],"picked":"Loop","floor":3},{"not_picked":["Capacitor","Consume"],"picked":"Ball Lightning","floor":4},{"not_picked":["Streamline","Leap"],"picked":"Biased Cognition","floor":7},{"not_picked":["Redo","Self Repair","Gash"],"picked":"SKIP","floor":8},{"not_picked":["Conserve Battery","Hello World"],"picked":"Double Energy","floor":10},{"not_picked":["Conserve Battery","Doom and Gloom","Self Repair"],"picked":"SKIP","floor":11},{"not_picked":["Steam","Self Repair","Darkness"],"picked":"SKIP","floor":13},{"not_picked":["Compile Driver","Lockon"],"picked":"Reboot","floor":14},{"not_picked":["Amplify","Multi-Cast"],"picked":"Creative AI","floor":16},{"not_picked":["Gash+1","Self Repair"],"picked":"Sunder","floor":18},{"not_picked":["Melter","Lockon"],"picked":"Chill+1","floor":19},{"not_picked":["Redo+1","Sunder"],"picked":"Glacier","floor":20}],"player_experience":961018,"relics_obtained":[{"floor":8,"key":"Bronze Scales"},{"floor":9,"key":"Whetstone"},{"floor":13,"key":"Strawberry"},{"floor":20,"key":"Red Mask"}],"event_choices":[{"damage_healed":0,"gold_gain":0,"player_choice":"Upgraded","damage_taken":0,"max_hp_gain":0,"max_hp_loss":0,"event_name":"Upgrade Shrine","floor":2,"gold_loss":0,"cards_upgraded":["Zap"]},{"damage_healed":0,"gold_gain":0,"player_choice":"Fought Bandits","damage_taken":0,"max_hp_gain":0,"max_hp_loss":0,"event_name":"Masked Bandits","floor":20,"gold_loss":0}],"is_beta":false,"boss_relics":[{"not_picked":["Velvet Choker","Sozu"],"picked":"Astrolabe"}],"items_purged_floors":[5],"is_endless":false,"potions_floor_spawned":[1,8,10,11,14,16],"killed_by":"3 Cultists","ascension_level":20}