{"gold_per_floor":[114,114,114,139,158,186,186,242,295,305,305,275,275,286,286,286],"floor_reached":16,"playtime":1053,"items_purged":[],"score":98,"play_id":"e9c9f4c0-8750-49bd-992f-47fedcacf2a5","local_time":"20181022213403","is_ascension_mode":false,"campfire_choices":[{"data":"Neutralize","floor":7,"key":"SMITH"},{"data":"Backflip","floor":11,"key":"SMITH"},{"data":"Cloak And Dagger","floor":15,"key":"SMITH"}],"neow_cost":"NONE","seed_source_timestamp":72547611363240,"circlet_count":0,"master_deck":["Defend_G","Defend_G","Defend_G","Defend_G","Defend_G","Strike_G","Strike_G","Strike_G","Survivor","Neutralize+1","Flying Knee","Backflip+1","Prepared","PiercingWail","Underhanded Strike","Decay","Cloak And Dagger+1"],"relics":["Ring of the Snake","PreservedInsect","Bag of Preparation","Bottled Flame","Ornamental Fan","Happy Flower"],"potions_floor_usage":[16],"damage_taken":[{"damage":0,"enemies":"2 Louse","floor":1,"turns":3},{"damage":0,"enemies":"Jaw Worm","floor":5,"turns":4},{"damage":28,"enemies":"Lagavulin","floor":6,"turns":8},{"damage":9,"enemies":"3 Sentries","floor":8,"turns":10},{"damage":0,"enemies":"Small Slimes","floor":10,"turns":2},{"damage":0,"enemies":"Looter","floor":12,"turns":4},{"damage":0,"enemies":"Large Slime","floor":14,"turns":6},{"damage":27,"enemies":"Slime Boss","floor":16,"turns":10}],"seed_played":"-313068731791924428","potions_obtained":[{"floor":5,"key":"SpeedPotion"},{"floor":6,"key":"Weak Potion"},{"floor":8,"key":"Energy Potion"},{"floor":14,"key":"Dexterity Potion"}],"is_trial":false,"path_per_floor":["M","?","?","T","M","E","R","?","T","M","R","M","?","M","R"],"character_chosen":"THE_SILENT","items_purchased":[],"campfire_rested":0,"item_purchase_floors":[],"current_hp_per_floor":[70,70,63,63,63,35,35,26,26,26,26,26,26,26,26,0],"gold":286,"neow_bonus":"RANDOM_COMMON_RELIC","is_prod":false,"is_daily":false,"chose_seed":false,"campfire_upgraded":3,"win_rate":0,"timestamp":1540258443,"path_taken":["M","?","?","?","M","E","R","?","T","?","R","M","?","M","R","BOSS"],"build_version":"2018-10-18","purchased_purges":0,"victory":false,"max_hp_per_floor":[70,70,70,70,70,70,70,70,70,70,70,70,70,70,70,70],"card_choices":[{"not_picked":["Outmaneuver","Tactician"],"picked":"Flying Knee","floor":1},{"not_picked":["Backstab","Blur","Well Laid Plans"],"picked":"SKIP","floor":5},{"not_picked":["Noxious Fumes","Riddle With Holes"],"picked":"Backflip","floor":6},{"not_picked":["Catalyst","Flying Knee"],"picked":"Prepared","floor":8},{"not_picked":["Dagger Throw","Dodge and Roll"],"picked":"PiercingWail","floor":10},{"not_picked":["Deflect","Poisoned Stab"],"picked":"Underhanded Strike","floor":12},{"not_picked":["Sucker Punch","Tools of the Trade"],"picked":"Cloak And Dagger","floor":14}],"player_experience":225697,"relics_obtained":[{"floor":4,"key":"Bag of Preparation"},{"floor":6,"key":"Bottled Flame"},{"floor":8,"key":"Ornamental Fan"},{"floor":9,"key":"Happy Flower"}],"event_choices":[{"cards_removed":["Strike_G"],"damage_healed":0,"gold_gain":0,"player_choice":"Forget","damage_taken":0,"max_hp_gain":0,"max_hp_loss":0,"event_name":"Living Wall","floor":2,"gold_loss":0},{"cards_removed":["Strike_G"],"damage_healed":0,"gold_gain":0,"player_choice":"Card Removal","damage_taken":7,"max_hp_gain":0,"max_hp_loss":0,"event_name":"Golden Wing","floor":3,"gold_loss":0},{"damage_healed":0,"gold_gain":0,"player_choice":"Searched \u00271\u0027 times","damage_taken":0,"max_hp_gain":0,"max_hp_loss":0,"event_name":"Dead Adventurer","floor":8,"gold_loss":0},{"damage_healed":0,"gold_gain":0,"player_choice":"Cursed","damage_taken":0,"max_hp_gain":0,"max_hp_loss":0,"event_name":"Wheel of Change","floor":13,"gold_loss":0,"cards_obtained":["Decay"]}],"is_beta":false,"boss_relics":[],"items_purged_floors":[],"is_endless":false,"potions_floor_spawned":[5,6,8,14],"killed_by":"Slime Boss","ascension_level":0}