{"gold_per_floor":[118,133,308,320,337,337,364,364,442,442,442,442],"floor_reached":12,"playtime":278,"items_purged":[],"score":82,"play_id":"e0efd1e8-ac13-4225-b695-8c65b272c08a","local_time":"20190213122352","is_ascension_mode":true,"campfire_choices":[{"data":"Zap","floor":6.0,"key":"SMITH"},{"data":"Dualcast","floor":8.0,"key":"SMITH"},{"data":"Rainbow","floor":10.0,"key":"SMITH"},{"data":"Ball Lightning","floor":11.0,"key":"SMITH"}],"neow_cost":"NONE","seed_source_timestamp":0,"circlet_count":0,"master_deck":["Strike_B","Strike_B","Strike_B","Strike_B","Defend_B","Defend_B","Defend_B","Defend_B","Zap+1","Dualcast+1","Ball Lightning+1","Doubt","Rainbow+1"],"special_seed":0,"relics":["Inserter","WingedGreaves","Shuriken"],"potions_floor_usage":[],"damage_taken":[{"damage":0.0,"enemies":"Small Slimes","floor":1.0,"turns":3.0},{"damage":1.0,"enemies":"2 Louse","floor":2.0,"turns":3.0},{"damage":6.0,"enemies":"Jaw Worm","floor":4.0,"turns":3.0},{"damage":10.0,"enemies":"Exordium Wildlife","floor":5.0,"turns":4.0},{"damage":15.0,"enemies":"Lagavulin","floor":7.0,"turns":6.0},{"damage":60,"enemies":"Gremlin Nob","floor":12,"turns":4}],"seed_played":"-2267466062874172785","potions_obtained":[{"floor":2.0,"key":"SpeedPotion"},{"floor":4.0,"key":"EssenceOfSteel"}],"is_trial":false,"path_per_floor":["M","M","?","M","M","R","E","R","T","R","R","E"],"character_chosen":"DEFECT","items_purchased":[],"campfire_rested":0,"item_purchase_floors":[],"current_hp_per_floor":[75,74,74,68,58,58,43,43,43,43,43,0],"gold":442,"neow_bonus":"BOSS_RELIC","is_prod":false,"is_daily":false,"chose_seed":false,"campfire_upgraded":4,"win_rate":0,"timestamp":1550057032,"path_taken":["M","M","?","M","M","R","E","R","T","R","R","E"],"build_version":"2019-01-23","purchased_purges":0,"victory":false,"max_hp_per_floor":[75,75,75,75,75,75,75,75,75,75,75,75],"card_choices":[{"not_picked":["Stack","Coolheaded","Steam Power"],"picked":"SKIP","floor":1.0},{"not_picked":["Cold Snap","Blizzard"],"picked":"Ball Lightning","floor":2.0},{"not_picked":["Rip and Tear","Streamline","Compile Driver"],"picked":"SKIP","floor":4.0},{"not_picked":["Barrage","Hologram","Melter"],"picked":"SKIP","floor":5.0},{"not_picked":["Ball Lightning","Sweeping Beam"],"picked":"Rainbow","floor":7.0}],"player_experience":1062946,"relics_obtained":[{"floor":7.0,"key":"WingedGreaves"},{"floor":9.0,"key":"Shuriken"}],"event_choices":[{"damage_healed":0.0,"max_hp_gain":0.0,"max_hp_loss":0.0,"gold_gain":175.0,"event_name":"Liars Game","player_choice":"AGREE","floor":3.0,"gold_loss":0.0,"damage_taken":0.0,"cards_obtained":["Doubt"]}],"is_beta":false,"boss_relics":[],"items_purged_floors":[],"is_endless":false,"potions_floor_spawned":[2,4],"killed_by":"Gremlin Nob","ascension_level":1}