{"gold_per_floor":[112,62,77,77,77,77,108,35,35,66,83,101,101,101,101,198,198,217,217,25,45,76,76],"floor_reached":23,"playtime":851,"items_purged":[],"score":232,"play_id":"3243d632-9277-40a6-b689-a2377b5afef8","local_time":"20190219002044","is_ascension_mode":true,"campfire_choices":[{"data":"Cloak And Dagger","floor":6,"key":"SMITH"},{"data":"Skewer","floor":13,"key":"SMITH"},{"data":"Noxious Fumes","floor":15,"key":"SMITH"}],"neow_cost":"NONE","seed_source_timestamp":273549342497230,"circlet_count":0,"master_deck":["Defend_G","Defend_G+1","Defend_G","Defend_G+1","Strike_G","Strike_G+1","Strike_G+1","Strike_G","Strike_G+1","Survivor","Neutralize","Backflip+1","Cloak And Dagger+1","Terror","Noxious Fumes+1","Blade Dance","Skewer+1","Burst","Masterful Stab"],"relics":["Ring of the Snake","War Paint","Mango","Bottled Flame","Whetstone","White Beast Statue","Membership Card","Red Mask"],"potions_floor_usage":[7,22,23],"damage_taken":[{"damage":0,"enemies":"2 Louse","floor":1,"turns":3},{"damage":0,"enemies":"Small Slimes","floor":3,"turns":4},{"damage":30,"enemies":"Lagavulin","floor":7,"turns":10},{"damage":18,"enemies":"3 Sentries","floor":10,"turns":9},{"damage":0,"enemies":"Jaw Worm","floor":11,"turns":2},{"damage":0,"enemies":"3 Louse","floor":12,"turns":4},{"damage":7,"enemies":"Hexaghost","floor":16,"turns":11},{"damage":9,"enemies":"3 Byrds","floor":18,"turns":5},{"damage":0,"enemies":"Chosen","floor":21,"turns":4},{"damage":51,"enemies":"Masked Bandits","floor":22,"turns":6},{"damage":0,"enemies":"Gremlin Leader","floor":23,"turns":4}],"seed_played":"5217296758025980562","potions_obtained":[{"floor":3,"key":"GhostInAJar"},{"floor":10,"key":"GhostInAJar"},{"floor":12,"key":"PowerPotion"},{"floor":18,"key":"Poison Potion"},{"floor":21,"key":"Energy Potion"},{"floor":22,"key":"SteroidPotion"}],"is_trial":false,"path_per_floor":["M","?","M","?","?","R","E","$","T","E","M","M","R","?","R","B",null,"M","?","$","M","?","E"],"character_chosen":"THE_SILENT","items_purchased":["Terror","Membership Card"],"campfire_rested":0,"item_purchase_floors":[8,20],"current_hp_per_floor":[70,70,70,56,61,61,45,45,45,27,27,27,27,27,27,20,89,80,63,63,63,12,12],"gold":76,"neow_bonus":"RANDOM_COMMON_RELIC","is_prod":false,"is_daily":false,"chose_seed":false,"campfire_upgraded":3,"win_rate":0,"timestamp":1550532044,"path_taken":["M","?","M","?","?","R","E","$","T","E","?","M","R","?","R","BOSS","M","?","$","M","?","E"],"build_version":"2019-01-23","purchased_purges":0,"victory":false,"max_hp_per_floor":[70,70,70,70,75,75,89,89,89,89,89,89,89,89,89,89,89,89,94,94,94,94,94],"card_choices":[{"not_picked":["Dagger Spray","PiercingWail"],"picked":"Backflip","floor":1},{"not_picked":["Infinite Blades","Accuracy"],"picked":"Cloak And Dagger","floor":3},{"not_picked":["Backflip","Slice","Deflect"],"picked":"SKIP","floor":7},{"not_picked":["Backflip","Flechettes"],"picked":"Noxious Fumes","floor":10},{"not_picked":["Underhanded Strike","Distraction"],"picked":"Blade Dance","floor":11},{"not_picked":["Accuracy","Bane"],"picked":"Skewer","floor":12},{"not_picked":["Bullet Time","After Image"],"picked":"Burst","floor":16},{"not_picked":["Deflect","Bane+1","Reflex"],"picked":"SKIP","floor":18},{"not_picked":["Flechettes","Deadly Poison","Dagger Throw"],"picked":"SKIP","floor":21},{"not_picked":["Poisoned Stab","Sucker Punch"],"picked":"Masterful Stab","floor":22}],"player_experience":1106323,"relics_obtained":[{"floor":7,"key":"Mango"},{"floor":9,"key":"Bottled Flame"},{"floor":10,"key":"Whetstone"},{"floor":22,"key":"Red Mask"}],"event_choices":[{"cards_removed":["Defend_G"],"damage_healed":0,"gold_gain":0,"player_choice":"Card Removal","damage_taken":0,"max_hp_gain":0,"max_hp_loss":0,"event_name":"The Cleric","floor":2,"gold_loss":50},{"damage_healed":0,"gold_gain":0,"player_choice":"Entered Light","damage_taken":14,"max_hp_gain":0,"max_hp_loss":0,"event_name":"Shining Light","floor":4,"gold_loss":0,"cards_upgraded":["Strike_G","Backflip"]},{"damage_healed":0,"gold_gain":0,"player_choice":"Donut","damage_taken":0,"max_hp_gain":5,"max_hp_loss":0,"event_name":"Big Fish","floor":5,"gold_loss":0},{"damage_healed":0,"gold_gain":0,"player_choice":"Ignored","damage_taken":0,"max_hp_gain":0,"max_hp_loss":0,"event_name":"Liars Game","floor":14,"gold_loss":0},{"damage_healed":0,"gold_gain":0,"player_choice":"Shed Blood","damage_taken":22,"max_hp_gain":5,"max_hp_loss":0,"event_name":"Forgotten Altar","floor":19,"gold_loss":0},{"damage_healed":0,"gold_gain":0,"player_choice":"Fought Bandits","damage_taken":0,"max_hp_gain":0,"max_hp_loss":0,"event_name":"Masked Bandits","floor":22,"gold_loss":0}],"is_beta":false,"boss_relics":[{"not_picked":["Lizard Tail","Fusion Hammer"],"picked":"White Beast Statue"}],"items_purged_floors":[],"is_endless":false,"potions_floor_spawned":[3,10,12,18,21,22],"killed_by":"Gremlin Leader","ascension_level":1}