{"gold_per_floor":[110,110,110,110,125,158,158,158,235,270,301,313,325,119,119,245,245,264,277,277,301,324,367,367,367,367,381,381,381],"floor_reached":29,"playtime":1279,"items_purged":[],"score":276,"play_id":"e81cabef-92dc-490e-bedf-e3f4f481f0b9","local_time":"20190113093019","is_ascension_mode":false,"campfire_choices":[{"data":"Perfected Strike","floor":12,"key":"SMITH"},{"data":"Perfected Strike","floor":15,"key":"SMITH"},{"floor":24,"key":"REST"}],"neow_cost":"NONE","seed_source_timestamp":223223029884627,"circlet_count":0,"master_deck":["Strike_R+1","Strike_R+1","Strike_R+1","Strike_R+1","Strike_R+1","Defend_R+1","Defend_R+1","Defend_R+1","Defend_R+1","Bash","Pommel Strike","Perfected Strike+1","Perfected Strike+1","Twin Strike","Double Tap","Juggernaut","Cleave+1","Clash","Swift Strike","Flame Barrier","Twin Strike","Twin Strike","Pommel Strike"],"relics":["Burning Blood","NeowsBlessing","Blood Vial","Pear","MawBank","Golden Idol","War Paint","Lizard Tail","Charon\u0027s Ashes","Gremlin Horn"],"potions_floor_usage":[16,21,22,23,23],"damage_taken":[{"damage":0,"enemies":"Jaw Worm","floor":1,"turns":1},{"damage":0,"enemies":"2 Louse","floor":5,"turns":1},{"damage":0,"enemies":"Gremlin Nob","floor":6,"turns":1},{"damage":20,"enemies":"3 Sentries","floor":10,"turns":6},{"damage":0,"enemies":"Small Slimes","floor":11,"turns":2},{"damage":44,"enemies":"The Guardian","floor":16,"turns":7},{"damage":10,"enemies":"Spheric Guardian","floor":18,"turns":3},{"damage":37,"enemies":"Shell Parasite","floor":19,"turns":4},{"damage":18,"enemies":"Snake Plant","floor":21,"turns":4},{"damage":36,"enemies":"Centurion and Healer","floor":22,"turns":5},{"damage":51,"enemies":"Slavers","floor":23,"turns":5},{"damage":30,"enemies":"Shelled Parasite and Fungi","floor":27,"turns":6},{"damage":21,"enemies":"Snake Plant","floor":29,"turns":1}],"seed_played":"-8075347139366795062","potions_obtained":[{"floor":1,"key":"Poison Potion"},{"floor":11,"key":"LiquidBronze"},{"floor":16,"key":"SkillPotion"},{"floor":18,"key":"SpeedPotion"},{"floor":21,"key":"Strength Potion"},{"floor":22,"key":"Energy Potion"},{"floor":27,"key":"Poison Potion"}],"is_trial":false,"path_per_floor":["M","?","?","$","M","E","?","?","T","E","M","R","?","$","R","B",null,"M","M","?","M","M","E","R","?","T","M","?","M"],"character_chosen":"IRONCLAD","items_purchased":["Double Tap","War Paint"],"campfire_rested":1,"item_purchase_floors":[14,14],"current_hp_per_floor":[80,64,64,64,70,76,76,76,86,74,82,82,60,60,60,24,90,86,57,39,29,51,8,35,35,35,13,13,0],"gold":381,"neow_bonus":"THREE_ENEMY_KILL","is_prod":false,"is_daily":false,"chose_seed":false,"campfire_upgraded":2,"win_rate":0.0,"timestamp":1547332219,"path_taken":["M","?","?","$","M","E","?","?","T","E","M","R","?","?","R","BOSS","M","M","?","M","?","E","R","?","T","?","?","M"],"build_version":"2019-01-10","purchased_purges":0,"victory":false,"max_hp_per_floor":[80,80,80,80,80,80,80,80,90,90,90,90,90,90,90,90,90,90,90,90,90,90,90,90,90,90,90,90,90],"card_choices":[{"not_picked":["Dual Wield","Power Through"],"picked":"Pommel Strike","floor":1},{"not_picked":["Flex","Evolve"],"picked":"Perfected Strike","floor":5},{"not_picked":["True Grit","Rampage"],"picked":"Perfected Strike","floor":6},{"not_picked":["Armaments","Body Slam"],"picked":"Twin Strike","floor":10},{"not_picked":["Burning Pact","Wild Strike"],"picked":"Searing Blow","floor":11},{"not_picked":["Bludgeon","Limit Break"],"picked":"Juggernaut","floor":16},{"not_picked":["Corruption","Perfected Strike"],"picked":"Cleave+1","floor":18},{"not_picked":["Anger","Juggernaut"],"picked":"Clash","floor":19},{"not_picked":["Feel No Pain+1","Carnage"],"picked":"Flame Barrier","floor":21},{"not_picked":["Wild Strike","Clothesline+1"],"picked":"Twin Strike","floor":22},{"not_picked":["Hemokinesis+1","Entrench"],"picked":"Twin Strike","floor":23},{"not_picked":["Shockwave","Perfected Strike"],"picked":"Pommel Strike","floor":27}],"player_experience":28961,"relics_obtained":[{"floor":6,"key":"Blood Vial"},{"floor":9,"key":"Pear"},{"floor":10,"key":"MawBank"},{"floor":23,"key":"Charon\u0027s Ashes"},{"floor":26,"key":"Gremlin Horn"}],"event_choices":[{"damage_healed":0,"gold_gain":0,"player_choice":"Entered Light","damage_taken":16,"max_hp_gain":0,"max_hp_loss":0,"event_name":"Shining Light","floor":2,"gold_loss":0,"cards_upgraded":["Strike_R","Defend_R"]},{"damage_healed":0,"gold_gain":0,"player_choice":"Ignored","damage_taken":0,"max_hp_gain":0,"max_hp_loss":0,"event_name":"Golden Wing","floor":3,"gold_loss":0},{"damage_healed":0,"gold_gain":0,"player_choice":"Leave","damage_taken":0,"max_hp_gain":0,"max_hp_loss":0,"event_name":"The Cleric","floor":7,"gold_loss":0},{"damage_healed":0,"gold_gain":0,"player_choice":"Ignored","damage_taken":0,"max_hp_gain":0,"max_hp_loss":0,"event_name":"Liars Game","floor":8,"gold_loss":0},{"damage_healed":0,"gold_gain":0,"player_choice":"Take Damage","damage_taken":22,"relics_obtained":["Golden Idol"],"max_hp_gain":0,"max_hp_loss":0,"event_name":"Golden Idol","floor":13,"gold_loss":0},{"damage_healed":0,"gold_gain":0,"player_choice":"CARD ","damage_taken":18,"max_hp_gain":0,"max_hp_loss":0,"event_name":"Knowing Skull","floor":20,"potions_obtained":[],"gold_loss":0,"cards_obtained":["Swift Strike"]},{"cards_removed":["Searing Blow"],"damage_healed":0,"gold_gain":0,"player_choice":"Purged","damage_taken":0,"max_hp_gain":0,"max_hp_loss":0,"event_name":"Purifier","floor":25,"gold_loss":0},{"damage_healed":0,"gold_gain":0,"player_choice":"Simplicity","damage_taken":0,"max_hp_gain":0,"max_hp_loss":0,"event_name":"Back to Basics","floor":28,"gold_loss":0,"cards_upgraded":["Strike_R","Strike_R","Strike_R","Strike_R","Defend_R"]}],"is_beta":false,"boss_relics":[{"not_picked":["White Beast Statue","Velvet Choker"],"picked":"Lizard Tail"}],"items_purged_floors":[],"is_endless":false,"potions_floor_spawned":[1,11,16,18,21,22,27],"killed_by":"Snake Plant","ascension_level":0}