{"gold_per_floor":[111,126,126,51,69,69,102,152,152,152],"floor_reached":10,"playtime":359,"items_purged":["Strike_R"],"score":129,"play_id":"12f93fa4-b084-4bf6-ae2e-e2bbfcab4135","local_time":"20190123232816","is_ascension_mode":true,"campfire_choices":[{"data":"Feed","floor":6.0,"key":"SMITH"}],"neow_cost":"PERCENT_DAMAGE","seed_source_timestamp":1225425400498789,"circlet_count":0,"master_deck":["AscendersBane","Strike_R","Strike_R","Strike_R","Strike_R","Defend_R","Defend_R","Defend_R","Defend_R","Bash","Feed+1","Whirlwind","Metallicize","Flame Barrier"],"special_seed":0,"relics":["Burning Blood","Paper Frog","Bag of Preparation","Toxic Egg 2"],"potions_floor_usage":[10],"damage_taken":[{"damage":8.0,"enemies":"Cultist","floor":1.0,"turns":5.0},{"damage":4.0,"enemies":"2 Louse","floor":2.0,"turns":4.0},{"damage":4.0,"enemies":"Jaw Worm","floor":5.0,"turns":5.0},{"damage":50,"enemies":"Gremlin Nob","floor":7,"turns":5},{"damage":24,"enemies":"Lagavulin","floor":10,"turns":7}],"seed_played":"-5446853940767176327","potions_obtained":[{"floor":1.0,"key":"SpeedPotion"},{"floor":2.0,"key":"Fruit Juice"},{"floor":7,"key":"Energy Potion"}],"is_trial":false,"path_per_floor":["M","M","?","$","M","R","E","?","T","E"],"character_chosen":"IRONCLAD","items_purchased":[],"campfire_rested":0,"item_purchase_floors":[],"current_hp_per_floor":[51,61,50,50,55,55,11,11,11,0],"gold":152,"neow_bonus":"THREE_RARE_CARDS","is_prod":false,"is_daily":false,"chose_seed":false,"campfire_upgraded":1,"win_rate":0,"timestamp":1548282496,"path_taken":["M","M","?","$","M","R","E","?","T","E"],"build_version":"2019-01-23","purchased_purges":1,"victory":false,"max_hp_per_floor":[78,86,86,86,89,89,89,89,89,89],"card_choices":[{"not_picked":["Fiend Fire","Bludgeon"],"picked":"Feed","floor":0.0},{"not_picked":["Cleave","Shrug It Off"],"picked":"Whirlwind","floor":1.0},{"not_picked":["Combust","Heavy Blade"],"picked":"Metallicize","floor":2.0},{"not_picked":["Sentinel","Clash","Anger"],"picked":"SKIP","floor":5.0},{"not_picked":["Whirlwind","Berserk"],"picked":"Flame Barrier","floor":7}],"player_experience":925915,"relics_obtained":[{"floor":7,"key":"Bag of Preparation"},{"floor":9,"key":"Toxic Egg 2"}],"event_choices":[{"damage_healed":0.0,"max_hp_gain":0.0,"max_hp_loss":0.0,"gold_gain":0.0,"event_name":"Scrap Ooze","player_choice":"Success","floor":3.0,"gold_loss":0.0,"damage_taken":11.0,"relics_obtained":["Paper Frog"]},{"damage_healed":0,"gold_gain":50,"player_choice":"Pray","damage_taken":0,"max_hp_gain":0,"max_hp_loss":0,"event_name":"Golden Shrine","floor":8,"gold_loss":0}],"is_beta":false,"boss_relics":[],"items_purged_floors":[4],"is_endless":false,"potions_floor_spawned":[1,2,7],"killed_by":"Lagavulin","ascension_level":19}