{"gold_per_floor":[118,118,293,310,330,356,356,356,438,463,463],"floor_reached":11,"playtime":4055,"items_purged":[],"score":80,"play_id":"b72018b6-987a-4a19-9111-7711b1fe1e04","local_time":"20180726233819","is_ascension_mode":true,"campfire_choices":[{"floor":8.0,"key":"REST"}],"neow_cost":"NONE","seed_source_timestamp":682891369448146,"circlet_count":0,"master_deck":["Defend_G","Defend_G","Defend_G","Defend_G","Defend_G","Strike_G","Strike_G","Strike_G","Strike_G","Strike_G","Survivor","Neutralize","Quick Slash","Endless Agony","Doubt","Accuracy","Caltrops","Flying Knee","Accuracy"],"special_seed":0,"relics":["Ring of the Snake","Anchor","Golden Idol","Pear"],"potions_floor_usage":[11],"damage_taken":[{"damage":4.0,"enemies":"2 Louse","floor":1.0,"turns":2.0},{"damage":4.0,"enemies":"Jaw Worm","floor":4.0,"turns":5.0},{"damage":2.0,"enemies":"Small Slimes","floor":5.0,"turns":4.0},{"damage":33.0,"enemies":"3 Sentries","floor":6.0,"turns":8.0},{"damage":10.0,"enemies":"Exordium Wildlife","floor":10.0,"turns":8.0},{"damage":34,"enemies":"Lagavulin","floor":11,"turns":9}],"seed_played":"3612322976105220354","potions_obtained":[{"floor":1.0,"key":"Explosive Potion"},{"floor":6.0,"key":"Ancient Potion"}],"is_trial":false,"path_per_floor":["M","?","?","M","M","E","?","R","T","M"],"character_chosen":"THE_SILENT","items_purchased":[],"campfire_rested":1,"item_purchase_floors":[],"current_hp_per_floor":[66,66,66,62,60,27,10,31,41,31,0],"gold":463,"neow_bonus":"ONE_RANDOM_RARE_CARD","is_prod":false,"is_daily":false,"chose_seed":false,"campfire_upgraded":0,"win_rate":0,"timestamp":1532662699,"path_taken":["M","?","?","M","M","E","?","R","T","M","E"],"build_version":"2018-07-26","purchased_purges":0,"victory":false,"max_hp_per_floor":[70,70,70,70,70,70,70,70,80,80,80],"card_choices":[{"not_picked":["Expertise","Underhanded Strike"],"picked":"Quick Slash","floor":1.0},{"not_picked":["Calculated Gamble","PiercingWail"],"picked":"Accuracy","floor":4.0},{"not_picked":["Dodge and Roll","Tactician"],"picked":"Caltrops","floor":5.0},{"not_picked":["Tactician","Reflex"],"picked":"Flying Knee","floor":6.0},{"not_picked":["Dodge and Roll","Escape Plan"],"picked":"Accuracy","floor":10.0}],"player_experience":177103,"relics_obtained":[{"floor":6.0,"key":"Anchor"},{"floor":9.0,"key":"Pear"}],"event_choices":[{"event_name":"Living Wall","player_choice":"Change","floor":2.0,"damage_taken":0.0},{"event_name":"Liars Game","player_choice":"agreed","floor":3.0,"damage_taken":0.0},{"event_name":"Golden Idol","player_choice":"Take Damage","floor":7.0,"damage_taken":0.0}],"is_beta":false,"boss_relics":[],"items_purged_floors":[],"is_endless":false,"potions_floor_spawned":[1,6],"killed_by":"Lagavulin","ascension_level":2}