{"gold_per_floor":[109,109,120,138,158,158,191,191,191,466,86,86,98,131,131,227,227,237,257,269,269,279,314,151,171,171,171,171,187,199,218,218,320,320,338,613,627,470,488,488,488,20,46,46,146,146,146],"floor_reached":47,"playtime":4834,"items_purged":["Regret","Strike_B","Writhe"],"score":619,"play_id":"d1f4de3c-1516-405a-b763-1dafed600841","local_time":"20190216231218","is_ascension_mode":true,"campfire_choices":[{"data":"Genetic Algorithm","floor":6.0,"key":"SMITH"},{"data":"Zap","floor":8.0,"key":"SMITH"},{"data":"Sweeping Beam","floor":12.0,"key":"SMITH"},{"floor":15.0,"key":"REST"},{"floor":27.0,"key":"REST"},{"floor":32.0,"key":"REST"},{"floor":40.0,"key":"REST"},{"data":"Machine Learning","floor":44.0,"key":"SMITH"}],"neow_cost":"NONE","seed_source_timestamp":0,"circlet_count":0,"master_deck":["Defend_B+1","Defend_B","Defend_B","Zap+1","Dualcast","Sweeping Beam+1","Genetic Algorithm+1","Ball Lightning","Auto Shields+1","Machine Learning+1","Rip and Tear+1","Sweeping Beam+1","Steam+1","Rebound","Sunder","Beam Cell+1","Echo Form","Regret","FTL+1","Bandage Up"],"special_seed":0,"relics":["Cracked Core","Strawberry","Blue Candle","Thread and Needle","Pantograph","Astrolabe","Regal Pillow","MawBank","Bronze Scales","Empty Cage","HandDrill","Omamori","War Paint","Unceasing Top"],"potions_floor_usage":[47,47],"damage_taken":[{"damage":0.0,"enemies":"Small Slimes","floor":1.0,"turns":3.0},{"damage":2.0,"enemies":"Jaw Worm","floor":3.0,"turns":3.0},{"damage":0.0,"enemies":"Cultist","floor":4.0,"turns":3.0},{"damage":8.0,"enemies":"Red Slaver","floor":5.0,"turns":4.0},{"damage":10.0,"enemies":"3 Sentries","floor":7.0,"turns":6.0},{"damage":0.0,"enemies":"Looter","floor":13.0,"turns":3.0},{"damage":11.0,"enemies":"Lagavulin","floor":14.0,"turns":6.0},{"damage":15.0,"enemies":"Slime Boss","floor":16.0,"turns":8.0},{"damage":4.0,"enemies":"Shell Parasite","floor":18.0,"turns":4.0},{"damage":0.0,"enemies":"Spheric Guardian","floor":19.0,"turns":3.0},{"damage":9.0,"enemies":"Snake Plant","floor":20.0,"turns":5.0},{"damage":5.0,"enemies":"Snecko","floor":22.0,"turns":6.0},{"damage":51.0,"enemies":"Book of Stabbing","floor":23.0,"turns":6.0},{"damage":0.0,"enemies":"3 Cultists","floor":25.0,"turns":4.0},{"damage":27.0,"enemies":"Snake Plant","floor":29.0,"turns":3.0},{"damage":0.0,"enemies":"Chosen and Byrds","floor":30.0,"turns":4.0},{"damage":0.0,"enemies":"Snecko","floor":31.0,"turns":3.0},{"damage":71.0,"enemies":"Automaton","floor":33.0,"turns":10.0},{"damage":2.0,"enemies":"Orb Walker","floor":35.0,"turns":3.0},{"damage":30.0,"enemies":"3 Darklings","floor":37.0,"turns":5.0},{"damage":21.0,"enemies":"Sphere and 2 Shapes","floor":39.0,"turns":5.0},{"damage":25.0,"enemies":"Mind Bloom Boss Battle","floor":45.0,"turns":7.0},{"damage":109,"enemies":"Giant Head","floor":47,"turns":8}],"seed_played":"4631230916370072568","potions_obtained":[{"floor":0.0,"key":"LiquidBronze"},{"floor":0.0,"key":"SteroidPotion"},{"floor":0.0,"key":"PowerPotion"},{"floor":3.0,"key":"Swift Potion"},{"floor":7.0,"key":"GamblersBrew"},{"floor":18.0,"key":"Fruit Juice"},{"floor":23.0,"key":"FocusPotion"},{"floor":25.0,"key":"Poison Potion"},{"floor":29.0,"key":"Energy Potion"},{"floor":33.0,"key":"Block Potion"},{"floor":37.0,"key":"Poison Potion"}],"is_trial":false,"path_per_floor":["M","?","M","M","M","R","E","R","T","?","$","R","M","E","R","B",null,"M","M","M","?","M","E","$","M","T","R","?","M","M","M","R","B",null,"M","?","M","$","M","R","?","$","T","R","?","?","E"],"character_chosen":"DEFECT","items_purchased":["Thread and Needle","Sunder","Bandage Up","GamblersBrew","HandDrill","Omamori"],"campfire_rested":4,"item_purchase_floors":[11,24,38,38,42,42],"current_hp_per_floor":[68,61,59,59,51,51,48,48,48,48,48,48,48,37,61,67,78,74,74,65,65,60,9,9,9,9,48,48,26,26,26,67,16,69,67,67,37,37,20,61,83,83,83,83,66,66,0],"gold":146,"neow_bonus":"THREE_SMALL_POTIONS","is_prod":false,"is_daily":false,"chose_seed":false,"campfire_upgraded":4,"win_rate":0,"timestamp":1550376738,"path_taken":["M","?","M","M","M","R","E","R","T","?","$","R","M","E","R","BOSS","M","M","M","?","M","E","$","?","T","R","?","M","?","M","R","BOSS","M","?","M","$","?","R","?","$","T","R","?","?","E"],"build_version":"2019-01-23","purchased_purges":3,"victory":false,"max_hp_per_floor":[75,75,75,75,75,75,82,82,82,82,82,82,82,82,82,82,82,82,82,82,82,82,82,82,82,82,82,82,87,87,87,87,87,87,87,87,87,87,87,87,87,87,87,87,87,87,87],"card_choices":[{"not_picked":["Heatsinks","Scrape"],"picked":"Sweeping Beam","floor":1.0},{"not_picked":["Conserve Battery","Self Repair"],"picked":"Genetic Algorithm","floor":3.0},{"not_picked":["Barrage","Double Energy"],"picked":"Ball Lightning","floor":4.0},{"not_picked":["Blizzard","Redo"],"picked":"Auto Shields","floor":5.0},{"not_picked":["Steam Power","Chaos","Skim"],"picked":"SKIP","floor":7.0},{"not_picked":["Streamline","Steam Power","Hello World"],"picked":"SKIP","floor":13.0},{"not_picked":["Aggregate","Skim","Barrage"],"picked":"SKIP","floor":14.0},{"not_picked":["Meteor Strike","Multi-Cast"],"picked":"Machine Learning","floor":16.0},{"not_picked":["Stack","Static Discharge"],"picked":"Sweeping Beam+1","floor":18.0},{"not_picked":["Compile Driver","Sweeping Beam"],"picked":"Steam+1","floor":19.0},{"not_picked":["Stack","Sweeping Beam","Chaos"],"picked":"SKIP","floor":20.0},{"not_picked":["Cold Snap+1","Hologram"],"picked":"Rebound","floor":22.0},{"not_picked":["Coolheaded+1","Barrage","Static Discharge"],"picked":"SKIP","floor":23.0},{"not_picked":["Rebound","Auto Shields"],"picked":"Beam Cell+1","floor":25.0},{"not_picked":["Rebound","Doom and Gloom+1","Recycle"],"picked":"SKIP","floor":29.0},{"not_picked":["Capacitor","Hologram+1","Steam+1"],"picked":"SKIP","floor":30.0},{"not_picked":["Beam Cell+1","Leap","All For One"],"picked":"SKIP","floor":31.0},{"not_picked":["Machine Learning","All For One"],"picked":"Echo Form","floor":33.0},{"not_picked":["Beam Cell+1","Stack+1","Conserve Battery+1"],"picked":"SKIP","floor":35.0},{"not_picked":["Go for the Eyes","Leap+1"],"picked":"FTL+1","floor":37.0},{"not_picked":["Gash+1","Skim+1","Redo+1"],"picked":"SKIP","floor":39.0}],"player_experience":484950,"relics_obtained":[{"floor":7.0,"key":"Strawberry"},{"floor":9.0,"key":"Blue Candle"},{"floor":14.0,"key":"Pantograph"},{"floor":23.0,"key":"MawBank"},{"floor":26.0,"key":"Bronze Scales"},{"floor":43.0,"key":"War Paint"},{"floor":45.0,"key":"Unceasing Top"}],"event_choices":[{"cards_removed":["Strike_B"],"damage_healed":0.0,"max_hp_gain":0.0,"max_hp_loss":0.0,"gold_gain":0.0,"event_name":"Golden Wing","player_choice":"Card Removal","floor":2.0,"gold_loss":0.0,"damage_taken":7.0},{"damage_healed":0.0,"max_hp_gain":0.0,"max_hp_loss":0.0,"gold_gain":275.0,"event_name":"Golden Shrine","player_choice":"Desecrate","floor":10.0,"gold_loss":0.0,"damage_taken":0.0,"cards_obtained":["Regret"]},{"damage_healed":0.0,"max_hp_gain":0.0,"max_hp_loss":0.0,"gold_gain":0.0,"event_name":"WeMeetAgain","player_choice":"Gave Potion","floor":21.0,"gold_loss":0.0,"damage_taken":0.0,"relics_obtained":["Regal Pillow"]},{"damage_healed":0.0,"max_hp_gain":0.0,"max_hp_loss":0.0,"gold_gain":0.0,"event_name":"N\u0027loth","player_choice":"Ignored","floor":28.0,"gold_loss":0.0,"damage_taken":0.0},{"damage_healed":0.0,"max_hp_gain":0.0,"max_hp_loss":0.0,"gold_gain":275.0,"event_name":"Golden Shrine","player_choice":"Desecrate","floor":36.0,"gold_loss":0.0,"damage_taken":0.0,"cards_obtained":["Regret"]},{"damage_healed":22.0,"max_hp_gain":0.0,"max_hp_loss":0.0,"gold_gain":0.0,"event_name":"Winding Halls","player_choice":"Writhe","floor":41.0,"gold_loss":0.0,"damage_taken":0.0,"cards_obtained":["Writhe"]},{"damage_healed":0.0,"max_hp_gain":0.0,"max_hp_loss":0.0,"gold_gain":0.0,"event_name":"MindBloom","player_choice":"Fight","floor":45.0,"gold_loss":0.0,"damage_taken":0.0},{"damage_healed":0.0,"max_hp_gain":0.0,"max_hp_loss":0.0,"gold_gain":0.0,"event_name":"Mysterious Sphere","player_choice":"Ignored","floor":46.0,"gold_loss":0.0,"damage_taken":0.0}],"is_beta":false,"boss_relics":[{"not_picked":["Lizard Tail","Pandora\u0027s Box"],"picked":"Astrolabe"},{"not_picked":["Philosopher\u0027s Stone","Eternal Feather"],"picked":"Empty Cage"}],"items_purged_floors":[11,24,42],"is_endless":false,"potions_floor_spawned":[3,5,7,13,18,23,25,29,33,37],"killed_by":"Giant Head","ascension_level":6}