{"gold_per_floor":[118,68,88,88,98,98,131,104,127,140,140,154,154,172,172,301,301,322,338,361,380,380,380,411,411,434,165,165,264,264,66,66,189,189,205,205,205,105,105],"floor_reached":39,"playtime":2036,"items_purged":["Inflame","Writhe","Spot Weakness"],"score":459,"play_id":"b9c83128-37f8-493f-8761-899ad414bb7b","local_time":"20180802222100","is_ascension_mode":true,"campfire_choices":[{"data":"Armaments","floor":6,"key":"SMITH"},{"floor":15,"key":"REST"},{"floor":23,"key":"REST"},{"floor":30,"key":"REST"},{"floor":32,"key":"REST"}],"neow_cost":"NONE","seed_source_timestamp":156747097832053,"circlet_count":0,"master_deck":["Bash+1","Armaments+1","Carnage","Dropkick+1","Dropkick","Clash","Reckless Charge","Cleave","Armaments","Carnage","Wild Strike","Offering"],"relics":["Burning Blood","Centennial Puzzle","Juzu Bracelet","Potion Belt","Golden Idol","Pandora\u0027s Box","Mango","Art of War","Membership Card","Letter Opener","Lantern","Sozu"],"potions_floor_usage":[16,20,24,33,33,33,33],"damage_taken":[{"damage":7,"enemies":"Small Slimes","floor":1,"turns":4},{"damage":2,"enemies":"2 Louse","floor":3,"turns":4},{"damage":1,"enemies":"Cultist","floor":5,"turns":4},{"damage":32,"enemies":"Gremlin Nob","floor":7,"turns":5},{"damage":7,"enemies":"Exordium Thugs","floor":8,"turns":5},{"damage":8,"enemies":"Blue Slaver","floor":10,"turns":2},{"damage":6,"enemies":"Looter","floor":12,"turns":2},{"damage":15,"enemies":"Gremlin Gang","floor":14,"turns":5},{"damage":36,"enemies":"Slime Boss","floor":16,"turns":9},{"damage":17,"enemies":"2 Thieves","floor":18,"turns":3},{"damage":14,"enemies":"3 Byrds","floor":19,"turns":4},{"damage":29,"enemies":"Centurion and Healer","floor":20,"turns":5},{"damage":38,"enemies":"Snake Plant","floor":21,"turns":3},{"damage":44,"enemies":"Book of Stabbing","floor":24,"turns":4},{"damage":53,"enemies":"Collector","floor":33,"turns":8},{"damage":33,"enemies":"3 Darklings","floor":35,"turns":5},{"damage":83,"floor":39,"turns":4}],"seed_played":"2136093246020355513","potions_obtained":[{"floor":3,"key":"Ancient Potion"},{"floor":7,"key":"Dexterity Potion"},{"floor":10,"key":"SkillPotion"},{"floor":14,"key":"Regen Potion"},{"floor":20,"key":"GamblersBrew"},{"floor":21,"key":"GamblersBrew"},{"floor":24,"key":"AttackPotion"}],"is_trial":false,"path_per_floor":["M","?","M","?","M","R","E","M","T","M","?","M","?","M","R","B",null,"M","M","M","M","?","R","E","?","T","$","?","?","R","$","R","B",null,"M","?","?","$"],"character_chosen":"IRONCLAD","items_purchased":["Membership Card","Lantern"],"campfire_rested":4,"item_purchase_floors":[27,31],"current_hp_per_floor":[79,79,80,68,73,73,47,46,46,44,44,44,44,35,57,27,74,63,55,46,14,38,60,36,36,36,36,36,36,62,62,88,41,88,61,61,61,61,0],"gold":105,"neow_bonus":"TRANSFORM_CARD","is_prod":false,"is_daily":false,"chose_seed":false,"campfire_upgraded":1,"win_rate":0,"timestamp":1533262860,"path_taken":["M","?","?","?","?","R","E","M","T","M","?","M","?","M","R","BOSS","M","M","M","M","?","R","E","?","T","?","?","?","R","$","R","BOSS","M","?","?","$","?"],"build_version":"2018-07-26","purchased_purges":3,"victory":false,"max_hp_per_floor":[80,80,80,80,80,80,80,80,80,80,74,74,74,74,74,74,74,74,74,74,74,74,74,88,88,88,88,88,88,88,88,88,88,88,88,88,88,88,88],"card_choices":[{"not_picked":["Body Slam","Thunderclap"],"picked":"Armaments","floor":1},{"not_picked":["Thunderclap","Body Slam","Sentinel"],"picked":"SKIP","floor":3},{"not_picked":["Heavy Blade","Flex","Second Wind"],"picked":"SKIP","floor":5},{"not_picked":["Clash","True Grit"],"picked":"Carnage","floor":7},{"not_picked":["Headbutt","Bloodletting"],"picked":"Dropkick","floor":8},{"not_picked":["Flex","Rupture"],"picked":"Dropkick","floor":10},{"not_picked":["Dark Embrace","Heavy Blade","Wild Strike"],"picked":"SKIP","floor":12},{"not_picked":["Dropkick","Anger","True Grit"],"picked":"SKIP","floor":14},{"not_picked":["Body Slam","Headbutt","Twin Strike"],"picked":"SKIP","floor":18},{"not_picked":["Pummel","Headbutt+1","Searing Blow+1"],"picked":"SKIP","floor":19},{"not_picked":["Anger+1","Second Wind+1","Shockwave"],"picked":"SKIP","floor":20},{"not_picked":["Rupture","Disarm","Immolate"],"picked":"SKIP","floor":21},{"not_picked":["Uppercut","Flex","Body Slam"],"picked":"SKIP","floor":24},{"not_picked":["Juggernaut","Feed"],"picked":"Offering","floor":33},{"not_picked":["Metallicize+1","Carnage","Reckless Charge+1"],"picked":"SKIP","floor":35}],"player_experience":144695,"relics_obtained":[{"floor":7,"key":"Juzu Bracelet"},{"floor":9,"key":"Potion Belt"},{"floor":24,"key":"Mango"},{"floor":26,"key":"Art of War"}],"event_choices":[{"event_name":"The Cleric","player_choice":"Card Removal","floor":2,"damage_taken":0},{"event_name":"Scrap Ooze","player_choice":"success","floor":4,"damage_taken":12},{"event_name":"Golden Idol","player_choice":"Lose Max HP","floor":11,"damage_taken":0},{"event_name":"Accursed Blacksmith","player_choice":"Forge","floor":13,"damage_taken":0},{"event_name":"The Library","player_choice":"Heal","floor":22,"damage_taken":0},{"event_name":"Upgrade Shrine","player_choice":"Upgraded","floor":25,"damage_taken":0},{"event_name":"The Mausoleum","player_choice":"Yes","floor":28,"damage_taken":0},{"event_name":"Nest","player_choice":"Stole From Cult","floor":29,"damage_taken":0},{"event_name":"Tomb of Lord Red Mask","player_choice":"Ignored","floor":36,"damage_taken":0},{"event_name":"The Woman in Blue","player_choice":"Bought 0 Potions","floor":37,"damage_taken":0},{"event_name":"Mysterious Sphere","player_choice":"Fight","floor":39,"damage_taken":0}],"is_beta":false,"boss_relics":[{"not_picked":["Calling Bell","Velvet Choker"],"picked":"Pandora\u0027s Box"},{"not_picked":["Black Star","Coffee Dripper"],"picked":"Sozu"}],"items_purged_floors":[27,31,38],"is_endless":false,"potions_floor_spawned":[3,7,10,14,20,21,24],"ascension_level":3}