{"gold_per_floor":[366,381,27,27,27,27,39,10,10,10,10,10,45,45,45,122,122,133,144,164,164,181,214,214,33,33,43,54,54,54,85,85,162,162,176,194,205,222,241,241,273,273,296,321,337,352,15,28,28,28],"floor_reached":51,"playtime":2330,"items_purged":["Regret","Strike_B+1"],"score":1633,"play_id":"a4750749-bd42-4436-8228-b9115f3b758e","local_time":"20181017081924","is_ascension_mode":true,"campfire_choices":[{"data":"Zap","floor":6.0,"key":"SMITH"},{"data":"Ball Lightning","floor":10.0,"key":"SMITH"},{"data":"Dualcast","floor":12.0,"key":"SMITH"},{"data":"Cold Snap","floor":15.0,"key":"SMITH"},{"floor":30.0,"key":"REST"},{"data":"Buffer","floor":32.0,"key":"SMITH"},{"data":"Defragment","floor":40.0,"key":"SMITH"},{"floor":42.0,"key":"REST"},{"data":"Creative AI","floor":49,"key":"SMITH"}],"neow_cost":"CURSE","seed_source_timestamp":485434787070123,"circlet_count":0,"master_deck":["Strike_B+1","Strike_B+1","Strike_B+1","Defend_B+1","Defend_B+1","Defend_B+1","Defend_B+1","Zap+1","Dualcast+1","AscendersBane","White Noise+1","Conserve Battery+1","Cold Snap+1","Ball Lightning+1","Reboot","Buffer+1","Sunder+1","Leap+1","BootSequence","Core Surge","Necronomicurse","Defragment+1","Hologram+1","Aggregate","Rip and Tear","Multi-Cast","Defragment","Force Field+1","Turbo+1","Loop+1","All For One","White Noise","Stack","Rainbow","Glacier","Core Surge","Creative AI+1"],"special_seed":0,"relics":["Cracked Core","Symbiotic Virus","Bronze Scales","Prayer Wheel","Runic Pyramid","Orichalcum","Necronomicon","PreservedInsect","Blood Vial","Lantern","Nuclear Battery","Ornamental Fan","Dream Catcher","Art of War"],"potions_floor_usage":[50],"damage_taken":[{"damage":1.0,"enemies":"Cultist","floor":1.0,"turns":3.0},{"damage":3.0,"enemies":"2 Louse","floor":2.0,"turns":3.0},{"damage":1.0,"enemies":"Small Slimes","floor":7.0,"turns":3.0},{"damage":4.0,"enemies":"Lagavulin","floor":13.0,"turns":5.0},{"damage":11.0,"enemies":"The Guardian","floor":16.0,"turns":8.0},{"damage":7.0,"enemies":"3 Byrds","floor":18.0,"turns":2.0},{"damage":0.0,"enemies":"Spheric Guardian","floor":19.0,"turns":3.0},{"damage":17.0,"enemies":"Centurion and Healer","floor":20.0,"turns":7.0},{"damage":0.0,"enemies":"3 Cultists","floor":22.0,"turns":5.0},{"damage":0.0,"enemies":"Gremlin Leader","floor":23.0,"turns":5.0},{"damage":15.0,"enemies":"Chosen and Byrds","floor":27.0,"turns":5.0},{"damage":0.0,"enemies":"Centurion and Healer","floor":28.0,"turns":5.0},{"damage":0.0,"enemies":"Slavers","floor":31.0,"turns":3.0},{"damage":4.0,"enemies":"Automaton","floor":33.0,"turns":10.0},{"damage":3.0,"enemies":"3 Darklings","floor":35.0,"turns":5.0},{"damage":1.0,"enemies":"3 Shapes","floor":36.0,"turns":2.0},{"damage":9.0,"enemies":"3 Darklings","floor":37.0,"turns":3.0},{"damage":0.0,"enemies":"Sphere and 2 Shapes","floor":38.0,"turns":4.0},{"damage":0.0,"enemies":"Maw","floor":39.0,"turns":5.0},{"damage":17.0,"enemies":"2 Orb Walkers","floor":41.0,"turns":3.0},{"damage":0,"enemies":"Giant Head","floor":44,"turns":6},{"damage":0,"enemies":"Spire Growth","floor":45,"turns":5},{"damage":1,"enemies":"Sphere and 2 Shapes","floor":46,"turns":4},{"damage":11,"enemies":"3 Darklings","floor":48,"turns":4},{"damage":49,"enemies":"Donu and Deca","floor":50,"turns":13}],"seed_played":"-7987208983620198480","potions_obtained":[{"floor":7.0,"key":"Explosive Potion"},{"floor":19.0,"key":"SkillPotion"},{"floor":22.0,"key":"Explosive Potion"},{"floor":27.0,"key":"Weak Potion"},{"floor":31.0,"key":"Explosive Potion"},{"floor":33.0,"key":"Ancient Potion"},{"floor":35.0,"key":"FocusPotion"},{"floor":44,"key":"Explosive Potion"},{"floor":48,"key":"FocusPotion"}],"is_trial":false,"path_per_floor":["M","M","$","?","?","R","M","$","T","R","?","R","E","$","R","B",null,"M","M","M","?","M","E","?","$","T","M","M","$","R","E","R","B",null,"M","M","M","M","M","R","E","R","T","E","M","M","$","M","R","B"],"character_chosen":"DEFECT","items_purchased":["Symbiotic Virus","Ball Lightning","PreservedInsect","Core Surge","Fire Potion"],"campfire_rested":2,"item_purchase_floors":[3,8,25,47,47],"current_hp_per_floor":[63,60,60,71,76,76,75,75,75,75,52,52,48,48,48,37,66,59,59,42,42,42,42,21,21,21,8,10,10,32,34,34,32,65,64,65,58,60,62,62,47,69,69,71,73,74,74,65,65,18],"gold":28,"neow_bonus":"TWO_FIFTY_GOLD","is_prod":false,"is_daily":false,"chose_seed":false,"campfire_upgraded":7,"win_rate":0,"timestamp":1539757164,"path_taken":["M","?","$","?","?","R","M","$","T","R","?","R","E","?","R","BOSS","M","M","M","?","?","E","?","?","T","M","?","$","R","E","R","BOSS","M","?","M","M","M","R","E","R","T","E","M","M","$","M","R","BOSS"],"build_version":"2018-10-11","purchased_purges":2,"victory":true,"max_hp_per_floor":[71,71,71,71,76,76,76,76,76,76,76,76,76,76,76,76,76,76,76,76,76,76,76,76,76,76,76,76,76,76,76,76,76,76,76,76,76,76,76,76,76,76,76,76,76,76,76,76,76,76],"card_choices":[{"not_picked":["Genetic Algorithm","Go for the Eyes"],"picked":"White Noise","floor":1.0},{"not_picked":["Sweeping Beam","Coolheaded"],"picked":"Conserve Battery","floor":2.0},{"not_picked":["Conserve Battery","Thunder Strike"],"picked":"Cold Snap","floor":7.0},{"not_picked":["Lockon","Cold Snap"],"picked":"Reboot","floor":13.0},{"not_picked":["Meteor Strike","Biased Cognition"],"picked":"Buffer","floor":16.0},{"not_picked":["Reprogram","Stack"],"picked":"Sunder+1","floor":18.0},{"not_picked":["Hello World","Reprogram+1","Ball Lightning"],"picked":"SKIP","floor":18.0},{"not_picked":["Steam","Consume","Ball Lightning"],"picked":"SKIP","floor":19.0},{"not_picked":["Beam Cell","Hello World","Gash"],"picked":"SKIP","floor":19.0},{"not_picked":["Steam Power","Stack"],"picked":"Leap+1","floor":20.0},{"not_picked":["Leap","Go for the Eyes"],"picked":"BootSequence","floor":20.0},{"not_picked":["Rebound","Compile Driver","Gash"],"picked":"SKIP","floor":22.0},{"not_picked":["Reprogram","Leap","Storm"],"picked":"SKIP","floor":22.0},{"not_picked":["Defragment","Cold Snap"],"picked":"Core Surge","floor":23.0},{"not_picked":["Compile Driver+1","Hologram"],"picked":"Defragment","floor":27.0},{"not_picked":["Self Repair","Rebound"],"picked":"Hologram+1","floor":27.0},{"not_picked":["Steam","Redo"],"picked":"Aggregate","floor":28.0},{"not_picked":["Genetic Algorithm","Redo","Coolheaded"],"picked":"SKIP","floor":28.0},{"not_picked":["Lockon","Beam Cell"],"picked":"Rip and Tear","floor":31.0},{"not_picked":["Machine Learning","Amplify"],"picked":"Multi-Cast","floor":33.0},{"not_picked":["Blizzard+1","Barrage","Steam"],"picked":"SKIP","floor":35.0},{"not_picked":["Lockon+1","Rebound","Cold Snap"],"picked":"SKIP","floor":35.0},{"not_picked":["Static Discharge","Coolheaded"],"picked":"Defragment","floor":36.0},{"not_picked":["Streamline","Sweeping Beam+1"],"picked":"Force Field+1","floor":36.0},{"not_picked":["Ball Lightning","Conserve Battery"],"picked":"Turbo+1","floor":37.0},{"not_picked":["Go for the Eyes","Recycle","Hello World"],"picked":"SKIP","floor":37.0},{"not_picked":["Rebound+1","Barrage"],"picked":"Loop+1","floor":38.0},{"not_picked":["Conserve Battery","Leap","Hologram"],"picked":"SKIP","floor":38.0},{"not_picked":["Turbo","Consume"],"picked":"All For One","floor":39.0},{"not_picked":["Go for the Eyes","Conserve Battery+1","Sweeping Beam"],"picked":"SKIP","floor":39.0},{"not_picked":["Coolheaded+1","Recycle+1"],"picked":"White Noise","floor":41.0},{"not_picked":["Gash+1","Ball Lightning","Consume"],"picked":"SKIP","floor":44},{"not_picked":["Compile Driver","BootSequence"],"picked":"Stack","floor":45},{"not_picked":["Leap","Blizzard","Scrape"],"picked":"SKIP","floor":45},{"not_picked":["Streamline","Stack"],"picked":"Rainbow","floor":46},{"not_picked":["Lockon+1","Hello World"],"picked":"Glacier","floor":46},{"not_picked":["Go for the Eyes","Turbo"],"picked":"Creative AI","floor":48},{"not_picked":["Barrage","Gash","Go for the Eyes"],"picked":"SKIP","floor":48}],"player_experience":838610,"relics_obtained":[{"floor":9.0,"key":"Bronze Scales"},{"floor":13.0,"key":"Prayer Wheel"},{"floor":23.0,"key":"Orichalcum"},{"floor":24.0,"key":"Necronomicon"},{"floor":26.0,"key":"Blood Vial"},{"floor":31.0,"key":"Lantern"},{"floor":41.0,"key":"Ornamental Fan"},{"floor":43.0,"key":"Dream Catcher"},{"floor":44,"key":"Art of War"}],"event_choices":[{"event_name":"Wheel of Change","player_choice":"Full Heal","floor":4.0,"damage_taken":0.0},{"event_name":"Big Fish","player_choice":"Donut","floor":5.0,"damage_taken":0.0},{"event_name":"Shining Light","player_choice":"Entered Light","floor":11.0,"damage_taken":0.0},{"event_name":"Back to Basics","player_choice":"Simplicity","floor":21.0,"damage_taken":0.0},{"event_name":"Cursed Tome","player_choice":"Obtained Book","floor":24.0,"damage_taken":0.0}],"is_beta":false,"boss_relics":[{"not_picked":["Empty Cage","Runic Dome"],"picked":"Runic Pyramid"},{"not_picked":["Velvet Choker","Tiny House"],"picked":"Nuclear Battery"}],"items_purged_floors":[3,47],"is_endless":false,"potions_floor_spawned":[7,19,22,27,31,33,35,38,44,45,46,48],"ascension_level":19}