{"gold_per_floor":[118,133,133,83,99,99,127,127,153,153,41,69,69,81,81,178,178,190,179,179,179],"floor_reached":21,"playtime":2177,"items_purged":["Strike_G"],"score":243,"play_id":"1322fbd4-dee9-41a3-b07e-a8cbe5a940b7","local_time":"20190309123617","is_ascension_mode":true,"campfire_choices":[{"data":"Neutralize","floor":6,"key":"SMITH"},{"data":"Terror","floor":8,"key":"SMITH"},{"data":"Infinite Blades","floor":10,"key":"SMITH"},{"data":"Footwork","floor":13,"key":"SMITH"},{"data":"Deadly Poison","floor":15,"key":"SMITH"}],"neow_cost":"NONE","seed_source_timestamp":245346206469312,"circlet_count":0,"master_deck":["Defend_G","Defend_G","Defend_G","Defend_G","Defend_G","Strike_G","Strike_G","Survivor","Neutralize+1","Terror+1","Deadly Poison+1","All Out Attack","Infinite Blades+1","Grand Finale","Footwork+1","Reflex","A Thousand Cuts","Blur","Noxious Fumes"],"relics":["Ring of the Snake","Bag of Marbles","Lantern","Matryoshka","Eternal Feather","Orichalcum"],"potions_floor_usage":[16,21,21],"damage_taken":[{"damage":0,"enemies":"Cultist","floor":1,"turns":4},{"damage":4,"enemies":"2 Louse","floor":2,"turns":3},{"damage":2,"enemies":"Small Slimes","floor":5,"turns":3},{"damage":17,"enemies":"Lagavulin","floor":7,"turns":6},{"damage":15,"enemies":"3 Sentries","floor":12,"turns":7},{"damage":0,"enemies":"3 Louse","floor":14,"turns":3},{"damage":36,"enemies":"Slime Boss","floor":16,"turns":16},{"damage":24,"enemies":"Chosen","floor":18,"turns":6},{"damage":23,"enemies":"2 Thieves","floor":19,"turns":4},{"damage":14,"enemies":"Cultist and Chosen","floor":21,"turns":4}],"seed_played":"2321729106148415815","potions_obtained":[{"floor":12,"key":"Weak Potion"},{"floor":14,"key":"FairyPotion"},{"floor":18,"key":"Poison Potion"},{"floor":19,"key":"Explosive Potion"}],"is_trial":false,"path_per_floor":["M","M","?","?","M","R","E","R","T","R","$","E","R","M","R","B",null,"M","M","?","M"],"character_chosen":"THE_SILENT","items_purchased":["Footwork"],"campfire_rested":0,"item_purchase_floors":[11],"current_hp_per_floor":[63,59,59,59,57,57,40,40,40,40,40,25,25,25,25,3,53,29,6,6,0],"gold":179,"neow_bonus":"THREE_CARDS","is_prod":false,"is_daily":false,"chose_seed":false,"campfire_upgraded":5,"win_rate":0,"timestamp":1552131377,"path_taken":["M","?","?","?","M","R","E","R","T","R","$","E","R","M","R","BOSS","M","M","?","M"],"build_version":"2019-01-23","purchased_purges":1,"victory":false,"max_hp_per_floor":[70,70,70,70,70,70,70,70,70,70,70,70,70,70,70,70,70,70,70,70,70],"card_choices":[{"not_picked":["Outmaneuver","Endless Agony"],"picked":"Terror","floor":0},{"not_picked":["Slice","Outmaneuver"],"picked":"Deadly Poison","floor":1},{"not_picked":["Endless Agony","Deflect"],"picked":"All Out Attack","floor":2},{"not_picked":["Accuracy","Sucker Punch"],"picked":"Infinite Blades","floor":5},{"not_picked":["Slice","Deadly Poison"],"picked":"Grand Finale","floor":7},{"not_picked":["Masterful Stab","Endless Agony"],"picked":"Reflex","floor":12},{"not_picked":["Slice","Underhanded Strike","Outmaneuver"],"picked":"SKIP","floor":14},{"not_picked":["Envenom","Unload"],"picked":"A Thousand Cuts","floor":16},{"not_picked":["Masterful Stab+1","Deflect"],"picked":"Blur","floor":18},{"not_picked":["PiercingWail","Terror"],"picked":"Noxious Fumes","floor":19}],"player_experience":463809,"relics_obtained":[{"floor":7,"key":"Bag of Marbles"},{"floor":9,"key":"Lantern"},{"floor":12,"key":"Matryoshka"}],"event_choices":[{"cards_removed":["Strike_G"],"damage_healed":0,"gold_gain":0,"player_choice":"Forget","damage_taken":0,"max_hp_gain":0,"max_hp_loss":0,"event_name":"Living Wall","floor":3,"gold_loss":0},{"cards_removed":["Strike_G"],"damage_healed":0,"gold_gain":0,"player_choice":"Card Removal","damage_taken":0,"max_hp_gain":0,"max_hp_loss":0,"event_name":"The Cleric","floor":4,"gold_loss":50},{"damage_healed":0,"gold_gain":0,"player_choice":"Opened","damage_taken":0,"relics_obtained":["Orichalcum"],"max_hp_gain":0,"max_hp_loss":0,"event_name":"The Mausoleum","floor":20,"gold_loss":0}],"is_beta":false,"boss_relics":[{"not_picked":["Velvet Choker","Coffee Dripper"],"picked":"Eternal Feather"}],"items_purged_floors":[11],"is_endless":false,"potions_floor_spawned":[12,14,18,19],"killed_by":"Cultist and Chosen","ascension_level":6}