{"gold_per_floor":[214,264,4,4,4,4,37,37,37,37,76,76,94,132,132,230,230,245,268,286,317,28,62,62,105,132,132,151,164,164,182,182,280,280,296,315,315],"floor_reached":37,"playtime":1408,"items_purged":["Strike_B"],"score":950,"play_id":"8420eb12-db1b-4892-b52e-c5e872a8039f","local_time":"20190313133108","is_ascension_mode":true,"campfire_choices":[{"data":"Zap","floor":6.0,"key":"SMITH"},{"data":"Dualcast","floor":10.0,"key":"SMITH"},{"data":"Fission","floor":12.0,"key":"SMITH"},{"data":"Cold Snap","floor":15.0,"key":"SMITH"},{"floor":24.0,"key":"REST"},{"data":"Electrodynamics","floor":27.0,"key":"SMITH"},{"data":"Glacier","floor":32.0,"key":"SMITH"}],"neow_cost":"NONE","seed_source_timestamp":8033329383254,"circlet_count":0,"master_deck":["AscendersBane","Strike_B","Strike_B","Strike_B","Defend_B","Defend_B","Defend_B","Zap+1","Dualcast+1","Self Repair","Cold Snap+1","Glacier+1","Fission+1","Electrodynamics+1","Fusion+1","Sunder+1","Normality","All For One+1","Creative AI","Hello World+1","Tempest+1"],"special_seed":0,"relics":["Cracked Core","Oddly Smooth Stone","Golden Idol","Kunai","Mercury Hourglass","Pen Nib","Molten Egg 2","Cursed Key","Red Mask","Anchor","Bag of Marbles","StoneCalendar","Omamori","Sozu"],"potions_floor_usage":[],"damage_taken":[{"damage":11.0,"enemies":"Small Slimes","floor":1.0,"turns":3.0},{"damage":28.0,"enemies":"Lagavulin","floor":7.0,"turns":8.0},{"damage":28.0,"enemies":"Gremlin Nob","floor":11.0,"turns":4.0},{"damage":0.0,"enemies":"Cultist","floor":13.0,"turns":3.0},{"damage":17.0,"enemies":"Lagavulin","floor":14.0,"turns":7.0},{"damage":0.0,"enemies":"The Guardian","floor":16.0,"turns":15.0},{"damage":1.0,"enemies":"2 Thieves","floor":18.0,"turns":3.0},{"damage":0.0,"enemies":"3 Byrds","floor":19.0,"turns":1.0},{"damage":19.0,"enemies":"Shelled Parasite and Fungi","floor":20.0,"turns":5.0},{"damage":9.0,"enemies":"Masked Bandits","floor":21.0,"turns":4.0},{"damage":38.0,"enemies":"Book of Stabbing","floor":23.0,"turns":5.0},{"damage":4.0,"enemies":"Gremlin Leader","floor":25.0,"turns":6.0},{"damage":3.0,"enemies":"Sentry and Sphere","floor":28.0,"turns":4.0},{"damage":0.0,"enemies":"Centurion and Healer","floor":29.0,"turns":4.0},{"damage":0.0,"enemies":"Cultist and Chosen","floor":31.0,"turns":2.0},{"damage":51.0,"enemies":"Collector","floor":33.0,"turns":13.0},{"damage":31.0,"enemies":"3 Darklings","floor":35.0,"turns":4.0},{"damage":14.0,"enemies":"Orb Walker","floor":36.0,"turns":4.0},{"damage":15,"enemies":"Maw","floor":37,"turns":2}],"seed_played":"-6454618899105818971","potions_obtained":[{"floor":1.0,"key":"SpeedPotion"},{"floor":7.0,"key":"Ancient Potion"},{"floor":14.0,"key":"SteroidPotion"},{"floor":21.0,"key":"SteroidPotion"},{"floor":23.0,"key":"LiquidBronze"},{"floor":25.0,"key":"SpeedPotion"}],"is_trial":false,"path_per_floor":["M","?","$","?","?","R","E","?","T","R","E","R","M","E","R","B",null,"M","M","M","?","$","E","R","E","T","R","M","M","?","M","R","B",null,"M","M","M"],"character_chosen":"DEFECT","items_purchased":["Oddly Smooth Stone","Cold Snap","Auto Shields","Anchor","Sunder+1"],"campfire_rested":1,"item_purchase_floors":[3,3,3,22,22],"current_hp_per_floor":[53,53,53,53,46,46,25,64,64,64,43,43,50,40,40,47,60,64,64,52,50,50,19,38,41,41,41,45,52,52,59,59,15,52,21,14,0],"gold":315,"neow_bonus":"HUNDRED_GOLD","is_prod":false,"is_daily":false,"chose_seed":false,"campfire_upgraded":6,"win_rate":0,"timestamp":1552480268,"path_taken":["M","?","$","?","?","R","E","?","T","R","E","R","M","E","R","BOSS","M","?","M","?","$","E","R","E","T","R","M","M","?","M","R","BOSS","M","M","?"],"build_version":"2019-01-23","purchased_purges":1,"victory":false,"max_hp_per_floor":[71,71,71,64,64,64,64,64,64,64,64,64,64,64,64,64,64,64,64,64,64,64,64,64,64,64,64,64,64,64,64,64,64,64,64,64,64],"card_choices":[{"not_picked":["Sweeping Beam","Aggregate"],"picked":"Self Repair","floor":1.0},{"not_picked":["Compile Driver","White Noise"],"picked":"Glacier","floor":7.0},{"not_picked":["Storm","Streamline"],"picked":"Fission","floor":11.0},{"not_picked":["Go for the Eyes","Recycle","Skim"],"picked":"SKIP","floor":13.0},{"not_picked":["Sunder","Storm","Steam Power"],"picked":"SKIP","floor":14.0},{"not_picked":["Fission","Biased Cognition"],"picked":"Electrodynamics","floor":16.0},{"not_picked":["Steam","Coolheaded+1","Stack"],"picked":"SKIP","floor":18.0},{"not_picked":["Cold Snap+1","Genetic Algorithm","Beam Cell+1"],"picked":"SKIP","floor":19.0},{"not_picked":["Undo+1","Beam Cell+1","Sweeping Beam+1"],"picked":"SKIP","floor":20.0},{"not_picked":["Hologram","Double Energy"],"picked":"Fusion+1","floor":21.0},{"not_picked":["Conserve Battery","Hologram","Rebound+1"],"picked":"SKIP","floor":23.0},{"not_picked":["Scrape+1","Redo","Ball Lightning+1"],"picked":"SKIP","floor":25.0},{"not_picked":["Beam Cell+1","Compile Driver+1"],"picked":"All For One+1","floor":28.0},{"not_picked":["Auto Shields","Gash+1","Go for the Eyes+1"],"picked":"SKIP","floor":29.0},{"not_picked":["Sweeping Beam+1","Redo","Steam"],"picked":"SKIP","floor":31.0},{"not_picked":["Biased Cognition","Amplify"],"picked":"Creative AI","floor":33.0},{"not_picked":["Consume","Barrage+1"],"picked":"Hello World+1","floor":35.0},{"not_picked":["Ball Lightning+1","Compile Driver+1"],"picked":"Tempest+1","floor":36.0}],"player_experience":1188914,"relics_obtained":[{"floor":7.0,"key":"Kunai"},{"floor":9.0,"key":"Mercury Hourglass"},{"floor":11.0,"key":"Pen Nib"},{"floor":14.0,"key":"Molten Egg 2"},{"floor":21.0,"key":"Red Mask"},{"floor":23.0,"key":"Bag of Marbles"},{"floor":25.0,"key":"StoneCalendar"},{"floor":26.0,"key":"Omamori"}],"event_choices":[{"damage_healed":0.0,"max_hp_gain":0.0,"max_hp_loss":0.0,"gold_gain":50.0,"event_name":"Golden Shrine","player_choice":"Pray","floor":2.0,"gold_loss":0.0,"damage_taken":0.0},{"damage_healed":0.0,"max_hp_gain":0.0,"max_hp_loss":7.0,"gold_gain":0.0,"event_name":"Golden Idol","player_choice":"Lose Max HP","floor":4.0,"gold_loss":0.0,"damage_taken":0.0,"relics_obtained":["Golden Idol"]},{"cards_removed":["Defend_B"],"damage_healed":0.0,"max_hp_gain":0.0,"max_hp_loss":0.0,"gold_gain":0.0,"event_name":"Golden Wing","player_choice":"Card Removal","floor":5.0,"gold_loss":0.0,"damage_taken":7.0},{"cards_removed":["Auto Shields"],"damage_healed":39.0,"max_hp_gain":0.0,"max_hp_loss":0.0,"gold_gain":0.0,"event_name":"Bonfire Elementals","player_choice":"Offered Uncommon","floor":8.0,"gold_loss":0.0,"damage_taken":0.0},{"damage_healed":0.0,"max_hp_gain":0.0,"max_hp_loss":0.0,"gold_gain":0.0,"event_name":"Masked Bandits","player_choice":"Fought Bandits","floor":21.0,"gold_loss":0.0,"damage_taken":0.0},{"damage_healed":0.0,"max_hp_gain":0.0,"max_hp_loss":0.0,"gold_gain":0.0,"event_name":"N\u0027loth","player_choice":"Ignored","floor":30.0,"gold_loss":0.0,"damage_taken":0.0}],"is_beta":false,"boss_relics":[{"not_picked":["Pandora\u0027s Box","Philosopher\u0027s Stone"],"picked":"Cursed Key"},{"not_picked":["Tiny House","Fusion Hammer"],"picked":"Sozu"}],"items_purged_floors":[22],"is_endless":false,"potions_floor_spawned":[1,7,14,21,23,25,35,36],"killed_by":"Maw","ascension_level":20}