{"gold_per_floor":[117,192,342,0,275,275,7,27,27,40,40,66,66,83,83,161,161,174,8,20,39,39],"floor_reached":22,"playtime":727,"items_purged":["Doubt","Regret"],"score":368,"play_id":"ac240021-f46f-4fb2-ad3c-8d1e888191db","local_time":"20190129154133","is_ascension_mode":true,"campfire_choices":[{"data":"Bash","floor":6.0,"key":"SMITH"},{"data":"Sword Boomerang","floor":13.0,"key":"SMITH"},{"floor":15.0,"key":"REST"}],"neow_cost":"PERCENT_DAMAGE","seed_source_timestamp":1715467911466365,"circlet_count":0,"master_deck":["AscendersBane","Strike_R","Strike_R","Strike_R","Strike_R","Defend_R","Defend_R","Defend_R","Defend_R","Bash+1","Metallicize","Spot Weakness+1","Sword Boomerang+1","True Grit+1","Armaments+1","Double Tap+1","Discovery+1","Heavy Blade","True Grit+1","Shrug It Off+1"],"special_seed":0,"relics":["Burning Blood","Toxic Egg 2","Oddly Smooth Stone","Juzu Bracelet","Ancient Tea Set","Sozu"],"potions_floor_usage":[21],"damage_taken":[{"damage":1.0,"enemies":"2 Louse","floor":1.0,"turns":3.0},{"damage":6.0,"enemies":"Jaw Worm","floor":8.0,"turns":5.0},{"damage":0.0,"enemies":"Cultist","floor":10.0,"turns":3.0},{"damage":48.0,"enemies":"Lagavulin","floor":12.0,"turns":8.0},{"damage":0.0,"enemies":"2 Fungi Beasts","floor":14.0,"turns":1.0},{"damage":17.0,"enemies":"The Guardian","floor":16.0,"turns":12.0},{"damage":20.0,"enemies":"Shell Parasite","floor":18.0,"turns":5.0},{"damage":19.0,"enemies":"3 Byrds","floor":20.0,"turns":5.0},{"damage":43,"enemies":"Sentry and Sphere","floor":21,"turns":6},{"damage":41,"enemies":"Masked Bandits","floor":22,"turns":3}],"seed_played":"-4249685870714943027","potions_obtained":[{"floor":10.0,"key":"FairyPotion"},{"floor":12.0,"key":"Dexterity Potion"},{"floor":16.0,"key":"PowerPotion"}],"is_trial":false,"path_per_floor":["M","?","?","$","?","R","$","M","T","M","?","E","R","M","R","B",null,"M","$","M","M","?"],"character_chosen":"IRONCLAD","items_purchased":["Toxic Egg 2","Oddly Smooth Stone","Discovery+1","Heavy Blade","True Grit+1"],"campfire_rested":1,"item_purchase_floors":[4,7,19,19,19],"current_hp_per_floor":[69,58,58,58,58,58,58,58,58,64,57,15,15,21,47,36,76,62,62,49,12,0],"gold":39,"neow_bonus":"TWENTY_PERCENT_HP_BONUS","is_prod":false,"is_daily":false,"chose_seed":false,"campfire_upgraded":2,"win_rate":0,"timestamp":1548772893,"path_taken":["M","?","?","?","?","R","$","M","T","M","?","E","R","M","R","BOSS","M","$","M","M","?"],"build_version":"2019-01-23","purchased_purges":2,"victory":false,"max_hp_per_floor":[89,89,89,89,89,89,89,89,89,89,89,89,89,89,89,89,89,89,89,89,89,89],"card_choices":[{"not_picked":["True Grit","Body Slam"],"picked":"Metallicize","floor":1.0},{"not_picked":["Wild Strike","Clothesline"],"picked":"Spot Weakness+1","floor":8.0},{"not_picked":["Shrug It Off+1","Blood for Blood"],"picked":"Sword Boomerang","floor":10.0},{"not_picked":["Combust","Iron Wave"],"picked":"True Grit+1","floor":12.0},{"not_picked":["Cleave","Anger"],"picked":"Armaments+1","floor":14.0},{"not_picked":["Juggernaut","Limit Break+1"],"picked":"Double Tap+1","floor":16.0},{"not_picked":["Burning Pact+1","Iron Wave","Clothesline"],"picked":"SKIP","floor":18.0},{"not_picked":["Power Through+1","Headbutt","Wild Strike"],"picked":"SKIP","floor":20.0},{"not_picked":["Carnage","Fiend Fire"],"picked":"Shrug It Off+1","floor":21}],"player_experience":969885,"relics_obtained":[{"floor":9.0,"key":"Juzu Bracelet"},{"floor":12.0,"key":"Ancient Tea Set"}],"event_choices":[{"damage_healed":0.0,"max_hp_gain":0.0,"max_hp_loss":0.0,"gold_gain":75.0,"event_name":"World of Goop","player_choice":"Gather Gold","floor":2.0,"gold_loss":0.0,"damage_taken":11.0},{"damage_healed":0.0,"max_hp_gain":0.0,"max_hp_loss":0.0,"gold_gain":150.0,"event_name":"Liars Game","player_choice":"AGREE","floor":3.0,"gold_loss":0.0,"damage_taken":0.0,"cards_obtained":["Doubt"]},{"damage_healed":0.0,"max_hp_gain":0.0,"max_hp_loss":0.0,"gold_gain":275.0,"event_name":"Golden Shrine","player_choice":"Desecrate","floor":5.0,"gold_loss":0.0,"damage_taken":0.0,"cards_obtained":["Regret"]},{"cards_removed":["Strike_R"],"damage_healed":0.0,"max_hp_gain":0.0,"max_hp_loss":0.0,"gold_gain":0.0,"event_name":"Golden Wing","player_choice":"Card Removal","floor":11.0,"gold_loss":0.0,"damage_taken":7.0},{"damage_healed":0,"gold_gain":0,"player_choice":"Fought Bandits","damage_taken":0,"max_hp_gain":0,"max_hp_loss":0,"event_name":"Masked Bandits","floor":22,"gold_loss":0}],"is_beta":false,"boss_relics":[{"not_picked":["Runic Dome","Orrery"],"picked":"Sozu"}],"items_purged_floors":[4,7],"is_endless":false,"potions_floor_spawned":[10,12,16,21],"killed_by":"Masked Bandits","ascension_level":20}