{"gold_per_floor":[119,119,133,149,163,194,208,208,283,28,28,40,51,51,51,155,155,166,132,132,147,147,147,147,147,147,147,170,170,189,207,207,305,305,316,316,316,328,342,352,352,366,366,366,366,366,415,435,435,435,435,435,78,103,103],"floor_reached":56,"playtime":4090,"items_purged":["Strike_R","Reaper+1"],"score":1131,"play_id":"6dbbf95e-992f-4c6e-8d9a-f59389209030","local_time":"20190101011013","is_ascension_mode":false,"campfire_choices":[{"data":"True Grit","floor":8,"key":"SMITH"},{"data":"Body Slam","floor":11,"key":"SMITH"},{"data":"Bash","floor":15,"key":"SMITH"},{"data":"Shrug It Off","floor":23,"key":"SMITH"},{"data":"Metallicize","floor":25,"key":"SMITH"},{"data":"Disarm","floor":27,"key":"SMITH"},{"floor":29,"key":"RECALL"},{"data":"Reaper","floor":32,"key":"SMITH"},{"data":"Pommel Strike","floor":41,"key":"SMITH"},{"data":"Bludgeon","floor":45,"key":"SMITH"},{"data":"Madness","floor":49,"key":"SMITH"},{"data":"Madness","floor":52,"key":"SMITH"}],"neow_cost":"PERCENT_DAMAGE","seed_source_timestamp":36314143283196,"circlet_count":0,"master_deck":["Strike_R+1","Strike_R+1","Defend_R+1","Defend_R+1","Defend_R+1","Defend_R+1","Bash+1","True Grit+1","Body Slam+1","Metallicize+1","Disarm+1","Shrug It Off+1","Headbutt+1","Necronomicurse","Shrug It Off+1","Bludgeon+1","Pommel Strike+1","Purity","Carnage+1","Madness+1","Madness+1","Shrug It Off","Battle Trance"],"relics":["Burning Blood","The Courier","Meat on the Bone","Mercury Hourglass","Mark of Pain","Necronomicon","Lantern","Busted Crown","Shuriken","Champion Belt","Gambling Chip","Incense Burner","Calipers"],"potions_floor_usage":[6,6,33,54,55,55],"damage_taken":[{"damage":6,"enemies":"Jaw Worm","floor":1,"turns":6},{"damage":11,"enemies":"Cultist","floor":3,"turns":6},{"damage":2,"enemies":"Small Slimes","floor":4,"turns":3},{"damage":35,"enemies":"Exordium Wildlife","floor":5,"turns":11},{"damage":26,"enemies":"Gremlin Nob","floor":6,"turns":4},{"damage":9,"enemies":"Blue Slaver","floor":7,"turns":5},{"damage":0,"enemies":"Large Slime","floor":12,"turns":7},{"damage":1,"enemies":"Looter","floor":13,"turns":3},{"damage":40,"enemies":"The Guardian","floor":16,"turns":15},{"damage":15,"enemies":"3 Byrds","floor":18,"turns":6},{"damage":22,"enemies":"2 Thieves","floor":19,"turns":5},{"damage":24,"enemies":"3 Cultists","floor":21,"turns":8},{"damage":0,"enemies":"Snecko","floor":30,"turns":5},{"damage":0,"enemies":"Shelled Parasite and Fungi","floor":31,"turns":6},{"damage":89,"enemies":"Collector","floor":33,"turns":13},{"damage":24,"enemies":"3 Shapes","floor":35,"turns":6},{"damage":0,"enemies":"3 Darklings","floor":38,"turns":7},{"damage":0,"enemies":"Transient","floor":39,"turns":5},{"damage":0,"enemies":"Spire Growth","floor":40,"turns":3},{"damage":0,"enemies":"Maw","floor":42,"turns":6},{"damage":26,"enemies":"2 Orb Walkers","floor":47,"turns":3},{"damage":1,"enemies":"Transient","floor":48,"turns":5},{"damage":21,"enemies":"Awakened One","floor":50,"turns":12},{"damage":10,"enemies":"Shield and Spear","floor":54,"turns":7},{"damage":47,"enemies":"The Heart","floor":55,"turns":8}],"seed_played":"5552136771214198900","potions_obtained":[{"floor":3,"key":"PowerPotion"},{"floor":4,"key":"Fire Potion"},{"floor":16,"key":"EssenceOfSteel"},{"floor":19,"key":"GamblersBrew"},{"floor":33,"key":"FearPotion"},{"floor":39,"key":"Block Potion"},{"floor":42,"key":"EssenceOfSteel"},{"floor":48,"key":"Strength Potion"}],"is_trial":false,"path_per_floor":["M","?","M","M","M","E","M","R","T","$","R","M","M","?","R","B",null,"M","M","?","M","?","R","?","R","T","R","T","R","M","M","R","B",null,"M","?","?","M","M","M","R","M","T","?","R","T","?","M","R","B",null,"R","$","E","B",null],"character_chosen":"IRONCLAD","items_purchased":["Mercury Hourglass","Incense Burner","Shrug It Off"],"campfire_rested":0,"item_purchase_floors":[10,53,53],"current_hp_per_floor":[72,72,67,71,42,22,19,19,19,19,19,37,54,47,47,25,96,92,86,86,76,76,76,60,60,60,60,60,60,74,82,82,21,96,87,77,77,95,96,96,96,96,96,84,84,84,64,79,79,78,96,96,96,92,63],"gold":103,"neow_bonus":"TWENTY_PERCENT_HP_BONUS","is_prod":false,"is_daily":false,"chose_seed":false,"campfire_upgraded":11,"win_rate":0,"timestamp":1546276213,"path_taken":["M","?","M","M","?","E","?","R","T","$","R","M","M","?","R","BOSS","M","M","?","M","?","R","?","R","T","R","?","R","M","M","R","BOSS","M","?","?","M","?","M","R","M","T","?","R","?","?","M","R","BOSS","R","$","E","BOSS"],"build_version":"2018-12-20","purchased_purges":2,"victory":true,"max_hp_per_floor":[96,96,96,96,96,96,96,96,96,96,96,96,96,96,96,96,96,96,96,96,96,96,96,96,96,96,96,96,96,96,96,96,96,96,96,96,96,96,96,96,96,96,96,96,96,96,96,96,96,96,96,96,96,96,96],"card_choices":[{"not_picked":["Armaments","Ghostly Armor"],"picked":"True Grit","floor":1},{"not_picked":["Feel No Pain","Clothesline"],"picked":"Body Slam","floor":3},{"not_picked":["Clothesline","Power Through","Pommel Strike"],"picked":"SKIP","floor":4},{"not_picked":["Havoc","Twin Strike","Spot Weakness"],"picked":"SKIP","floor":5},{"not_picked":["Clothesline","Sword Boomerang","Armaments"],"picked":"SKIP","floor":6},{"not_picked":["Intimidate","Cleave","Second Wind"],"picked":"SKIP","floor":7},{"not_picked":["True Grit","Rupture","Pommel Strike"],"picked":"SKIP","floor":12},{"not_picked":["Pommel Strike","Wild Strike","Clash"],"picked":"SKIP","floor":13},{"not_picked":["Dark Embrace","Offering"],"picked":"Reaper","floor":16},{"not_picked":["Burning Pact","Clash"],"picked":"Metallicize","floor":18},{"not_picked":["Cleave","Headbutt"],"picked":"Disarm","floor":19},{"not_picked":["Wild Strike","Battle Trance"],"picked":"Headbutt+1","floor":21},{"not_picked":["Armaments","Perfected Strike"],"picked":"Fire Breathing+1","floor":30},{"not_picked":["Whirlwind","Armaments"],"picked":"Shrug It Off+1","floor":31},{"not_picked":["Exhume","Feed"],"picked":"Bludgeon","floor":33},{"not_picked":[],"picked":"Pommel Strike","floor":35},{"not_picked":[],"picked":"Purity","floor":36},{"not_picked":["Fire Breathing"],"picked":"SKIP","floor":38},{"not_picked":[],"picked":"Carnage+1","floor":39},{"not_picked":["Clash+1"],"picked":"SKIP","floor":40},{"not_picked":["True Grit"],"picked":"SKIP","floor":42},{"not_picked":["Sentinel"],"picked":"SKIP","floor":48},{"not_picked":["Sentinel"],"picked":"SKIP","floor":48},{"not_picked":[],"picked":"Battle Trance","floor":54}],"player_experience":289569,"relics_obtained":[{"floor":6,"key":"The Courier"},{"floor":9,"key":"Meat on the Bone"},{"floor":24,"key":"Necronomicon"},{"floor":28,"key":"Lantern"},{"floor":43,"key":"Shuriken"},{"floor":46,"key":"Champion Belt"},{"floor":47,"key":"Gambling Chip"},{"floor":54,"key":"Calipers"}],"event_choices":[{"cards_removed":["Strike_R"],"damage_healed":0,"gold_gain":0,"player_choice":"Purged","damage_taken":0,"max_hp_gain":0,"max_hp_loss":0,"event_name":"Purifier","floor":2,"gold_loss":0},{"cards_removed":["Strike_R"],"damage_healed":0,"gold_gain":0,"player_choice":"Card Removal","damage_taken":7,"max_hp_gain":0,"max_hp_loss":0,"event_name":"Golden Wing","floor":14,"gold_loss":0},{"damage_healed":0,"gold_gain":0,"player_choice":"Read","damage_taken":0,"max_hp_gain":0,"max_hp_loss":0,"event_name":"The Library","floor":20,"gold_loss":0,"cards_obtained":["Shrug It Off"]},{"damage_healed":0,"gold_gain":0,"player_choice":"Simplicity","damage_taken":0,"max_hp_gain":0,"max_hp_loss":0,"event_name":"Back to Basics","floor":22,"gold_loss":0,"cards_upgraded":["Strike_R","Strike_R","Defend_R","Defend_R","Defend_R","Defend_R"]},{"damage_healed":0,"gold_gain":0,"player_choice":"Obtained Book","damage_taken":16,"max_hp_gain":0,"max_hp_loss":0,"event_name":"Cursed Tome","floor":24,"gold_loss":0},{"damage_healed":0,"gold_gain":0,"player_choice":"Memory 3","damage_taken":10,"max_hp_gain":0,"max_hp_loss":0,"event_name":"SensoryStone","floor":36,"gold_loss":0},{"cards_removed":["Fire Breathing"],"damage_healed":0,"gold_gain":0,"player_choice":"Removed Power","damage_taken":0,"max_hp_gain":0,"max_hp_loss":0,"event_name":"Falling","floor":37,"gold_loss":0},{"damage_healed":0,"gold_gain":0,"player_choice":"Embrace Madness","damage_taken":12,"max_hp_gain":0,"max_hp_loss":0,"event_name":"Winding Halls","floor":44,"gold_loss":0,"cards_obtained":["Madness","Madness"]},{"damage_healed":0,"gold_gain":0,"player_choice":"Fight","damage_taken":0,"max_hp_gain":0,"max_hp_loss":0,"event_name":"Mysterious Sphere","floor":47,"gold_loss":0}],"is_beta":false,"boss_relics":[{"not_picked":["Tiny House","Sozu"],"picked":"Mark of Pain"},{"not_picked":["Snecko Eye","Runic Cube"],"picked":"Busted Crown"}],"items_purged_floors":[10,53],"is_endless":false,"potions_floor_spawned":[3,4,16,19,33,39,40,42,48],"ascension_level":0}