{"gold_per_floor":[113,113,113,123,137,137,137,162,185,205,218,228,228,261,261,364,364,382,452,228,238,258,258,272,322,345,265,284,118,153,172,172,271,271,286,355,365,415,63,94,104,104,104,123,157,207,217,252,252,252],"floor_reached":51,"playtime":1581,"items_purged":["Defend_G","Strike_G","Defend_G","Defend_G"],"score":973,"play_id":"61068f8f-15cf-4289-8787-4da6371d570d","local_time":"20190218122717","is_ascension_mode":false,"campfire_choices":[{"data":"Skewer","floor":6.0,"key":"SMITH"},{"data":"Endless Agony","floor":13.0,"key":"SMITH"},{"data":"Glass Knife","floor":15.0,"key":"SMITH"},{"data":"Doppelganger","floor":23.0,"key":"SMITH"},{"floor":32.0,"key":"REST"},{"data":"Adrenaline","floor":42,"key":"SMITH"},{"data":"Neutralize","floor":49,"key":"SMITH"}],"neow_cost":"TEN_PERCENT_HP_LOSS","seed_source_timestamp":229943030966974,"circlet_count":0,"master_deck":["Defend_G","Strike_G+1","Strike_G","Strike_G","Survivor","Neutralize+1","Envenom+1","Doppelganger+1","Skewer+1","Endless Agony+1","Slice","Concentrate","Glass Knife+1","Blade Dance+1","Endless Agony+1","Slice","Flash of Steel","Adrenaline+1","Adrenaline","Flash of Steel+1","Masterful Stab+1","Masterful Stab+1","Backstab+1"],"special_seed":0,"relics":["Ring of the Snake","SsserpentHead","Bag of Preparation","Regal Pillow","Torii","WristBlade","Lantern","The Courier","Ancient Tea Set","Mercury Hourglass","Coffee Dripper","Molten Egg 2","DollysMirror","PreservedInsect","Pen Nib","Dream Catcher","Unceasing Top"],"potions_floor_usage":[50,50,50],"damage_taken":[{"damage":0.0,"enemies":"Jaw Worm","floor":1.0,"turns":6.0},{"damage":0.0,"enemies":"Cultist","floor":4.0,"turns":3.0},{"damage":5.0,"enemies":"Small Slimes","floor":5.0,"turns":3.0},{"damage":0.0,"enemies":"Lagavulin","floor":8.0,"turns":5.0},{"damage":4.0,"enemies":"Gremlin Gang","floor":10.0,"turns":4.0},{"damage":0.0,"enemies":"Blue Slaver","floor":11.0,"turns":2.0},{"damage":4.0,"enemies":"Red Slaver","floor":12.0,"turns":4.0},{"damage":0.0,"enemies":"Gremlin Nob","floor":14.0,"turns":3.0},{"damage":1.0,"enemies":"Slime Boss","floor":16.0,"turns":6.0},{"damage":0.0,"enemies":"3 Byrds","floor":18.0,"turns":4.0},{"damage":20.0,"enemies":"2 Thieves","floor":19.0,"turns":3.0},{"damage":6.0,"enemies":"Snecko","floor":21.0,"turns":3.0},{"damage":9.0,"enemies":"Shelled Parasite and Fungi","floor":22.0,"turns":3.0},{"damage":15.0,"enemies":"Snake Plant","floor":24.0,"turns":2.0},{"damage":0.0,"enemies":"Cultist and Chosen","floor":28.0,"turns":4.0},{"damage":0.0,"enemies":"Gremlin Leader","floor":30.0,"turns":2.0},{"damage":6.0,"enemies":"Shelled Parasite and Fungi","floor":31.0,"turns":2.0},{"damage":35.0,"enemies":"Automaton","floor":33.0,"turns":6.0},{"damage":0.0,"enemies":"3 Shapes","floor":35.0,"turns":2.0},{"damage":16.0,"enemies":"3 Darklings","floor":36.0,"turns":3.0},{"damage":0.0,"enemies":"Sphere and 2 Shapes","floor":37.0,"turns":2.0},{"damage":26,"enemies":"Giant Head","floor":40,"turns":6},{"damage":0,"enemies":"Jaw Worm Horde","floor":41,"turns":1},{"damage":0,"enemies":"3 Darklings","floor":44,"turns":2},{"damage":0,"enemies":"Reptomancer","floor":45,"turns":2},{"damage":16,"enemies":"Maw","floor":47,"turns":4},{"damage":0,"enemies":"Nemesis","floor":48,"turns":1},{"damage":0,"enemies":"Time Eater","floor":50,"turns":1}],"seed_played":"-7510877469449150510","potions_obtained":[{"floor":1.0,"key":"Poison Potion"},{"floor":5.0,"key":"Swift Potion"},{"floor":11.0,"key":"AttackPotion"},{"floor":14.0,"key":"FearPotion"},{"floor":16.0,"key":"AttackPotion"},{"floor":30.0,"key":"AttackPotion"},{"floor":31.0,"key":"Dexterity Potion"},{"floor":37.0,"key":"Fruit Juice"},{"floor":41,"key":"AttackPotion"},{"floor":45,"key":"FearPotion"},{"floor":48,"key":"Strength Potion"}],"is_trial":false,"path_per_floor":["M","?","?","M","M","R","?","E","T","M","M","M","R","E","R","B",null,"M","M","$","M","M","R","M","?","T","$","M","$","E","M","R","B",null,"M","M","M","T","$","E","M","R","T","M","E","?","M","E","R","B",null],"character_chosen":"THE_SILENT","items_purchased":["Lantern","Flash of Steel","DollysMirror","Flash of Steel+1"],"campfire_rested":1,"item_purchase_floors":[20,29,39,39],"current_hp_per_floor":[63,50,50,50,45,45,45,45,45,41,41,37,37,37,37,36,63,63,43,43,37,28,28,13,13,13,13,13,13,13,7,40,5,63,63,47,52,52,52,26,26,26,26,26,26,26,10,10,10,10],"gold":252,"neow_bonus":"TRANSFORM_TWO_CARDS","is_prod":false,"is_daily":false,"chose_seed":false,"campfire_upgraded":6,"win_rate":0,"timestamp":1550489237,"path_taken":["M","?","?","?","M","R","?","E","T","M","M","M","R","E","R","BOSS","M","?","$","M","M","R","M","?","T","$","M","$","E","M","R","BOSS","M","?","M","?","$","E","M","R","T","M","E","?","M","E","R","BOSS"],"build_version":"2019-01-23","purchased_purges":4,"victory":true,"max_hp_per_floor":[63,63,63,63,63,63,63,63,63,63,63,63,63,63,63,63,63,63,63,63,63,63,63,63,63,63,63,63,63,63,63,63,63,63,63,63,68,68,68,68,68,68,68,68,68,68,68,68,68,68],"card_choices":[{"not_picked":["Crippling Poison","Blur"],"picked":"Skewer","floor":1.0},{"not_picked":["Cloak And Dagger","Quick Slash","Footwork"],"picked":"SKIP","floor":4.0},{"not_picked":["Flechettes","Deadly Poison"],"picked":"Endless Agony","floor":5.0},{"not_picked":["Dodge and Roll","Distraction"],"picked":"Slice","floor":8.0},{"not_picked":["Acrobatics","Skewer","PiercingWail"],"picked":"SKIP","floor":10.0},{"not_picked":["Quick Slash","Reflex"],"picked":"Concentrate","floor":11.0},{"not_picked":["Setup","Slice","Quick Slash"],"picked":"SKIP","floor":12.0},{"not_picked":["Slice","Flying Knee"],"picked":"Glass Knife","floor":14.0},{"not_picked":["Bane","Dagger Spray","Deflect"],"picked":"SKIP","floor":18.0},{"not_picked":["Blade Dance","Predator","Flying Knee"],"picked":"SKIP","floor":19.0},{"not_picked":["Riddle With Holes+1","Dodge and Roll+1"],"picked":"Blade Dance+1","floor":21.0},{"not_picked":["Dodge and Roll+1","Cloak And Dagger"],"picked":"Endless Agony+1","floor":22.0},{"not_picked":["Night Terror","Deadly Poison","Outmaneuver+1"],"picked":"SKIP","floor":24.0},{"not_picked":["Dagger Throw","Crippling Poison"],"picked":"Slice","floor":28.0},{"not_picked":["Sucker Punch","Deadly Poison","Envenom"],"picked":"SKIP","floor":30.0},{"not_picked":["Cloak And Dagger","Eviscerate","Quick Slash"],"picked":"SKIP","floor":31.0},{"not_picked":["After Image","Tools of the Trade"],"picked":"Adrenaline","floor":33.0},{"not_picked":["Deflect+1","Flying Knee","Slice+1"],"picked":"SKIP","floor":35.0},{"not_picked":["Crippling Poison+1","Setup","Flying Knee+1"],"picked":"SKIP","floor":36.0},{"not_picked":["Poisoned Stab+1","Footwork","Well Laid Plans"],"picked":"SKIP","floor":37.0},{"not_picked":["Tactician+1","Corpse Explosion","Slice+1"],"picked":"SKIP","floor":40},{"not_picked":["Blade Dance","Dagger Spray+1"],"picked":"Masterful Stab+1","floor":41},{"not_picked":["Dagger Throw+1","Acrobatics+1","PiercingWail+1"],"picked":"SKIP","floor":44},{"not_picked":["A Thousand Cuts","Flying Knee+1"],"picked":"Masterful Stab+1","floor":45},{"not_picked":["Crippling Poison+1","Leg Sweep","Deflect"],"picked":"SKIP","floor":47},{"not_picked":["Prepared+1","Cloak And Dagger+1"],"picked":"Backstab+1","floor":48}],"player_experience":1101801,"relics_obtained":[{"floor":8.0,"key":"Bag of Preparation"},{"floor":9.0,"key":"Regal Pillow"},{"floor":14.0,"key":"Torii"},{"floor":26.0,"key":"Ancient Tea Set"},{"floor":30.0,"key":"Mercury Hourglass"},{"floor":38.0,"key":"Molten Egg 2"},{"floor":40,"key":"PreservedInsect"},{"floor":43,"key":"Pen Nib"},{"floor":45,"key":"Dream Catcher"},{"floor":48,"key":"Unceasing Top"}],"event_choices":[{"damage_healed":0.0,"max_hp_gain":0.0,"max_hp_loss":0.0,"gold_gain":0.0,"event_name":"Shining Light","player_choice":"Entered Light","floor":2.0,"gold_loss":0.0,"damage_taken":13.0,"cards_upgraded":["Strike_G","Envenom"]},{"damage_healed":0.0,"max_hp_gain":0.0,"max_hp_loss":0.0,"gold_gain":0.0,"event_name":"Match and Keep!","player_choice":"1 cards matched","floor":3.0,"gold_loss":0.0,"damage_taken":0.0,"cards_obtained":["Neutralize"]},{"damage_healed":0.0,"max_hp_gain":0.0,"max_hp_loss":0.0,"gold_gain":0.0,"event_name":"FaceTrader","player_choice":"Trade","floor":7.0,"gold_loss":0.0,"damage_taken":0.0,"relics_obtained":["SsserpentHead"]},{"damage_healed":0.0,"max_hp_gain":0.0,"max_hp_loss":0.0,"gold_gain":0.0,"event_name":"WeMeetAgain","player_choice":"Gave Potion","floor":25.0,"gold_loss":0.0,"damage_taken":0.0,"relics_obtained":["The Courier"]},{"cards_removed":["Neutralize"],"damage_healed":0,"gold_gain":0,"player_choice":"Removed Attack","damage_taken":0,"max_hp_gain":0,"max_hp_loss":0,"event_name":"Falling","floor":46,"gold_loss":0}],"is_beta":false,"boss_relics":[{"not_picked":["Cursed Key","Runic Pyramid"],"picked":"WristBlade"},{"not_picked":["Orrery","Fusion Hammer"],"picked":"Coffee Dripper"}],"items_purged_floors":[20,27,29,39],"is_endless":false,"potions_floor_spawned":[1,5,11,14,16,18,22,30,31,37,41,45,48],"ascension_level":0}