{"gold_per_floor":[118,138,148,165,179,214,214,226,226,243,243,189,199,231,231,329,329,343,358,283,296,328,328,328],"floor_reached":24,"playtime":2903,"items_purged":[],"score":237,"play_id":"903d3399-ba0a-4a3d-bb4d-c33169afb85a","local_time":"20180708010126","is_ascension_mode":false,"campfire_choices":[{"floor":7.0,"key":"REST"},{"floor":15.0,"key":"REST"}],"neow_cost":"","seed_source_timestamp":2149674533919863,"circlet_count":0,"master_deck":["Defend_B","Defend_B","Defend_B","Defend_B","Zap","Dualcast","Coolheaded","Redo","Go for the Eyes","Doom and Gloom","Echo Form","Go for the Eyes","Streamline","BootSequence","Ball Lightning","Ball Lightning","Rebound","Conserve Battery","Beam Cell+1","Bite","Bite","Bite","Bite","Bite"],"special_seed":0,"relics":["Cracked Core","Question Card","Kunai","Prayer Wheel","Velvet Choker","Red Mask"],"potions_floor_usage":[22,22],"damage_taken":[{"damage":12.0,"enemies":"Small Slimes","floor":1.0,"turns":4.0},{"damage":4.0,"enemies":"Cultist","floor":2.0,"turns":3.0},{"damage":2.0,"enemies":"2 Louse","floor":3.0,"turns":3.0},{"damage":5.0,"enemies":"Blue Slaver","floor":4.0,"turns":4.0},{"damage":0.0,"enemies":"3 Louse","floor":5.0,"turns":1.0},{"damage":32.0,"enemies":"3 Sentries","floor":6.0,"turns":8.0},{"damage":7.0,"enemies":"Looter","floor":8.0,"turns":2.0},{"damage":20.0,"enemies":"Exordium Thugs","floor":10.0,"turns":4.0},{"damage":0.0,"enemies":"Large Slime","floor":13.0,"turns":4.0},{"damage":6.0,"enemies":"Lagavulin","floor":14.0,"turns":4.0},{"damage":10.0,"enemies":"Hexaghost","floor":16.0,"turns":10.0},{"damage":33.0,"enemies":"Shell Parasite","floor":18.0,"turns":5.0},{"damage":0.0,"enemies":"Chosen","floor":19.0,"turns":4.0},{"damage":12.0,"enemies":"Snake Plant","floor":21.0,"turns":4.0},{"damage":29,"floor":22,"turns":4},{"damage":7,"enemies":"Slavers","floor":24,"turns":1}],"seed_played":"-5789914113799383377","potions_obtained":[{"floor":4.0,"key":"Explosive Potion"},{"floor":5.0,"key":"LiquidBronze"},{"floor":6.0,"key":"FearPotion"},{"floor":10.0,"key":"Block Potion"},{"floor":14.0,"key":"Explosive Potion"},{"floor":21.0,"key":"SteroidPotion"}],"is_trial":false,"path_per_floor":["M","M","M","M","M","E","R","M","T","M","?","$","M","E","R","B",null,"M","M","?","M","?","?"],"character_chosen":"DEFECT","items_purchased":["Ball Lightning"],"campfire_rested":2,"item_purchase_floors":[12],"current_hp_per_floor":[63,59,57,52,52,20,42,35,35,15,15,15,15,9,31,21,75,42,42,42,30,1,1,0],"gold":328,"neow_bonus":"","is_prod":false,"is_daily":false,"chose_seed":false,"campfire_upgraded":0,"win_rate":0.0,"timestamp":1531026086,"path_taken":["M","M","M","M","M","E","R","M","T","M","?","$","M","E","R","BOSS","M","M","?","M","?","?","E"],"build_version":"2018-07-05","purchased_purges":0,"victory":false,"max_hp_per_floor":[75,75,75,75,75,75,75,75,75,75,75,75,75,75,75,75,75,75,75,75,75,75,52,52],"card_choices":[{"not_picked":["Barrage","Capacitor"],"picked":"Coolheaded","floor":1.0},{"not_picked":["Chill","Conserve Battery"],"picked":"Redo","floor":2.0},{"not_picked":["Hologram","Beam Cell"],"picked":"Go for the Eyes","floor":3.0},{"not_picked":["Auto Shields","Fusion"],"picked":"Doom and Gloom","floor":4.0},{"not_picked":["FTL","Streamline"],"picked":"Echo Form","floor":5.0},{"not_picked":["FTL","Rebound"],"picked":"Go for the Eyes","floor":6.0},{"not_picked":["Capacitor","Barrage","Scrape"],"picked":"Streamline","floor":8.0},{"not_picked":["Melter","Hello World","Static Discharge"],"picked":"BootSequence","floor":10.0},{"not_picked":["Static Discharge","Stack","Biased Cognition","FTL"],"picked":"SKIP","floor":13.0},{"not_picked":["Chill","Darkness","Sweeping Beam"],"picked":"Ball Lightning","floor":14.0},{"not_picked":["Aggregate","Sunder","Steam","Go for the Eyes+1"],"picked":"SKIP","floor":18.0},{"not_picked":["Hologram","Force Field","Darkness","Redo"],"picked":"SKIP","floor":18.0},{"not_picked":["Cold Snap+1","Reinforced Body","Conserve Battery"],"picked":"Rebound","floor":19.0},{"not_picked":["Coolheaded","Go for the Eyes","Leap"],"picked":"Conserve Battery","floor":19.0},{"not_picked":["All For One","Conserve Battery","Steam+1"],"picked":"Beam Cell+1","floor":21.0},{"not_picked":["Steam","Coolheaded","Reprogram","Barrage+1"],"picked":"SKIP","floor":21.0}],"player_experience":125919,"relics_obtained":[{"floor":6.0,"key":"Question Card"},{"floor":9.0,"key":"Kunai"},{"floor":14.0,"key":"Prayer Wheel"},{"floor":22,"key":"Red Mask"}],"event_choices":[{"event_name":"Match and Keep!","player_choice":"0 cards matched","floor":11.0,"damage_taken":0.0},{"event_name":"Beggar","player_choice":"Gave Gold","floor":20.0,"damage_taken":0.0},{"event_name":"Masked Bandits","player_choice":"Fought over 296 gold","floor":22,"damage_taken":0},{"event_name":"Vampires","player_choice":"Became a vampire","floor":23,"damage_taken":0}],"boss_relics":[{"not_picked":["Fusion Hammer","Astrolabe"],"picked":"Velvet Choker"}],"items_purged_floors":[],"is_endless":false,"potions_floor_spawned":[4,5,6,10,14,21],"killed_by":"Slavers","ascension_level":0}