{"gold_per_floor":[112,126,126,45,63,97,97,124,124,136,146,171,232,232,232,232],"floor_reached":16,"playtime":594,"items_purged":[],"score":180,"play_id":"0ce79c08-dbc8-417f-9898-0265c03b358b","local_time":"20190211214102","is_ascension_mode":true,"campfire_choices":[{"data":"Melter","floor":7,"key":"SMITH"},{"data":"Dualcast","floor":15,"key":"SMITH"}],"neow_cost":"CURSE","seed_source_timestamp":4395569426170,"circlet_count":0,"master_deck":["AscendersBane","Strike_B","Strike_B","Strike_B","Strike_B","Defend_B","Defend_B","Defend_B+1","Defend_B+1","Zap+1","Dualcast+1","Clumsy","Electrodynamics","Cold Snap","Melter+1","Seek","Sunder+1","FTL+1","Beam Cell+1"],"relics":["Cracked Core","FossilizedHelix","Potion Belt","Molten Egg 2","Letter Opener","Bronze Scales","Ancient Tea Set"],"potions_floor_usage":[6,12,13],"damage_taken":[{"damage":0,"enemies":"2 Louse","floor":1,"turns":2},{"damage":0,"enemies":"Cultist","floor":2,"turns":3},{"damage":0,"enemies":"Small Slimes","floor":5,"turns":2},{"damage":10,"enemies":"3 Sentries","floor":6,"turns":5},{"damage":6,"enemies":"Gremlin Nob","floor":8,"turns":4},{"damage":0,"enemies":"3 Louse","floor":10,"turns":1},{"damage":0,"enemies":"2 Fungi Beasts","floor":11,"turns":3},{"damage":8,"enemies":"Lagavulin","floor":12,"turns":4},{"damage":0,"enemies":"Lagavulin Event","floor":13,"turns":3},{"damage":30,"enemies":"Slime Boss","floor":16,"turns":5}],"seed_played":"-5877977514408032452","potions_obtained":[{"floor":5,"key":"AttackPotion"},{"floor":6,"key":"Fire Potion"},{"floor":10,"key":"Swift Potion"}],"is_trial":false,"path_per_floor":["M","M","?","$","M","E","R","E","T","M","M","E","?","?","R","B"],"character_chosen":"DEFECT","items_purchased":["Electrodynamics"],"campfire_rested":0,"item_purchase_floors":[4],"current_hp_per_floor":[68,68,68,68,68,58,58,52,52,52,52,44,44,29,29,0],"gold":232,"neow_bonus":"ONE_RARE_RELIC","is_prod":false,"is_daily":false,"chose_seed":false,"campfire_upgraded":2,"win_rate":0,"timestamp":1549917662,"path_taken":["M","M","?","?","M","E","R","E","T","M","M","E","?","?","R","BOSS"],"build_version":"2019-01-23","purchased_purges":0,"victory":false,"max_hp_per_floor":[75,75,75,75,75,75,75,75,75,75,75,75,75,75,75,75],"card_choices":[{"not_picked":["Conserve Battery","Heatsinks","Reprogram"],"picked":"SKIP","floor":1},{"not_picked":["Reprogram","Leap","Beam Cell"],"picked":"SKIP","floor":2},{"not_picked":["Leap","Rebound"],"picked":"Cold Snap","floor":5},{"not_picked":["Gash","Loop"],"picked":"Melter","floor":6},{"not_picked":["Rebound","Reinforced Body"],"picked":"Seek","floor":8},{"not_picked":["Steam","Rebound+1","Stack"],"picked":"SKIP","floor":10},{"not_picked":["Gash+1","Turbo"],"picked":"Sunder+1","floor":11},{"not_picked":["Reboot","Sweeping Beam+1"],"picked":"FTL+1","floor":12},{"not_picked":["Streamline+1","Stack"],"picked":"Beam Cell+1","floor":13}],"player_experience":1049354,"relics_obtained":[{"floor":6,"key":"Potion Belt"},{"floor":8,"key":"Molten Egg 2"},{"floor":9,"key":"Letter Opener"},{"floor":12,"key":"Bronze Scales"},{"floor":13,"key":"Ancient Tea Set"}],"event_choices":[{"damage_healed":0,"gold_gain":0,"player_choice":"Forge","damage_taken":0,"max_hp_gain":0,"max_hp_loss":0,"event_name":"Accursed Blacksmith","floor":3,"gold_loss":0,"cards_upgraded":["Zap"]},{"damage_healed":0,"gold_gain":0,"player_choice":"Searched \u00271\u0027 times","damage_taken":0,"max_hp_gain":0,"max_hp_loss":0,"event_name":"Dead Adventurer","floor":13,"gold_loss":0},{"damage_healed":0,"gold_gain":0,"player_choice":"Entered Light","damage_taken":15,"max_hp_gain":0,"max_hp_loss":0,"event_name":"Shining Light","floor":14,"gold_loss":0,"cards_upgraded":["Defend_B","Defend_B"]}],"is_beta":false,"boss_relics":[],"items_purged_floors":[],"is_endless":false,"potions_floor_spawned":[5,6,10],"killed_by":"Slime Boss","ascension_level":10}