{"gold_per_floor":[116,116,116,130,25,59,59,77,155,174,194,194,194,210,210,286,286,305,114,114,127,127,127,162,162,162,178,188,188,208,208,208,208],"floor_reached":33,"playtime":1796,"items_purged":["Shame","Regret"],"score":584,"play_id":"7689cd07-862d-49b3-b088-406ece92c85b","local_time":"20181029221836","is_ascension_mode":true,"campfire_choices":[{"floor":7,"key":"REST"},{"floor":12,"key":"REST"},{"floor":15,"key":"REST"},{"floor":23,"key":"REST"},{"floor":25,"key":"REST"},{"floor":29,"key":"REST"},{"floor":32,"key":"REST"}],"neow_cost":"CURSE","seed_source_timestamp":172792802867099,"circlet_count":0,"master_deck":["Strike_R","Strike_R+1","Strike_R","Strike_R","Strike_R","Defend_R","Defend_R","Defend_R","Defend_R+1","Bash","AscendersBane","Shrug It Off","Armaments","Heavy Blade","Inflame","Feed","Headbutt","Iron Wave","Dark Embrace","Twin Strike+1","Bandage Up","Feel No Pain","Flame Barrier+1","Pummel","Heavy Blade+1","Fiend Fire"],"relics":["Burning Blood","Mango","Red Skull","Gremlin Horn","Darkstone Periapt","Omamori","Sozu","Sundial","Thread and Needle"],"potions_floor_usage":[16,21,33],"damage_taken":[{"damage":11,"enemies":"2 Louse","floor":1,"turns":5},{"damage":6,"enemies":"Cultist","floor":4,"turns":4},{"damage":49,"enemies":"Gremlin Nob","floor":6,"turns":5},{"damage":6,"enemies":"Small Slimes","floor":8,"turns":3},{"damage":4,"enemies":"Exordium Wildlife","floor":10,"turns":3},{"damage":0,"enemies":"Large Slime","floor":11,"turns":3},{"damage":23,"enemies":"2 Fungi Beasts","floor":14,"turns":6},{"damage":60,"enemies":"The Guardian","floor":16,"turns":13},{"damage":23,"enemies":"3 Byrds","floor":18,"turns":6},{"damage":47,"enemies":"Colosseum Slavers","floor":20,"turns":6},{"damage":17,"enemies":"2 Thieves","floor":21,"turns":4},{"damage":41,"enemies":"Gremlin Leader","floor":24,"turns":6},{"damage":27,"enemies":"Snake Plant","floor":27,"turns":5},{"damage":31,"enemies":"Snecko","floor":28,"turns":5},{"damage":42,"enemies":"Centurion and Healer","floor":30,"turns":5},{"damage":106,"enemies":"Collector","floor":33,"turns":8}],"seed_played":"-4959301004711179706","potions_obtained":[{"floor":6,"key":"SpeedPotion"},{"floor":14,"key":"Block Potion"},{"floor":16,"key":"SpeedPotion"}],"is_trial":false,"path_per_floor":["M","?","?","M","$","E","R","M","T","M","M","R","?","M","R","B",null,"M","$","?","M","?","R","E","R","T","M","M","R","M","?","R"],"character_chosen":"IRONCLAD","items_purchased":["Armaments","Bandage Up"],"campfire_rested":7,"item_purchase_floors":[5,19],"current_hp_per_floor":[77,77,50,50,50,7,33,33,33,35,44,71,77,64,94,43,90,76,76,42,38,38,72,41,75,75,58,39,73,44,44,79,0],"gold":208,"neow_bonus":"ONE_RARE_RELIC","is_prod":false,"is_daily":false,"chose_seed":false,"campfire_upgraded":0,"win_rate":0,"timestamp":1540876716,"path_taken":["M","?","?","M","$","E","R","M","T","M","M","R","?","?","R","BOSS","M","$","?","?","?","R","E","R","T","?","M","R","M","?","R","BOSS"],"build_version":"2018-10-25v2","purchased_purges":2,"victory":false,"max_hp_per_floor":[89,89,89,89,89,89,89,89,89,89,92,92,98,102,102,105,105,108,108,111,114,114,114,114,114,114,114,114,114,117,117,117,117],"card_choices":[{"not_picked":["Perfected Strike","Wild Strike"],"picked":"Sword Boomerang","floor":1},{"not_picked":["True Grit","Body Slam"],"picked":"Shrug It Off","floor":4},{"not_picked":["Hemokinesis","Pommel Strike"],"picked":"Heavy Blade","floor":6},{"not_picked":["Anger","Second Wind"],"picked":"Inflame","floor":8},{"not_picked":["Rampage","Second Wind"],"picked":"Feed","floor":10},{"not_picked":["Body Slam","Corruption"],"picked":"Headbutt","floor":11},{"not_picked":["Perfected Strike","Havoc"],"picked":"Iron Wave","floor":14},{"not_picked":["Fiend Fire","Barricade"],"picked":"Dark Embrace","floor":16},{"not_picked":["Headbutt","Body Slam"],"picked":"Twin Strike+1","floor":18},{"not_picked":["Havoc","Armaments"],"picked":"Feel No Pain","floor":21},{"not_picked":["Thunderclap","Sword Boomerang"],"picked":"Flame Barrier+1","floor":24},{"not_picked":["Anger","Havoc"],"picked":"Pummel","floor":27},{"not_picked":["Bloodletting","Wild Strike"],"picked":"Heavy Blade+1","floor":28},{"not_picked":["Carnage+1","Sword Boomerang"],"picked":"Fiend Fire","floor":30}],"player_experience":241819,"relics_obtained":[{"floor":6,"key":"Gremlin Horn"},{"floor":9,"key":"Darkstone Periapt"},{"floor":24,"key":"Sundial"},{"floor":26,"key":"Thread and Needle"}],"event_choices":[{"cards_removed":["Sword Boomerang"],"damage_healed":0,"gold_gain":0,"player_choice":"Gave Card","damage_taken":0,"relics_obtained":["Red Skull"],"max_hp_gain":0,"max_hp_loss":0,"event_name":"WeMeetAgain","floor":2,"gold_loss":0},{"damage_healed":0,"gold_gain":0,"player_choice":"Entered Light","damage_taken":27,"max_hp_gain":0,"max_hp_loss":0,"event_name":"Shining Light","floor":3,"gold_loss":0,"cards_upgraded":["Defend_R","Strike_R"]},{"damage_healed":0,"gold_gain":0,"player_choice":"Box","damage_taken":0,"relics_obtained":["Omamori"],"max_hp_gain":0,"max_hp_loss":0,"event_name":"Big Fish","floor":13,"gold_loss":0,"cards_obtained":["Regret"]},{"damage_healed":0,"gold_gain":0,"player_choice":"Fight","damage_taken":0,"max_hp_gain":0,"max_hp_loss":0,"event_name":"Colosseum","floor":20,"gold_loss":0},{"damage_healed":0,"gold_gain":0,"player_choice":"Fled From Nobs","damage_taken":0,"max_hp_gain":0,"max_hp_loss":0,"event_name":"Colosseum","floor":20,"gold_loss":0},{"damage_healed":0,"gold_gain":0,"player_choice":"Got Potions","damage_taken":0,"max_hp_gain":0,"max_hp_loss":0,"event_name":"The Lab","floor":22,"gold_loss":0},{"damage_healed":0,"gold_gain":0,"player_choice":"Smashed Altar","damage_taken":0,"max_hp_gain":0,"max_hp_loss":0,"event_name":"Forgotten Altar","floor":31,"gold_loss":0,"cards_obtained":["Decay"]}],"is_beta":false,"boss_relics":[{"not_picked":["Fusion Hammer","Velvet Choker"],"picked":"Sozu"}],"items_purged_floors":[5,19],"is_endless":false,"potions_floor_spawned":[6,14,16,18,20,21],"killed_by":"Collector","ascension_level":20}