{"gold_per_floor":[111,111,130,130,148,176,53,79,79,79,135,33,43,62,62,167,167,187,187,200,200,200,200,211,231,231,132,143,143,163,163,163,264,264,274,286,302,202,1201,1201,1232,1232,1311,1340,1340,1340,6,17,17,17],"floor_reached":51,"playtime":4220,"items_purged":["Regret","Feel No Pain","Doubt"],"score":1011,"play_id":"b9a607c1-dba2-45fc-a295-26a3ae20e77a","local_time":"20190212022654","is_ascension_mode":true,"campfire_choices":[{"data":"Havoc","floor":10,"key":"SMITH"},{"floor":15,"key":"REST"},{"data":"Demon Form","floor":23,"key":"SMITH"},{"floor":32,"key":"REST"},{"floor":40,"key":"REST"},{"floor":42,"key":"REST"},{"floor":49,"key":"REST"}],"neow_cost":"NONE","seed_source_timestamp":1314534036938114,"circlet_count":0,"master_deck":["Strike_R+1","Strike_R+1","Strike_R+1","Strike_R+1","Strike_R+1","Defend_R+1","Defend_R+1","Bash+1","Anger","Havoc+1","Twin Strike","Shrug It Off","Perfected Strike","Exhume","Demon Form+1","Intimidate+1","Shockwave+1","Heavy Blade","Wild Strike","Double Tap","Heavy Blade+1","Shrug It Off+1","Infernal Blade","Flash of Steel","Pummel"],"relics":["Burning Blood","Potion Belt","Letter Opener","Lantern","Omamori","Bronze Scales","Philosopher\u0027s Stone","Nilry\u0027s Codex","Shuriken","Cursed Key","The Courier","Kunai","Singing Bowl","Vajra","Bottled Tornado","Ornamental Fan","Red Skull","Anchor","Mercury Hourglass"],"potions_floor_usage":[11,11,16,16,20,30,33,33,33,36,37,37,41,41,44,44,50,50],"damage_taken":[{"damage":12,"enemies":"Jaw Worm","floor":1,"turns":2},{"damage":2,"enemies":"Small Slimes","floor":3,"turns":3},{"damage":2,"enemies":"2 Louse","floor":5,"turns":3},{"damage":36,"enemies":"Gremlin Nob","floor":6,"turns":4},{"damage":4,"enemies":"Gremlin Nob","floor":11,"turns":3},{"damage":0,"enemies":"Blue Slaver","floor":13,"turns":2},{"damage":12,"enemies":"Exordium Wildlife","floor":14,"turns":3},{"damage":28,"enemies":"Slime Boss","floor":16,"turns":13},{"damage":6,"enemies":"Chosen","floor":18,"turns":3},{"damage":4,"enemies":"3 Byrds","floor":20,"turns":3},{"damage":5,"enemies":"3 Cultists","floor":24,"turns":4},{"damage":13,"enemies":"Shelled Parasite and Fungi","floor":25,"turns":4},{"damage":3,"enemies":"Chosen and Byrds","floor":28,"turns":4},{"damage":10,"enemies":"Centurion and Healer","floor":30,"turns":4},{"damage":30,"enemies":"Collector","floor":33,"turns":8},{"damage":35,"enemies":"3 Darklings","floor":35,"turns":5},{"damage":18,"enemies":"3 Shapes","floor":36,"turns":3},{"damage":25,"enemies":"Maw","floor":37,"turns":5},{"damage":46,"enemies":"Giant Head","floor":41,"turns":6},{"damage":28,"enemies":"Reptomancer","floor":44,"turns":5},{"damage":6,"enemies":"Spire Growth","floor":48,"turns":3},{"damage":9,"enemies":"Time Eater","floor":50,"turns":5}],"seed_played":"3986760299094644068","potions_obtained":[{"floor":5,"key":"FearPotion"},{"floor":6,"key":"Block Potion"},{"floor":14,"key":"Swift Potion"},{"floor":18,"key":"Energy Potion"},{"floor":22,"key":"EntropicBrew"},{"floor":22,"key":"Fire Potion"},{"floor":22,"key":"Regen Potion"},{"floor":30,"key":"Block Potion"},{"floor":35,"key":"Explosive Potion"},{"floor":44,"key":"Ancient Potion"}],"is_trial":false,"path_per_floor":["M","?","M","?","M","E","$","T","T","R","?","$","M","M","R","B",null,"M","?","M","?","?","R","M","M","T","$","M","$","M","?","R","B",null,"M","M","M","$","?","R","E","R","T","E","?","?","$","M","R","B",null],"character_chosen":"IRONCLAD","items_purchased":["Shrug It Off","Explosive Potion","Energy Potion","Heavy Blade","Block Potion","Flash of Steel","Vajra","Bottled Tornado","Ornamental Fan","Red Skull","Anchor","Mercury Hourglass","Pummel","Block Potion","Swift Potion","Weak Potion"],"campfire_rested":5,"item_purchase_floors":[7,12,12,27,27,47,47,47,47,47,47,47,47,47,47,47],"current_hp_per_floor":[66,66,70,70,74,44,44,44,44,44,46,46,52,46,70,48,72,72,72,74,58,58,58,59,52,52,52,55,55,51,51,75,51,73,44,32,27,27,27,51,11,35,35,15,15,15,15,17,42,39],"gold":17,"neow_bonus":"UPGRADE_CARD","is_prod":false,"is_daily":false,"chose_seed":false,"campfire_upgraded":2,"win_rate":0,"timestamp":1549956414,"path_taken":["M","?","M","?","M","E","$","?","T","R","?","$","M","?","R","BOSS","M","?","M","?","?","R","?","M","T","$","M","$","M","?","R","BOSS","M","M","M","$","?","R","E","R","T","E","?","?","$","M","R","BOSS"],"build_version":"2019-01-23","purchased_purges":3,"victory":true,"max_hp_per_floor":[80,80,80,80,80,80,80,80,80,80,80,80,80,80,80,80,80,80,80,80,80,80,80,80,80,80,80,80,80,80,80,80,80,80,80,80,80,80,80,80,80,80,80,82,82,82,82,84,84,84],"card_choices":[{"not_picked":["Warcry","Armaments","Rupture"],"picked":"SKIP","floor":1},{"not_picked":["Thunderclap","Havoc"],"picked":"Anger","floor":3},{"not_picked":["Thunderclap","Searing Blow"],"picked":"Twin Strike","floor":5},{"not_picked":["Wild Strike","Blood for Blood","Intimidate"],"picked":"SKIP","floor":6},{"not_picked":["Flex","Pummel"],"picked":"Perfected Strike","floor":13},{"not_picked":["Fire Breathing","True Grit"],"picked":"Exhume","floor":14},{"not_picked":["Juggernaut","Exhume"],"picked":"Demon Form","floor":16},{"not_picked":["Body Slam+1","True Grit"],"picked":"Feel No Pain","floor":18},{"not_picked":["Thunderclap","Clothesline"],"picked":"Intimidate+1","floor":20},{"not_picked":["Iron Wave+1","Flex","Body Slam+1"],"picked":"SKIP","floor":24},{"not_picked":["Bloodletting","Body Slam+1"],"picked":"Shockwave+1","floor":25},{"not_picked":["Shrug It Off","Headbutt"],"picked":"Wild Strike","floor":28},{"not_picked":["Inflame+1","Armaments","Flame Barrier"],"picked":"SKIP","floor":30},{"not_picked":["Feed","Demon Form"],"picked":"Double Tap","floor":33},{"not_picked":["Spot Weakness+1","Dropkick+1","Shockwave+1"],"picked":"SKIP","floor":35},{"not_picked":["Thunderclap","Headbutt+1"],"picked":"Heavy Blade+1","floor":36},{"not_picked":["Anger","Warcry"],"picked":"Shrug It Off+1","floor":37},{"not_picked":["Metallicize","Shockwave","Shrug It Off"],"picked":"SKIP","floor":41},{"not_picked":["Havoc","Body Slam","Bloodletting+1"],"picked":"Singing Bowl","floor":44},{"not_picked":["Pommel Strike+1","Barricade","Burning Pact+1"],"picked":"Singing Bowl","floor":48}],"player_experience":430518,"relics_obtained":[{"floor":6,"key":"Letter Opener"},{"floor":8,"key":"Lantern"},{"floor":9,"key":"Omamori"},{"floor":11,"key":"Bronze Scales"},{"floor":21,"key":"Nilry\u0027s Codex"},{"floor":26,"key":"Shuriken"},{"floor":41,"key":"The Courier"},{"floor":43,"key":"Kunai"},{"floor":44,"key":"Singing Bowl"}],"event_choices":[{"damage_healed":0,"gold_gain":0,"player_choice":"Box","damage_taken":0,"relics_obtained":["Potion Belt"],"max_hp_gain":0,"max_hp_loss":0,"event_name":"Big Fish","floor":2,"gold_loss":0,"cards_obtained":["Regret"]},{"damage_healed":0,"gold_gain":0,"cards_transformed":["Defend_R"],"player_choice":"Change","damage_taken":0,"max_hp_gain":0,"max_hp_loss":0,"event_name":"Living Wall","floor":4,"gold_loss":0,"cards_obtained":["Havoc"]},{"damage_healed":0,"gold_gain":0,"player_choice":"Searched \u00272\u0027 times","damage_taken":0,"max_hp_gain":0,"max_hp_loss":0,"event_name":"Dead Adventurer","floor":11,"gold_loss":0},{"damage_healed":0,"gold_gain":0,"player_choice":"Simplicity","damage_taken":0,"max_hp_gain":0,"max_hp_loss":0,"event_name":"Back to Basics","floor":19,"gold_loss":0,"cards_upgraded":["Strike_R","Strike_R","Strike_R","Strike_R","Strike_R","Defend_R","Defend_R","Defend_R"]},{"damage_healed":0,"gold_gain":0,"player_choice":"Obtained Book","damage_taken":16,"max_hp_gain":0,"max_hp_loss":0,"event_name":"Cursed Tome","floor":21,"gold_loss":0},{"damage_healed":0,"gold_gain":0,"player_choice":"Got Potions","damage_taken":0,"max_hp_gain":0,"max_hp_loss":0,"event_name":"Lab","floor":22,"gold_loss":0},{"damage_healed":0,"gold_gain":0,"player_choice":"Ignored","damage_taken":0,"max_hp_gain":0,"max_hp_loss":0,"event_name":"Vampires","floor":31,"gold_loss":0},{"damage_healed":0,"gold_gain":999,"player_choice":"Gold","damage_taken":0,"max_hp_gain":0,"max_hp_loss":0,"event_name":"MindBloom","floor":39,"gold_loss":0,"cards_obtained":["Normality","Normality"]},{"cards_removed":["Defend_R"],"damage_healed":0,"gold_gain":0,"player_choice":"Removed Skill","damage_taken":0,"max_hp_gain":0,"max_hp_loss":0,"event_name":"Falling","floor":45,"gold_loss":0},{"damage_healed":0,"gold_gain":0,"player_choice":"1 cards matched","damage_taken":0,"max_hp_gain":0,"max_hp_loss":0,"event_name":"Match and Keep!","floor":46,"gold_loss":0,"cards_obtained":["Infernal Blade"]}],"is_beta":false,"boss_relics":[{"not_picked":["Snecko Eye","Sozu"],"picked":"Philosopher\u0027s Stone"},{"not_picked":["Runic Pyramid","Velvet Choker"],"picked":"Cursed Key"}],"items_purged_floors":[7,38,47],"is_endless":false,"potions_floor_spawned":[5,6,14,18,30,35,44],"ascension_level":9}