{"gold_per_floor":[110,110,110,128,42,42,67,67,90,118,35,45,60,73,73,147,147,162,77,96,114,9,9,9],"floor_reached":24,"playtime":905,"items_purged":["Strike_G"],"score":402,"play_id":"ff7c8296-d75c-4a7f-a367-3d4179fc6ce6","local_time":"20181013110816","is_ascension_mode":true,"campfire_choices":[{"data":"Infinite Blades","floor":6.0,"key":"SMITH"},{"floor":8.0,"key":"REST"},{"data":"Noxious Fumes","floor":15.0,"key":"SMITH"},{"data":"After Image","floor":23.0,"key":"SMITH"}],"neow_cost":"CURSE","seed_source_timestamp":151372523625416,"circlet_count":0,"master_deck":["Defend_G","Defend_G","Defend_G","Defend_G","Defend_G","Strike_G","Survivor","Neutralize","AscendersBane","Crippling Poison","Infinite Blades+1","Noxious Fumes+1","After Image+1","Masterful Stab","Prepared","Backflip","Noxious Fumes","Cloak And Dagger"],"special_seed":0,"relics":["Ring of the Snake","Torii","Oddly Smooth Stone","Lantern","Smiling Mask","Empty Cage","Anchor"],"potions_floor_usage":[24],"damage_taken":[{"damage":12.0,"enemies":"Jaw Worm","floor":1.0,"turns":4.0},{"damage":1.0,"enemies":"Small Slimes","floor":4.0,"turns":4.0},{"damage":19.0,"enemies":"Lagavulin","floor":7.0,"turns":8.0},{"damage":32.0,"enemies":"Gremlin Nob","floor":10.0,"turns":5.0},{"damage":0.0,"enemies":"Cultist","floor":12.0,"turns":4.0},{"damage":0.0,"enemies":"Looter","floor":13.0,"turns":4.0},{"damage":3.0,"enemies":"Gremlin Gang","floor":14.0,"turns":5.0},{"damage":21.0,"enemies":"Slime Boss","floor":16.0,"turns":9.0},{"damage":1.0,"enemies":"Spheric Guardian","floor":18.0,"turns":5.0},{"damage":0.0,"enemies":"2 Thieves","floor":20.0,"turns":4.0},{"damage":9.0,"enemies":"Shelled Parasite and Fungi","floor":21.0,"turns":6.0},{"damage":44,"enemies":"Gremlin Leader","floor":24,"turns":4}],"seed_played":"8732808994575138302","potions_obtained":[{"floor":1.0,"key":"AttackPotion"},{"floor":13.0,"key":"Regen Potion"},{"floor":16.0,"key":"Weak Potion"},{"floor":18.0,"key":"SkillPotion"}],"is_trial":false,"path_per_floor":["M","?","?","M","$","R","E","R","T","E","$","M","M","M","R","B",null,"M","?","M","M","$","R"],"character_chosen":"THE_SILENT","items_purchased":["Noxious Fumes","Regen Potion","Block Potion"],"campfire_rested":1,"item_purchase_floors":[5,11,22],"current_hp_per_floor":[47,40,40,39,39,39,20,39,39,7,7,21,21,33,33,12,53,52,52,52,43,43,43,0],"gold":9,"neow_bonus":"ONE_RARE_RELIC","is_prod":false,"is_daily":false,"chose_seed":false,"campfire_upgraded":3,"win_rate":0,"timestamp":1539421696,"path_taken":["M","?","?","M","$","R","E","R","T","E","?","M","?","M","R","BOSS","M","?","?","M","$","R","E"],"build_version":"2018-10-11","purchased_purges":1,"victory":false,"max_hp_per_floor":[66,66,66,66,66,66,66,66,66,66,66,66,66,66,66,66,66,66,66,66,66,66,66,66],"card_choices":[{"not_picked":["Underhanded Strike","Concentrate"],"picked":"Crippling Poison","floor":1.0},{"not_picked":["Deflect","Expertise"],"picked":"Infinite Blades","floor":4.0},{"not_picked":["Underhanded Strike","Poisoned Stab"],"picked":"After Image","floor":7.0},{"not_picked":["Flying Knee","Doppelganger"],"picked":"Masterful Stab","floor":10.0},{"not_picked":["Backflip","Well Laid Plans"],"picked":"Prepared","floor":12.0},{"not_picked":["Dagger Spray","Slice"],"picked":"Backflip","floor":13.0},{"not_picked":["Quick Slash","Flying Knee"],"picked":"Noxious Fumes","floor":14.0},{"not_picked":["Infinite Blades","Deflect"],"picked":"Cloak And Dagger","floor":18.0},{"not_picked":["Bane","Poisoned Stab","Eviscerate"],"picked":"SKIP","floor":20.0},{"not_picked":["Blade Dance+1","Flechettes","All Out Attack"],"picked":"SKIP","floor":21.0}],"player_experience":826916,"relics_obtained":[{"floor":7.0,"key":"Oddly Smooth Stone"},{"floor":9.0,"key":"Lantern"},{"floor":10.0,"key":"Smiling Mask"}],"event_choices":[{"event_name":"Golden Wing","player_choice":"Card Removal","floor":2.0,"damage_taken":0.0},{"event_name":"Wheel of Change","player_choice":"Card Removal","floor":3.0,"damage_taken":0.0},{"event_name":"Addict","player_choice":"Obtained Relic","floor":19.0,"damage_taken":0.0}],"is_beta":false,"boss_relics":[{"not_picked":["Calling Bell","Runic Dome"],"picked":"Empty Cage"}],"items_purged_floors":[22],"is_endless":false,"potions_floor_spawned":[1,13,16,18],"killed_by":"Gremlin Leader","ascension_level":19}