{"gold_per_floor":[117,132,148,148,75,75,105,105,153,153,163,163,192,192,192,292,292,309,320,419,419,51,85,85,111,111,142,42,73,73,83,83,187,187,205,220,180,194,194],"floor_reached":39,"playtime":2471,"items_purged":["Decay","Storm"],"score":535,"play_id":"7d18f2d4-d268-40f1-a2b1-2189b75c831e","local_time":"20190217092113","is_ascension_mode":true,"campfire_choices":[{"data":"Self Repair","floor":6,"key":"SMITH"},{"data":"Core Surge","floor":8,"key":"SMITH"},{"data":"Gash","floor":12,"key":"SMITH"},{"data":"Strike_B","floor":15,"key":"SMITH"},{"floor":24,"key":"REST"},{"floor":32,"key":"REST"}],"neow_cost":"NONE","seed_source_timestamp":71033234427850,"circlet_count":0,"master_deck":["Strike_B","Strike_B","Strike_B+1","Defend_B+1","Defend_B","Defend_B+1","Defend_B","Zap+1","Dualcast","Cold Snap+1","Self Repair+1","Core Surge+1","Gash+1","Buffer","Gash","Melter+1","White Noise","Beam Cell+1","Static Discharge+1","Sweeping Beam","Auto Shields","Core Surge","Conserve Battery"],"relics":["Cracked Core","War Paint","PreservedInsect","Bag of Marbles","Orrery","Ginger","Meat on the Bone","Strawberry","Pantograph","Happy Flower","Smiling Mask","Fusion Hammer"],"potions_floor_usage":[7,23,29,33,38,39],"damage_taken":[{"damage":4,"enemies":"Jaw Worm","floor":1,"turns":4},{"damage":1,"enemies":"Cultist","floor":2,"turns":4},{"damage":19,"enemies":"Small Slimes","floor":3,"turns":4},{"damage":21,"enemies":"3 Sentries","floor":7,"turns":10},{"damage":3,"enemies":"Blue Slaver","floor":11,"turns":3},{"damage":12,"enemies":"Lagavulin","floor":13,"turns":5},{"damage":29,"enemies":"Slime Boss","floor":16,"turns":13},{"damage":15,"enemies":"Shell Parasite","floor":18,"turns":6},{"damage":8,"enemies":"Chosen","floor":19,"turns":5},{"damage":33,"enemies":"Slavers","floor":23,"turns":6},{"damage":33,"enemies":"Book of Stabbing","floor":25,"turns":5},{"damage":31,"enemies":"Slavers","floor":27,"turns":4},{"damage":34,"enemies":"Book of Stabbing","floor":29,"turns":5},{"damage":21,"enemies":"Snecko","floor":31,"turns":6},{"damage":67,"enemies":"Collector","floor":33,"turns":10},{"damage":46,"enemies":"3 Darklings","floor":35,"turns":5},{"damage":28,"enemies":"3 Shapes","floor":36,"turns":5},{"damage":44,"enemies":"Transient","floor":38,"turns":5},{"damage":42,"enemies":"Writhing Mass","floor":39,"turns":3}],"seed_played":"1611006025083484355","potions_obtained":[{"floor":1,"key":"Dexterity Potion"},{"floor":13,"key":"Energy Potion"},{"floor":16,"key":"Swift Potion"},{"floor":19,"key":"Block Potion"},{"floor":27,"key":"Weak Potion"},{"floor":35,"key":"Dexterity Potion"},{"floor":38,"key":"Regen Potion"}],"is_trial":false,"path_per_floor":["M","M","M","?","$","R","E","R","T","?","M","R","E","?","R","B",null,"M","M","?","?","$","E","R","E","T","E","$","E","?","M","R","B",null,"M","M","?","M","M"],"character_chosen":"DEFECT","items_purchased":["Self Repair","Ginger"],"campfire_rested":2,"item_purchase_floors":[5,22],"current_hp_per_floor":[71,70,51,51,51,51,40,40,40,40,47,47,45,75,75,56,75,70,72,72,72,72,49,71,55,55,46,46,34,34,35,59,37,82,58,52,52,30,0],"gold":194,"neow_bonus":"REMOVE_CARD","is_prod":false,"is_daily":false,"chose_seed":false,"campfire_upgraded":4,"win_rate":0,"timestamp":1550355673,"path_taken":["M","M","M","?","?","R","E","R","T","?","?","R","E","?","R","BOSS","M","M","?","?","$","E","R","E","T","E","$","E","?","?","R","BOSS","M","M","?","M","?"],"build_version":"2019-01-23","purchased_purges":2,"victory":false,"max_hp_per_floor":[75,75,75,75,75,75,75,75,75,75,75,75,75,75,75,75,75,75,75,75,75,75,75,75,82,82,82,82,82,82,82,82,82,82,82,82,82,82,82],"card_choices":[{"not_picked":["Reinforced Body","Stack","Compile Driver"],"picked":"SKIP","floor":1},{"not_picked":["Recycle","Coolheaded","Redo"],"picked":"SKIP","floor":2},{"not_picked":["Coolheaded","Stack"],"picked":"Cold Snap","floor":3},{"not_picked":["Double Energy","Hologram"],"picked":"Core Surge","floor":7},{"not_picked":["Recycle","Skim"],"picked":"Gash","floor":11},{"not_picked":["Capacitor","Coolheaded"],"picked":"Chaos","floor":13},{"not_picked":["Hyperbeam","Rainbow"],"picked":"Buffer","floor":16},{"not_picked":["Redo","Rebound"],"picked":"Storm","floor":17},{"not_picked":["Storm","Go for the Eyes"],"picked":"Gash","floor":17},{"not_picked":["Coolheaded","Rebound"],"picked":"Melter","floor":17},{"not_picked":["Cold Snap","Lockon"],"picked":"White Noise","floor":18},{"not_picked":["Turbo","Storm"],"picked":"Beam Cell+1","floor":19},{"not_picked":["Heatsinks","Double Energy+1","Steam Power"],"picked":"SKIP","floor":23},{"not_picked":["Barrage","Hyperbeam"],"picked":"Static Discharge","floor":25},{"not_picked":["Go for the Eyes","Turbo+1","Stack"],"picked":"SKIP","floor":27},{"not_picked":["Beam Cell","Steam"],"picked":"Sweeping Beam","floor":29},{"not_picked":["Rebound+1","Steam"],"picked":"Auto Shields","floor":31},{"not_picked":["Seek","Machine Learning"],"picked":"Core Surge","floor":33},{"not_picked":["Steam","Beam Cell","Go for the Eyes+1"],"picked":"SKIP","floor":35},{"not_picked":["Reinforced Body","Doom and Gloom"],"picked":"Conserve Battery","floor":36},{"not_picked":["Hologram+1","Reprogram+1","Barrage"],"picked":"SKIP","floor":38}],"player_experience":184840,"relics_obtained":[{"floor":7,"key":"War Paint"},{"floor":9,"key":"PreservedInsect"},{"floor":13,"key":"Bag of Marbles"},{"floor":23,"key":"Meat on the Bone"},{"floor":25,"key":"Strawberry"},{"floor":26,"key":"Pantograph"},{"floor":27,"key":"Happy Flower"},{"floor":29,"key":"Smiling Mask"}],"event_choices":[{"damage_healed":0,"gold_gain":0,"player_choice":"Upgraded","damage_taken":0,"max_hp_gain":0,"max_hp_loss":0,"event_name":"Upgrade Shrine","floor":4,"gold_loss":0,"cards_upgraded":["Zap"]},{"damage_healed":0,"gold_gain":0,"player_choice":"Grow","damage_taken":0,"max_hp_gain":0,"max_hp_loss":0,"event_name":"Living Wall","floor":10,"gold_loss":0,"cards_upgraded":["Cold Snap"]},{"cards_removed":["Chaos"],"damage_healed":30,"gold_gain":0,"player_choice":"Offered Uncommon","damage_taken":0,"max_hp_gain":0,"max_hp_loss":0,"event_name":"Bonfire Elementals","floor":14,"gold_loss":0},{"damage_healed":0,"gold_gain":99,"player_choice":"Stole From Cult","damage_taken":0,"max_hp_gain":0,"max_hp_loss":0,"event_name":"Nest","floor":20,"gold_loss":0},{"damage_healed":0,"gold_gain":0,"player_choice":"Smashed Altar","damage_taken":0,"max_hp_gain":0,"max_hp_loss":0,"event_name":"Forgotten Altar","floor":21,"gold_loss":0,"cards_obtained":["Decay"]},{"damage_healed":0,"gold_gain":0,"player_choice":"Bought 0 Potions","damage_taken":0,"max_hp_gain":0,"max_hp_loss":0,"event_name":"The Woman in Blue","floor":30,"gold_loss":0},{"damage_healed":0,"gold_gain":0,"player_choice":"Upgraded Two","damage_taken":0,"max_hp_gain":0,"max_hp_loss":0,"event_name":"Designer","floor":37,"gold_loss":40,"cards_upgraded":["Static Discharge","Melter"]}],"is_beta":false,"boss_relics":[{"not_picked":["White Beast Statue","Snecko Eye"],"picked":"Orrery"},{"not_picked":["Busted Crown","Inserter"],"picked":"Fusion Hammer"}],"items_purged_floors":[22,28],"is_endless":false,"potions_floor_spawned":[1,13,16,19,27,35,38],"killed_by":"Writhing Mass","ascension_level":3}