{"gold_per_floor":[109,59,59,71,83,83,50,50,50,0,0,10,10,27,27,124,124,135,85,10,22,38,50,50,50],"floor_reached":25,"playtime":1056,"items_purged":["Defend_R"],"score":195,"play_id":"01f63f3a-b2e1-4b9b-bd50-42b68461f196","local_time":"20190114181817","is_ascension_mode":false,"campfire_choices":[{"data":"True Grit","floor":6.0,"key":"SMITH"},{"data":"Cleave","floor":8.0,"key":"SMITH"},{"data":"Bash","floor":11.0,"key":"SMITH"},{"data":"Seeing Red","floor":15.0,"key":"SMITH"},{"data":"Barricade","floor":24,"key":"SMITH"}],"neow_cost":"PERCENT_DAMAGE","seed_source_timestamp":0,"circlet_count":0,"master_deck":["Strike_R","Strike_R","Strike_R","Defend_R","Defend_R","Defend_R","Bash+1","Cleave+1","True Grit+1","Seeing Red+1","Metallicize","Barricade+1"],"special_seed":0,"relics":["Burning Blood","Champion Belt","Pantograph","Mummified Hand","Sozu"],"potions_floor_usage":[],"damage_taken":[{"damage":6.0,"enemies":"Jaw Worm","floor":1.0,"turns":3.0},{"damage":0.0,"enemies":"Cultist","floor":4.0,"turns":4.0},{"damage":0.0,"enemies":"2 Louse","floor":5.0,"turns":4.0},{"damage":10.0,"enemies":"Exordium Thugs","floor":7.0,"turns":5.0},{"damage":3.0,"enemies":"Looter","floor":12.0,"turns":4.0},{"damage":5.0,"enemies":"3 Louse","floor":14.0,"turns":2.0},{"damage":35,"enemies":"Slime Boss","floor":16,"turns":12},{"damage":2,"enemies":"Chosen","floor":18,"turns":6},{"damage":23,"enemies":"Spheric Guardian","floor":21,"turns":6},{"damage":29,"enemies":"3 Cultists","floor":22,"turns":6},{"damage":9,"enemies":"Shelled Parasite and Fungi","floor":23,"turns":8},{"damage":42,"enemies":"Gremlin Leader","floor":25,"turns":4}],"seed_played":"3760950108586527326","potions_obtained":[{"floor":1.0,"key":"Energy Potion"},{"floor":12.0,"key":"BloodPotion"},{"floor":16,"key":"BloodPotion"}],"is_trial":false,"path_per_floor":["M","?","?","M","M","R","M","R","T","?","R","M","$","M","R","B",null,"M","?","$","M","M","M","R","E"],"character_chosen":"IRONCLAD","items_purchased":[],"campfire_rested":0,"item_purchase_floors":[],"current_hp_per_floor":[56,56,49,55,61,61,57,57,57,57,57,60,60,61,61,51,80,80,80,80,63,40,37,37,0],"gold":50,"neow_bonus":"ONE_RARE_RELIC","is_prod":false,"is_daily":false,"chose_seed":false,"campfire_upgraded":5,"win_rate":0,"timestamp":1547507897,"path_taken":["M","?","?","M","M","R","?","R","T","?","R","?","$","M","R","BOSS","M","?","$","M","M","M","R","E"],"build_version":"2019-01-10","purchased_purges":1,"victory":false,"max_hp_per_floor":[80,80,80,80,80,80,80,80,80,80,80,80,80,80,80,80,80,80,80,80,80,80,80,80,80],"card_choices":[{"not_picked":["Sever Soul","Warcry"],"picked":"Cleave","floor":1.0},{"not_picked":["Dual Wield","Power Through","Combust"],"picked":"SKIP","floor":4.0},{"not_picked":["Cleave","Heavy Blade"],"picked":"True Grit","floor":5.0},{"not_picked":["Evolve","Clash","Dual Wield"],"picked":"SKIP","floor":7.0},{"not_picked":["Havoc","Headbutt"],"picked":"Seeing Red","floor":12.0},{"not_picked":["Clothesline","Dropkick"],"picked":"Metallicize","floor":14.0},{"not_picked":["Double Tap","Dark Embrace"],"picked":"Barricade","floor":16},{"not_picked":["Iron Wave","Clothesline","Twin Strike"],"picked":"SKIP","floor":18},{"not_picked":["Flame Barrier","Flex","Shockwave"],"picked":"SKIP","floor":21},{"not_picked":["Flex","Thunderclap","Sever Soul"],"picked":"SKIP","floor":22},{"not_picked":["Pummel","Heavy Blade+1","Cleave"],"picked":"SKIP","floor":23}],"player_experience":322137,"relics_obtained":[{"floor":9.0,"key":"Pantograph"}],"event_choices":[{"cards_removed":["Strike_R"],"damage_healed":0.0,"max_hp_gain":0.0,"max_hp_loss":0.0,"gold_gain":0.0,"event_name":"The Cleric","player_choice":"Card Removal","floor":2.0,"gold_loss":50.0,"damage_taken":0.0},{"cards_removed":["Strike_R"],"damage_healed":0.0,"max_hp_gain":0.0,"max_hp_loss":0.0,"gold_gain":0.0,"event_name":"Golden Wing","player_choice":"Card Removal","floor":3.0,"gold_loss":0.0,"damage_taken":7.0},{"damage_healed":0.0,"max_hp_gain":0.0,"max_hp_loss":0.0,"gold_gain":0.0,"event_name":"WeMeetAgain","player_choice":"Paid Gold","floor":10.0,"gold_loss":50.0,"damage_taken":0.0,"relics_obtained":["Mummified Hand"]},{"damage_healed":0,"gold_gain":0,"player_choice":"Bet on Murderer","damage_taken":0,"max_hp_gain":0,"max_hp_loss":0,"event_name":"The Joust","floor":19,"gold_loss":50}],"is_beta":false,"boss_relics":[{"not_picked":["Velvet Choker","Black Blood"],"picked":"Sozu"}],"items_purged_floors":[20],"is_endless":false,"potions_floor_spawned":[1,12,16,18,22],"killed_by":"Gremlin Leader","ascension_level":0}