{"gold_per_floor":[113,113,113,38,54,54,19,19,87,105,26,46,71,85,85,214,214,230,130,150,25,25,25,39,0,49,72,72,95,109,127,127,248,248,267,290,313,333,333,35,71,94,121,121,31,31,46,62,62,62],"floor_reached":51,"playtime":3060,"items_purged":["Defend_R","Strike_R","Strike_R","Strike_R"],"score":700,"play_id":"d4632603-b434-4a53-a01d-beb0bcda4914","local_time":"20190105085921","is_ascension_mode":false,"campfire_choices":[{"data":"Bash","floor":6,"key":"SMITH"},{"data":"Shrug It Off","floor":8,"key":"SMITH"},{"data":"Whirlwind","floor":15,"key":"SMITH"},{"data":"Barricade","floor":23,"key":"SMITH"},{"floor":32,"key":"REST"},{"floor":46,"key":"REST"},{"floor":49,"key":"REST"}],"neow_cost":"NONE","seed_source_timestamp":11623315947979,"circlet_count":0,"master_deck":["Defend_R","Defend_R","Defend_R","Bash+1","Shrug It Off+1","Metallicize","Whirlwind+1","Entrench","Inflame","Body Slam","Barricade+1","Seeing Red+1","Shrug It Off+1","Warcry+1","Metallicize","Impervious","Intimidate+1","True Grit","Bandage Up","Evolve","Metallicize+1","Impervious"],"relics":["Burning Blood","Golden Idol","Bottled Lightning","Philosopher\u0027s Stone","Bag of Preparation","Lizard Tail","Dream Catcher","Turnip","Juzu Bracelet"],"potions_floor_usage":[20,22],"damage_taken":[{"damage":5,"enemies":"Small Slimes","floor":1,"turns":4},{"damage":1,"enemies":"Jaw Worm","floor":5,"turns":8},{"damage":0,"enemies":"Cultist","floor":10,"turns":3},{"damage":6,"enemies":"2 Fungi Beasts","floor":12,"turns":4},{"damage":0,"enemies":"3 Louse","floor":13,"turns":1},{"damage":0,"enemies":"Lots of Slimes","floor":14,"turns":1},{"damage":41,"enemies":"Slime Boss","floor":16,"turns":13},{"damage":29,"enemies":"Shell Parasite","floor":18,"turns":8},{"damage":15,"enemies":"2 Thieves","floor":20,"turns":4},{"damage":40,"enemies":"Colosseum Slavers","floor":22,"turns":8},{"damage":5,"enemies":"Snake Plant","floor":24,"turns":9},{"damage":0,"enemies":"Sentry and Sphere","floor":27,"turns":8},{"damage":18,"enemies":"3 Cultists","floor":29,"turns":3},{"damage":0,"enemies":"Cultist and Chosen","floor":30,"turns":10},{"damage":0,"enemies":"Snecko","floor":31,"turns":5},{"damage":8,"enemies":"Collector","floor":33,"turns":8},{"damage":0,"enemies":"3 Darklings","floor":35,"turns":9},{"damage":0,"enemies":"3 Shapes","floor":36,"turns":7},{"damage":0,"enemies":"Maw","floor":37,"turns":18},{"damage":4,"enemies":"Writhing Mass","floor":38,"turns":6},{"damage":0,"enemies":"Giant Head","floor":41,"turns":10},{"damage":6,"enemies":"4 Shapes","floor":42,"turns":15},{"damage":18,"enemies":"3 Darklings","floor":47,"turns":7},{"damage":15,"enemies":"Sphere and 2 Shapes","floor":48,"turns":9},{"damage":24,"enemies":"Donu and Deca","floor":50,"turns":11}],"seed_played":"-3607324458781084320","potions_obtained":[{"floor":5,"key":"EssenceOfSteel"},{"floor":12,"key":"Fire Potion"},{"floor":13,"key":"Explosive Potion"},{"floor":16,"key":"Swift Potion"},{"floor":18,"key":"PowerPotion"},{"floor":20,"key":"SneckoOil"},{"floor":29,"key":"PowerPotion"},{"floor":30,"key":"Poison Potion"},{"floor":35,"key":"Fire Potion"}],"is_trial":false,"path_per_floor":["M","?","?","$","M","R","$","R","T","M","$","M","M","M","R","B",null,"M","$","M","$","?","R","M","?","T","M","?","M","M","M","R","B",null,"M","M","M","M","?","$","E","M","T","$","?","R","M","M","R","B",null],"character_chosen":"IRONCLAD","items_purchased":["Metallicize","Whirlwind","Dream Catcher"],"campfire_rested":3,"item_purchase_floors":[7,11,40],"current_hp_per_floor":[88,66,59,59,64,64,64,64,64,70,70,70,76,82,82,47,88,65,65,56,56,22,22,23,23,23,29,29,17,23,29,55,53,88,88,88,88,88,88,88,88,88,88,88,88,88,80,75,88,70],"gold":62,"neow_bonus":"TEN_PERCENT_HP_BONUS","is_prod":false,"is_daily":false,"chose_seed":false,"campfire_upgraded":4,"win_rate":0,"timestamp":1546707561,"path_taken":["M","?","?","$","M","R","?","R","T","?","$","M","M","?","R","BOSS","M","$","M","$","?","R","M","?","T","M","?","M","?","M","R","BOSS","M","M","M","M","?","$","E","M","T","$","?","R","M","M","R","BOSS"],"build_version":"2019-01-03v4","purchased_purges":4,"victory":true,"max_hp_per_floor":[88,88,88,88,88,88,88,88,88,88,88,88,88,88,88,88,88,88,88,88,88,88,88,88,88,88,88,88,88,88,88,88,88,88,88,88,88,88,88,88,88,88,88,88,88,88,88,88,88,88],"card_choices":[{"not_picked":["Perfected Strike","Pommel Strike"],"picked":"Shrug It Off","floor":1},{"not_picked":["Warcry","Spot Weakness","Headbutt"],"picked":"SKIP","floor":5},{"not_picked":["Thunderclap","Flame Barrier","Bloodletting"],"picked":"SKIP","floor":10},{"not_picked":["Clash","Evolve"],"picked":"Entrench","floor":12},{"not_picked":["Fire Breathing","Heavy Blade"],"picked":"Inflame","floor":13},{"not_picked":["Anger","Clothesline"],"picked":"Body Slam","floor":14},{"not_picked":["Offering","Fiend Fire"],"picked":"Barricade","floor":16},{"not_picked":["Dual Wield+1","Headbutt"],"picked":"Seeing Red","floor":18},{"not_picked":["Iron Wave","Havoc"],"picked":"Shrug It Off","floor":20},{"not_picked":["Ghostly Armor","Flex","Dropkick"],"picked":"SKIP","floor":24},{"not_picked":["Bloodletting","Corruption+1"],"picked":"Warcry+1","floor":27},{"not_picked":["Rampage","Battle Trance+1","Havoc"],"picked":"SKIP","floor":29},{"not_picked":["Hemokinesis","Fire Breathing","Perfected Strike"],"picked":"SKIP","floor":30},{"not_picked":["Hemokinesis","Fire Breathing","Perfected Strike"],"picked":"SKIP","floor":30},{"not_picked":["Searing Blow","Havoc"],"picked":"Metallicize","floor":31},{"not_picked":["Barricade","Immolate"],"picked":"Impervious","floor":33},{"not_picked":["Whirlwind+1","Armaments"],"picked":"Intimidate+1","floor":35},{"not_picked":["Headbutt","Burning Pact+1"],"picked":"True Grit","floor":36},{"not_picked":["Burning Pact+1","Hemokinesis","Dual Wield+1"],"picked":"SKIP","floor":37},{"not_picked":["Flex","Evolve+1","Wild Strike+1"],"picked":"SKIP","floor":38},{"not_picked":["Blind","Trip"],"picked":"Bandage Up","floor":39},{"not_picked":["Clash","Thunderclap+1","Reaper"],"picked":"SKIP","floor":41},{"not_picked":["Clash","Thunderclap+1","Reaper"],"picked":"SKIP","floor":41},{"not_picked":["Shrug It Off","Clash","Dropkick+1"],"picked":"SKIP","floor":42},{"not_picked":["Iron Wave+1","Armaments+1"],"picked":"Evolve","floor":46},{"not_picked":["Pommel Strike+1","Spot Weakness+1","Flame Barrier"],"picked":"SKIP","floor":47},{"not_picked":["Body Slam+1","Wild Strike+1"],"picked":"Metallicize+1","floor":48},{"not_picked":["Heavy Blade","Warcry"],"picked":"Impervious","floor":49}],"player_experience":308584,"relics_obtained":[{"floor":9,"key":"Bottled Lightning"},{"floor":26,"key":"Bag of Preparation"},{"floor":41,"key":"Turnip"},{"floor":43,"key":"Juzu Bracelet"}],"event_choices":[{"damage_healed":0,"gold_gain":0,"player_choice":"Take Damage","damage_taken":22,"relics_obtained":["Golden Idol"],"max_hp_gain":0,"max_hp_loss":0,"event_name":"Golden Idol","floor":2,"gold_loss":0},{"cards_removed":["Strike_R"],"damage_healed":0,"gold_gain":0,"player_choice":"Card Removal","damage_taken":7,"max_hp_gain":0,"max_hp_loss":0,"event_name":"Golden Wing","floor":3,"gold_loss":0},{"damage_healed":0,"gold_gain":0,"player_choice":"Fight","damage_taken":0,"max_hp_gain":0,"max_hp_loss":0,"event_name":"Colosseum","floor":22,"gold_loss":0},{"damage_healed":0,"gold_gain":0,"player_choice":"Fled From Nobs","damage_taken":0,"max_hp_gain":0,"max_hp_loss":0,"event_name":"Colosseum","floor":22,"gold_loss":0},{"damage_healed":0,"gold_gain":0,"player_choice":"Paid Fearfully","damage_taken":0,"max_hp_gain":0,"max_hp_loss":0,"event_name":"Masked Bandits","floor":25,"gold_loss":39},{"damage_healed":0,"gold_gain":0,"player_choice":"Upgraded","damage_taken":0,"max_hp_gain":0,"max_hp_loss":0,"event_name":"Upgrade Shrine","floor":28,"gold_loss":0,"cards_upgraded":["Shrug It Off"]},{"damage_healed":0,"gold_gain":0,"player_choice":"Memory 1","damage_taken":0,"max_hp_gain":0,"max_hp_loss":0,"event_name":"SensoryStone","floor":39,"gold_loss":0},{"cards_removed":["Strike_R"],"damage_healed":0,"gold_gain":0,"player_choice":"Upgrade and Remove","damage_taken":0,"max_hp_gain":0,"max_hp_loss":0,"event_name":"Designer","floor":45,"gold_loss":90,"cards_upgraded":["Seeing Red"]}],"is_beta":false,"boss_relics":[{"not_picked":["Ectoplasm","White Beast Statue"],"picked":"Philosopher\u0027s Stone"},{"not_picked":["Calling Bell","Runic Dome"],"picked":"Lizard Tail"}],"items_purged_floors":[4,19,21,40],"is_endless":false,"potions_floor_spawned":[5,12,13,16,18,20,29,30,35,37,42,47],"ascension_level":0}