{"gold_per_floor":[109,109,109,123,123,123,154,8,35,35,92,367,367,397,397,498,498,511,511],"floor_reached":19,"playtime":1142,"items_purged":[],"score":242,"play_id":"099e62fd-8763-4800-8e2b-c0dab670de24","local_time":"20190212204958","is_ascension_mode":true,"campfire_choices":[{"data":"Genetic Algorithm","floor":6,"key":"SMITH"},{"floor":13,"key":"REST"},{"floor":15,"key":"REST"}],"neow_cost":"NONE","seed_source_timestamp":1383808467984494,"circlet_count":0,"master_deck":["Strike_B","Strike_B","Strike_B","Strike_B","Defend_B","Defend_B","Defend_B","Defend_B","Zap","Dualcast","Genetic Algorithm+1","Streamline","Thunder Strike","Creative AI"],"relics":["Cracked Core","NeowsBlessing","Omamori","Ginger","Bag of Marbles","Juzu Bracelet","Odd Mushroom","Busted Crown"],"potions_floor_usage":[11,11,16],"damage_taken":[{"damage":0,"enemies":"2 Louse","floor":1,"turns":1},{"damage":0,"enemies":"Cultist","floor":4,"turns":1},{"damage":0,"enemies":"Lagavulin","floor":7,"turns":1},{"damage":20,"enemies":"Gremlin Nob","floor":11,"turns":4},{"damage":26,"enemies":"The Mushroom Lair","floor":14,"turns":4},{"damage":57,"enemies":"The Guardian","floor":16,"turns":12},{"damage":15,"enemies":"Chosen","floor":18,"turns":6},{"damage":21,"enemies":"3 Byrds","floor":19,"turns":4}],"seed_played":"-6106514291121770757","potions_obtained":[{"floor":1,"key":"Weak Potion"},{"floor":3,"key":"Block Potion"},{"floor":3,"key":"Poison Potion"},{"floor":16,"key":"Explosive Potion"}],"is_trial":false,"path_per_floor":["M","?","?","M","$","R","E","$","T","$","?","?","R","?","R","B",null,"M","M"],"character_chosen":"DEFECT","items_purchased":["Thunder Strike"],"campfire_rested":2,"item_purchase_floors":[8],"current_hp_per_floor":[68,65,65,65,65,65,65,65,65,65,45,45,67,41,63,6,58,43,22],"gold":511,"neow_bonus":"THREE_ENEMY_KILL","is_prod":false,"is_daily":false,"chose_seed":false,"campfire_upgraded":1,"win_rate":0,"timestamp":1550022598,"path_taken":["M","?","?","?","$","R","E","?","T","?","?","?","R","?","R","BOSS","M","M"],"build_version":"2019-01-23","purchased_purges":0,"victory":false,"max_hp_per_floor":[75,75,75,75,75,75,75,75,75,75,75,75,75,75,75,75,75,75,75],"card_choices":[{"not_picked":["Gash","Blizzard","BootSequence"],"picked":"SKIP","floor":1},{"not_picked":["Go for the Eyes","Consume"],"picked":"Genetic Algorithm","floor":4},{"not_picked":["Conserve Battery","Undo"],"picked":"Streamline","floor":7},{"not_picked":["Biased Cognition","Reboot"],"picked":"Creative AI","floor":16},{"not_picked":["Barrage"],"picked":"SKIP","floor":18}],"player_experience":444124,"relics_obtained":[{"floor":7,"key":"Ginger"},{"floor":9,"key":"Bag of Marbles"},{"floor":14,"key":"Odd Mushroom"}],"event_choices":[{"damage_healed":0,"gold_gain":0,"player_choice":"Success","damage_taken":3,"relics_obtained":["Omamori"],"max_hp_gain":0,"max_hp_loss":0,"event_name":"Scrap Ooze","floor":2,"gold_loss":0},{"damage_healed":0,"gold_gain":0,"player_choice":"Got Potions","damage_taken":0,"max_hp_gain":0,"max_hp_loss":0,"event_name":"Lab","floor":3,"gold_loss":0},{"damage_healed":0,"gold_gain":0,"player_choice":"Searched \u00273\u0027 times","damage_taken":0,"relics_obtained":["Juzu Bracelet"],"max_hp_gain":0,"max_hp_loss":0,"event_name":"Dead Adventurer","floor":11,"gold_loss":0},{"damage_healed":0,"gold_gain":275,"player_choice":"Desecrate","damage_taken":0,"max_hp_gain":0,"max_hp_loss":0,"event_name":"Golden Shrine","floor":12,"gold_loss":0,"cards_obtained":["Regret"]},{"damage_healed":0,"gold_gain":0,"player_choice":"Fought Mushrooms","damage_taken":0,"max_hp_gain":0,"max_hp_loss":0,"event_name":"Mushrooms","floor":14,"gold_loss":0}],"is_beta":false,"boss_relics":[{"not_picked":["FrozenCore","Runic Pyramid"],"picked":"Busted Crown"}],"items_purged_floors":[],"is_endless":false,"potions_floor_spawned":[1,7,16],"killed_by":"3 Byrds","ascension_level":6}