{"gold_per_floor":[113,113,132,142,154,154,170,170,250,250,263,40,52,66,66,171,171,181,81,81,81,100,100,100,100,100,100,115,115,115,115,115,115],"floor_reached":33,"playtime":2404,"items_purged":["Regret","Decay"],"score":312,"play_id":"d6c1b325-8330-42d2-899a-10d905c392e1","local_time":"20180716021147","is_ascension_mode":false,"campfire_choices":[{"data":"Armaments","floor":6,"key":"SMITH"},{"data":"Barricade","floor":8,"key":"SMITH"},{"data":"Pommel Strike","floor":10,"key":"SMITH"},{"floor":15,"key":"REST"},{"floor":23,"key":"REST"},{"floor":27,"key":"REST"},{"floor":29,"key":"REST"},{"data":"Infernal Blade","floor":32,"key":"SMITH"}],"neow_cost":"TEN_PERCENT_HP_LOSS","seed_source_timestamp":118129448555341,"circlet_count":0,"master_deck":["Strike_R","Strike_R","Strike_R","Strike_R","Strike_R","Defend_R","Defend_R","Defend_R","Defend_R","Bash","Barricade+1","Rage","Shrug It Off","Thunderclap","Armaments+1","Pommel Strike+1","Shrug It Off","Infernal Blade+1","Evolve","Shrug It Off","Shrug It Off","Anger+1","Feed+1","Parasite","Decay","Metallicize","Seeing Red+1","Writhe","Seeing Red+1","Iron Wave+1","Ghostly","Ghostly","Ghostly","Ghostly","Ghostly","RitualDagger+1"],"relics":["Burning Blood","Prayer Wheel","Molten Egg 2","Centennial Puzzle","Calling Bell","Strawberry","Dodecahedron","Calipers","Bag of Preparation","Unceasing Top"],"potions_floor_usage":[5,11,16,33],"damage_taken":[{"damage":0,"enemies":"2 Louse","floor":1,"turns":3},{"damage":7,"enemies":"Small Slimes","floor":3,"turns":5},{"damage":9,"enemies":"Cultist","floor":4,"turns":5},{"damage":19,"enemies":"Gremlin Gang","floor":5,"turns":6},{"damage":24,"enemies":"Red Slaver","floor":7,"turns":6},{"damage":36,"enemies":"Exordium Thugs","floor":11,"turns":9},{"damage":13,"enemies":"Blue Slaver","floor":13,"turns":5},{"damage":0,"enemies":"3 Louse","floor":14,"turns":5},{"damage":1,"enemies":"Hexaghost","floor":16,"turns":14},{"damage":56,"enemies":"3 Byrds","floor":18,"turns":13},{"damage":10,"enemies":"Shell Parasite","floor":22,"turns":12},{"damage":46,"enemies":"Cultist and Chosen","floor":28,"turns":13},{"damage":58,"enemies":"Collector","floor":33,"turns":7}],"seed_played":"-7537668939168605183","potions_obtained":[{"floor":1,"key":"Poison Potion"},{"floor":3,"key":"Regen Potion"},{"floor":13,"key":"BloodPotion"},{"floor":16,"key":"GamblersBrew"},{"floor":18,"key":"SmokeBomb"}],"is_trial":false,"path_per_floor":["M","?","M","M","M","R","M","R","T","R","M","$","M","M","R","B",null,"M","$","?","?","M","R","?","$","T","R","M","R","?","?","R"],"character_chosen":"IRONCLAD","items_purchased":["Centennial Puzzle"],"campfire_rested":4,"item_purchase_floors":[12],"current_hp_per_floor":[72,72,71,68,70,70,52,52,52,52,22,22,15,21,42,54,79,33,33,33,33,29,53,37,37,37,63,23,49,44,38,38,0],"gold":115,"neow_bonus":"THREE_RARE_CARDS","is_prod":false,"is_daily":false,"chose_seed":false,"campfire_upgraded":4,"win_rate":0.0,"timestamp":1531721507,"path_taken":["M","?","?","M","M","R","M","R","T","R","M","?","M","M","R","BOSS","M","$","?","?","?","R","?","$","T","R","?","R","?","?","R","BOSS"],"build_version":"2018-07-12","purchased_purges":2,"victory":false,"max_hp_per_floor":[72,72,72,72,72,72,72,72,72,72,72,72,72,72,72,72,79,83,83,83,83,83,83,88,88,88,88,88,88,44,44,44,44],"card_choices":[{"not_picked":["Impervious","Juggernaut"],"picked":"Barricade","floor":0},{"not_picked":["Inflame","Intimidate"],"picked":"Rage","floor":1},{"not_picked":["Bloodletting","Uppercut"],"picked":"Shrug It Off","floor":3},{"not_picked":["Disarm","Clash"],"picked":"Thunderclap","floor":3},{"not_picked":["Twin Strike","Clothesline"],"picked":"Armaments","floor":4},{"not_picked":["Cleave","Pummel","Sword Boomerang"],"picked":"SKIP","floor":4},{"not_picked":["Disarm","Perfected Strike","Thunderclap"],"picked":"SKIP","floor":5},{"not_picked":["Limit Break","Pommel Strike","Combust"],"picked":"SKIP","floor":5},{"not_picked":["Headbutt","Bloodletting"],"picked":"Pommel Strike","floor":7},{"not_picked":["Entrench","Disarm"],"picked":"Shrug It Off","floor":7},{"not_picked":["Clash+1","Perfected Strike+1"],"picked":"Infernal Blade","floor":11},{"not_picked":["Battle Trance","Cleave+1"],"picked":"Evolve","floor":11},{"not_picked":["Twin Strike+1","Warcry"],"picked":"Shrug It Off","floor":13},{"not_picked":["Armaments","Sword Boomerang+1"],"picked":"Shrug It Off","floor":13},{"not_picked":["Dropkick+1","Limit Break"],"picked":"Anger+1","floor":14},{"not_picked":["True Grit","Searing Blow+1","Reckless Charge+1"],"picked":"SKIP","floor":14},{"not_picked":["Reaper+1","Dark Embrace"],"picked":"Feed+1","floor":16},{"not_picked":["Power Through","Warcry"],"picked":"Metallicize","floor":18},{"not_picked":["Entrench","Flex"],"picked":"Seeing Red+1","floor":18},{"not_picked":["Sword Boomerang+1","Reckless Charge+1"],"picked":"Seeing Red+1","floor":22},{"not_picked":["Uppercut+1","Evolve","Heavy Blade+1"],"picked":"SKIP","floor":22},{"not_picked":["Anger+1","Cleave+1"],"picked":"Iron Wave+1","floor":28},{"not_picked":["Reckless Charge+1","Carnage+1","Pummel+1"],"picked":"SKIP","floor":28}],"player_experience":24430,"relics_obtained":[{"floor":9,"key":"Molten Egg 2"},{"floor":17,"key":"Strawberry"},{"floor":17,"key":"Dodecahedron"},{"floor":17,"key":"Calipers"},{"floor":26,"key":"Unceasing Top"}],"event_choices":[{"event_name":"Big Fish","player_choice":"Box","floor":2,"damage_taken":0},{"event_name":"The Mausoleum","player_choice":"Yes","floor":20,"damage_taken":0},{"event_name":"Addict","player_choice":"Ignored","floor":21,"damage_taken":0},{"event_name":"Forgotten Altar","player_choice":"Shed Blood","floor":24,"damage_taken":0},{"event_name":"Ghosts","player_choice":"Became a Ghost","floor":30,"damage_taken":0},{"event_name":"Nest","player_choice":"Joined the Cult","floor":31,"damage_taken":0}],"boss_relics":[{"not_picked":["Runic Pyramid","Eternal Feather"],"picked":"Calling Bell"}],"items_purged_floors":[12,19],"is_endless":false,"potions_floor_spawned":[1,3,13,16,18],"killed_by":"Collector","ascension_level":0}