{"gold_per_floor":[116,266,191,191,209,209,224,224,224,236,248,289,319,342,354,444,506,535,557,569,581],"floor_reached":21,"playtime":618,"items_purged":[],"score":349,"play_id":"85327b56-45a8-494b-8b11-075e62a22f34","local_time":"20190120222924","is_ascension_mode":true,"campfire_choices":[{"data":"Flex","floor":6.0,"key":"SMITH"},{"data":"Berserk","floor":8.0,"key":"SMITH"},{"data":"Cleave","floor":11.0,"key":"SMITH"},{"data":"Disarm","floor":15.0,"key":"SMITH"}],"neow_cost":"NONE","seed_source_timestamp":962322699060883,"circlet_count":0,"master_deck":["AscendersBane","Strike_R","Strike_R","Strike_R","Strike_R+1","Strike_R","Defend_R","Defend_R","Defend_R","Defend_R","Bash","Berserk+1","Cleave+1","Flex+1","Pommel Strike","Disarm+1","Demon Form","Decay"],"special_seed":0,"relics":["Burning Blood","Ancient Tea Set","MawBank","Oddly Smooth Stone","Tiny House"],"potions_floor_usage":[18,19],"damage_taken":[{"damage":9.0,"enemies":"Jaw Worm","floor":1.0,"turns":4.0},{"damage":9.0,"enemies":"Small Slimes","floor":5.0,"turns":4.0},{"damage":0.0,"enemies":"Cultist","floor":7.0,"turns":2.0},{"damage":30.0,"enemies":"Lagavulin","floor":12.0,"turns":4.0},{"damage":1.0,"enemies":"Red Slaver","floor":13.0,"turns":5.0},{"damage":22.0,"enemies":"Lots of Slimes","floor":14.0,"turns":4.0},{"damage":24.0,"enemies":"The Guardian","floor":16.0,"turns":11.0},{"damage":57,"enemies":"Spheric Guardian","floor":18,"turns":6},{"damage":18,"enemies":"Chosen","floor":19,"turns":5},{"damage":28,"enemies":"Shelled Parasite and Fungi","floor":21,"turns":2}],"seed_played":"4364511739215120025","potions_obtained":[{"floor":5.0,"key":"Dexterity Potion"},{"floor":7.0,"key":"GamblersBrew"},{"floor":14.0,"key":"AttackPotion"},{"floor":17.0,"key":"Regen Potion"},{"floor":18,"key":"BloodPotion"},{"floor":19,"key":"Swift Potion"}],"is_trial":false,"path_per_floor":["M","?","?","T","M","R","M","R","T","$","R","E","M","M","R","B",null,"M","M","?","M"],"character_chosen":"IRONCLAD","items_purchased":[],"campfire_rested":0,"item_purchase_floors":[],"current_hp_per_floor":[65,65,65,65,62,62,68,68,68,68,68,44,49,33,33,15,65,29,25,25,0],"gold":581,"neow_bonus":"ONE_RANDOM_RARE_CARD","is_prod":false,"is_daily":false,"chose_seed":false,"campfire_upgraded":4,"win_rate":0,"timestamp":1548019764,"path_taken":["M","?","?","?","M","R","M","R","T","?","R","E","M","?","R","BOSS","M","M","?","M"],"build_version":"2019-01-17v2","purchased_purges":0,"victory":false,"max_hp_per_floor":[75,75,75,75,75,75,75,75,75,75,75,75,75,75,75,75,80,80,80,80,80],"card_choices":[{"not_picked":["Anger","Sever Soul"],"picked":"Cleave","floor":1.0},{"not_picked":["Seeing Red","True Grit"],"picked":"Flex","floor":5.0},{"not_picked":["Battle Trance","Armaments"],"picked":"Pommel Strike","floor":7.0},{"not_picked":["Searing Blow","Warcry"],"picked":"Disarm","floor":12.0},{"not_picked":["Pommel Strike","Searing Blow","Iron Wave"],"picked":"SKIP","floor":13.0},{"not_picked":["Power Through","Anger","Entrench"],"picked":"SKIP","floor":14.0},{"not_picked":["Impervious","Barricade"],"picked":"Demon Form","floor":16.0},{"not_picked":["Searing Blow","Infernal Blade","Warcry"],"picked":"SKIP","floor":18},{"not_picked":["Sword Boomerang","Warcry","Heavy Blade"],"picked":"SKIP","floor":19}],"player_experience":916268,"relics_obtained":[{"floor":4.0,"key":"Ancient Tea Set"},{"floor":9.0,"key":"MawBank"},{"floor":12.0,"key":"Oddly Smooth Stone"}],"event_choices":[{"damage_healed":0.0,"max_hp_gain":0.0,"max_hp_loss":0.0,"gold_gain":150.0,"event_name":"Liars Game","player_choice":"AGREE","floor":2.0,"gold_loss":0.0,"damage_taken":0.0,"cards_obtained":["Doubt"]},{"cards_removed":["Doubt"],"damage_healed":0.0,"max_hp_gain":0.0,"max_hp_loss":0.0,"gold_gain":0.0,"event_name":"The Cleric","player_choice":"Card Removal","floor":3.0,"gold_loss":75.0,"damage_taken":0.0},{"damage_healed":0,"gold_gain":0,"player_choice":"Smashed Altar","damage_taken":0,"max_hp_gain":0,"max_hp_loss":0,"event_name":"Forgotten Altar","floor":20,"gold_loss":0,"cards_obtained":["Decay"]}],"is_beta":false,"boss_relics":[{"not_picked":["Calling Bell","Fusion Hammer"],"picked":"Tiny House"}],"items_purged_floors":[],"is_endless":false,"potions_floor_spawned":[5,7,14,18,19],"killed_by":"Shelled Parasite and Fungi","ascension_level":19}