{"gold_per_floor":[365,365,290,7,26,26,65,65,65,65,88,134,153,186,186,186],"floor_reached":16,"playtime":465,"items_purged":[],"score":200,"play_id":"0e5e6732-6b4c-4926-8d37-9d5f5acd03bf","local_time":"20180918130818","is_ascension_mode":true,"campfire_choices":[{"data":"Zap","floor":6,"key":"SMITH"},{"data":"Genetic Algorithm","floor":8,"key":"SMITH"},{"floor":10,"key":"REST"},{"data":"1","floor":15,"key":"LIFT"}],"neow_cost":"TEN_PERCENT_HP_LOSS","seed_source_timestamp":62567580060135,"circlet_count":0,"master_deck":["Strike_B","Strike_B","Strike_B","Strike_B","Defend_B","Defend_B","Defend_B","Defend_B","Zap+1","Dualcast","AscendersBane","Genetic Algorithm+1","Cold Snap","FTL","Auto Shields","Double Energy","Conserve Battery"],"relics":["Cracked Core","Golden Idol","Question Card","Girya","Ancient Tea Set","Omamori","Bottled Lightning"],"potions_floor_usage":[13],"damage_taken":[{"damage":12,"enemies":"Jaw Worm","floor":1,"turns":4},{"damage":0,"enemies":"Small Slimes","floor":5,"turns":2},{"damage":27,"enemies":"Lagavulin","floor":7,"turns":8},{"damage":1,"enemies":"Cultist","floor":11,"turns":3},{"damage":6,"enemies":"Looter","floor":13,"turns":3},{"damage":14,"enemies":"3 Sentries","floor":14,"turns":9},{"damage":31,"enemies":"Hexaghost","floor":16,"turns":11}],"seed_played":"-7183656617866007549","potions_obtained":[{"floor":11,"key":"Fruit Juice"},{"floor":14,"key":"SpeedPotion"}],"is_trial":false,"path_per_floor":["M","?","?","$","M","R","E","R","T","R","M","T","M","E","R"],"character_chosen":"DEFECT","items_purchased":["Question Card"],"campfire_rested":1,"item_purchase_floors":[4],"current_hp_per_floor":[52,52,52,52,52,52,25,25,25,44,43,43,42,28,28,0],"gold":186,"neow_bonus":"TWO_FIFTY_GOLD","is_prod":false,"is_daily":false,"chose_seed":false,"campfire_upgraded":2,"win_rate":0,"timestamp":1537268898,"path_taken":["M","?","?","$","M","R","E","R","T","R","M","?","M","E","R","BOSS"],"build_version":"2018-09-06","purchased_purges":0,"victory":false,"max_hp_per_floor":[64,64,64,64,64,64,64,64,64,64,64,64,69,69,69,69],"card_choices":[{"not_picked":["Leap","Steam"],"picked":"Genetic Algorithm","floor":1},{"not_picked":["Stack","Beam Cell","Streamline"],"picked":"Cold Snap","floor":5},{"not_picked":["Cold Snap","Stack","Ball Lightning"],"picked":"FTL","floor":7},{"not_picked":["Go for the Eyes","Sweeping Beam","Rip and Tear"],"picked":"Auto Shields","floor":11},{"not_picked":["Streamline","Blizzard","Turbo"],"picked":"Double Energy","floor":13},{"not_picked":["FTL","Turbo","Streamline"],"picked":"Conserve Battery","floor":14}],"player_experience":747465,"relics_obtained":[{"floor":7,"key":"Girya"},{"floor":9,"key":"Ancient Tea Set"},{"floor":12,"key":"Omamori"},{"floor":14,"key":"Bottled Lightning"}],"event_choices":[{"event_name":"Golden Idol","player_choice":"Take Wound","floor":2,"damage_taken":0},{"event_name":"The Cleric","player_choice":"Card Removal","floor":3,"damage_taken":0}],"is_beta":false,"boss_relics":[],"items_purged_floors":[],"is_endless":false,"potions_floor_spawned":[11,14],"killed_by":"Hexaghost","ascension_level":17}