{"gold_per_floor":[115,290,134,134,153,170,184,195,241,259,259,259,259,273,273,368,368,381,381,20,31,43,75,75,88,88,102,112,112,143,158,158,256,256,272,272,272,272,172,172,21,32,32,32,61,61,75,91,91,91],"floor_reached":51,"playtime":6551,"items_purged":["Doubt","Writhe"],"score":741,"play_id":"afdc9459-cca9-4f27-8a32-2fc6baefb2ca","local_time":"20180709031731","is_ascension_mode":false,"campfire_choices":[{"floor":11.0,"key":"REST"},{"data":"Well Laid Plans","floor":13.0,"key":"SMITH"},{"data":"Neutralize","floor":15.0,"key":"SMITH"},{"floor":24.0,"key":"REST"},{"floor":32.0,"key":"REST"},{"floor":40.0,"key":"REST"},{"floor":49,"key":"REST"}],"neow_cost":"FIFTY_PERCENT_DAMAGE","seed_source_timestamp":2242205017342450,"circlet_count":0,"master_deck":["Defend_G+1","Defend_G+1","Defend_G+1","Defend_G+1","Defend_G+1","Strike_G+1","Strike_G+1","Strike_G+1","Survivor+1","Neutralize+1","Well Laid Plans+1","Phantasmal Killer+1","Quick Slash+1","Cloak And Dagger+1","Infinite Blades+1","Flying Knee+1","Skewer+1","Ghostly+1","Ghostly+1","Ghostly+1","Ghostly+1","Ghostly+1","Secret Technique+1","Outmaneuver+1","Phantasmal Killer+1","Secret Weapon+1","Madness","Madness"],"special_seed":0,"relics":["Ring of the Snake","Ice Cream","Oddly Smooth Stone","Fusion Hammer","Matryoshka","Orichalcum","Gremlin Horn","Juzu Bracelet","Red Mask","Lizard Tail","Mark of the Bloom","Happy Flower","Bag of Preparation","Ancient Tea Set","War Paint"],"potions_floor_usage":[50,50],"damage_taken":[{"damage":1.0,"enemies":"2 Louse","floor":1.0,"turns":4.0},{"damage":0.0,"enemies":"Cultist","floor":5.0,"turns":4.0},{"damage":0.0,"enemies":"Small Slimes","floor":6.0,"turns":4.0},{"damage":10.0,"enemies":"Gremlin Gang","floor":7.0,"turns":7.0},{"damage":3.0,"enemies":"Looter","floor":8.0,"turns":4.0},{"damage":0.0,"enemies":"Lots of Slimes","floor":10.0,"turns":1.0},{"damage":0.0,"enemies":"Large Slime","floor":14.0,"turns":3.0},{"damage":26.0,"enemies":"Hexaghost","floor":16.0,"turns":9.0},{"damage":1.0,"enemies":"Shell Parasite","floor":18.0,"turns":4.0},{"damage":2.0,"enemies":"Chosen","floor":21.0,"turns":3.0},{"damage":8.0,"enemies":"Snake Plant","floor":22.0,"turns":5.0},{"damage":12.0,"enemies":"Slavers","floor":23.0,"turns":8.0},{"damage":7.0,"enemies":"Chosen and Byrds","floor":25.0,"turns":7.0},{"damage":0.0,"enemies":"Slaver and Parasite","floor":27.0,"turns":6.0},{"damage":12.0,"enemies":"Cultist and Chosen","floor":28.0,"turns":7.0},{"damage":0.0,"floor":30.0,"turns":6.0},{"damage":0.0,"enemies":"3 Cultists","floor":31.0,"turns":7.0},{"damage":0.0,"enemies":"Automaton","floor":33.0,"turns":7.0},{"damage":0.0,"enemies":"3 Darklings","floor":35.0,"turns":7.0},{"damage":0.0,"enemies":"3 Shapes","floor":42.0,"turns":3.0},{"damage":0.0,"enemies":"Giant Head","floor":45.0,"turns":6.0},{"damage":0.0,"enemies":"3 Darklings","floor":47.0,"turns":5.0},{"damage":0,"enemies":"Sphere and 2 Shapes","floor":48,"turns":5},{"damage":12,"enemies":"Time Eater","floor":50,"turns":5}],"seed_played":"7793320546607727138","potions_obtained":[{"floor":5.0,"key":"Explosive Potion"},{"floor":7.0,"key":"SteroidPotion"},{"floor":30.0,"key":"GhostInAJar"},{"floor":45.0,"key":"FearPotion"},{"floor":47.0,"key":"LiquidBronze"}],"is_trial":false,"path_per_floor":["M","?","$","?","M","M","M","M","T","M","R","$","R","M","R","B",null,"M","?","$","M","M","E","R","M","T","M","M","?","?","M","R","B",null,"M","?","?","?","$","R","$","M","T","?","E","?","M","M","R","B"],"character_chosen":"THE_SILENT","items_purchased":["Well Laid Plans","Secret Technique","FearPotion","SteroidPotion","Regen Potion","Happy Flower"],"campfire_rested":5,"item_purchase_floors":[3,20,20,20,20,41],"current_hp_per_floor":[34,34,34,34,34,34,24,21,21,21,42,42,42,42,42,16,70,69,35,35,33,25,13,23,16,16,16,4,4,4,4,14,29,35,35,35,35,35,35,35,35,35,35,35,35,31,31,31,31,19],"gold":91,"neow_bonus":"ONE_RARE_RELIC","is_prod":false,"is_daily":false,"chose_seed":false,"campfire_upgraded":2,"win_rate":0,"timestamp":1531120651,"path_taken":["M","?","?","?","M","M","?","M","T","M","R","$","R","M","R","BOSS","M","?","$","?","?","E","R","M","T","M","M","?","?","M","R","BOSS","M","?","?","?","$","R","$","M","T","?","E","?","M","M","R","BOSS"],"build_version":"2018-07-05","purchased_purges":2,"victory":true,"max_hp_per_floor":[70,70,70,70,70,70,70,70,70,70,70,70,70,70,70,70,70,70,35,35,35,35,35,35,35,35,35,35,35,35,35,35,35,35,35,35,35,35,35,35,35,35,35,35,35,35,35,35,35,35],"card_choices":[{"not_picked":["Dodge and Roll","Underhanded Strike","Leg Sweep"],"picked":"SKIP","floor":1.0},{"not_picked":["PiercingWail","Underhanded Strike"],"picked":"Phantasmal Killer","floor":5.0},{"not_picked":["Bane","Sucker Punch"],"picked":"Quick Slash","floor":6.0},{"not_picked":["Backflip","PiercingWail"],"picked":"Cloak And Dagger","floor":7.0},{"not_picked":["All Out Attack","Slice"],"picked":"Infinite Blades","floor":8.0},{"not_picked":["Catalyst","PiercingWail"],"picked":"Flying Knee","floor":10.0},{"not_picked":["Bane","Expertise"],"picked":"Skewer","floor":14.0},{"not_picked":["Deflect","Underhanded Strike+1","All Out Attack"],"picked":"SKIP","floor":18.0},{"not_picked":["Bane","Deadly Poison","Finisher+1"],"picked":"SKIP","floor":21.0},{"not_picked":["Underhanded Strike","Bane","Calculated Gamble+1"],"picked":"SKIP","floor":22.0},{"not_picked":["Slice+1","Poisoned Stab","Eviscerate"],"picked":"SKIP","floor":23.0},{"not_picked":["Sucker Punch+1","Dodge and Roll","Dash"],"picked":"SKIP","floor":25.0},{"not_picked":["Acrobatics","All Out Attack"],"picked":"Outmaneuver","floor":27.0},{"not_picked":["Bane","Escape Plan+1","Underhanded Strike"],"picked":"SKIP","floor":28.0},{"not_picked":["Unload","Backflip","Dagger Spray"],"picked":"SKIP","floor":31.0},{"not_picked":["Adrenaline","Die Die Die"],"picked":"Phantasmal Killer","floor":33.0},{"not_picked":["Caltrops","Quick Slash+1","Poisoned Stab+1"],"picked":"SKIP","floor":35.0},{"not_picked":["Purity","Finesse"],"picked":"Secret Weapon","floor":37.0},{"not_picked":["Poisoned Stab+1","Bane+1","Accuracy"],"picked":"SKIP","floor":42.0},{"not_picked":["Prepared+1","Well Laid Plans+1","Deadly Poison+1"],"picked":"SKIP","floor":45.0},{"not_picked":["Quick Slash+1","Escape Plan+1","Sucker Punch"],"picked":"SKIP","floor":47.0},{"not_picked":["Glass Knife","Blade Dance+1","Prepared"],"picked":"SKIP","floor":48}],"player_experience":132634,"relics_obtained":[{"floor":9.0,"key":"Oddly Smooth Stone"},{"floor":23.0,"key":"Matryoshka"},{"floor":26.0,"key":"Orichalcum"},{"floor":26.0,"key":"Gremlin Horn"},{"floor":30.0,"key":"Red Mask"},{"floor":43.0,"key":"Bag of Preparation"},{"floor":43.0,"key":"Ancient Tea Set"},{"floor":45.0,"key":"War Paint"}],"event_choices":[{"event_name":"Liars Game","player_choice":"agreed","floor":2.0,"damage_taken":0.0},{"event_name":"Bonfire Elementals","player_choice":"BASIC","floor":4.0,"damage_taken":0.0},{"event_name":"Ghosts","player_choice":"Became a Ghost","floor":19.0,"damage_taken":0.0},{"event_name":"The Mausoleum","player_choice":"Yes","floor":29.0,"damage_taken":0.0},{"event_name":"Masked Bandits","player_choice":"Fought over 112 gold","floor":30.0,"damage_taken":0.0},{"event_name":"Mysterious Sphere","player_choice":"Ignore","floor":36.0,"damage_taken":0.0},{"event_name":"SensoryStone","player_choice":"Memory 1","floor":37.0,"damage_taken":0.0},{"event_name":"MindBloom","player_choice":"Upgrade","floor":38.0,"damage_taken":0.0},{"event_name":"Falling","player_choice":"Removed Attack","floor":44.0,"damage_taken":0.0},{"event_name":"Winding Halls","player_choice":"Embrace Madness","floor":46.0,"damage_taken":0.0}],"boss_relics":[{"not_picked":["Ectoplasm","Astrolabe"],"picked":"Fusion Hammer"},{"not_picked":["Pandora\u0027s Box","Calling Bell"],"picked":"Lizard Tail"}],"items_purged_floors":[3,39],"is_endless":false,"potions_floor_spawned":[5,7,23,27,28,30,45,47],"ascension_level":0}