{"gold_per_floor":[118,118,118,43,43,78,96,139,139,139,152,168,201,220,220,220],"floor_reached":16,"playtime":481,"items_purged":["Injury"],"score":268,"play_id":"80a3dca1-36ad-4176-b25a-b29cb8e54842","local_time":"20181002230937","is_ascension_mode":true,"campfire_choices":[{"data":"Zap","floor":10,"key":"SMITH"},{"data":"Biased Cognition","floor":15,"key":"SMITH"}],"neow_cost":"NONE","seed_source_timestamp":347024152550724,"circlet_count":0,"master_deck":["Strike_B","Strike_B","Strike_B","Strike_B","Defend_B","Defend_B","Defend_B","Defend_B","Zap+1","Dualcast","AscendersBane","Conserve Battery","Cold Snap","Compile Driver","Biased Cognition+1","Rebound","Beam Cell"],"relics":["Cracked Core","NeowsBlessing","Golden Idol","Darkstone Periapt","Dodecahedron","Ginger","Shuriken","Dream Catcher"],"potions_floor_usage":[8,8,13],"damage_taken":[{"damage":0,"enemies":"Cultist","floor":1,"turns":1},{"damage":0,"enemies":"Gremlin Nob","floor":6,"turns":1},{"damage":0,"enemies":"2 Louse","floor":7,"turns":1},{"damage":9,"enemies":"3 Sentries","floor":8,"turns":8},{"damage":12,"enemies":"Jaw Worm","floor":11,"turns":2},{"damage":7,"enemies":"Blue Slaver","floor":12,"turns":2},{"damage":12,"enemies":"Lagavulin","floor":13,"turns":4},{"damage":12,"enemies":"3 Louse","floor":14,"turns":4},{"damage":21,"enemies":"The Guardian","floor":16,"turns":4}],"seed_played":"1889722825695095341","potions_obtained":[{"floor":1,"key":"GamblersBrew"},{"floor":6,"key":"SpeedPotion"},{"floor":12,"key":"FearPotion"},{"floor":14,"key":"Energy Potion"}],"is_trial":false,"path_per_floor":["M","?","?","$","?","E","M","E","T","R","M","M","E","M","R"],"character_chosen":"DEFECT","items_purchased":[],"campfire_rested":0,"item_purchase_floors":[],"current_hp_per_floor":[64,64,53,53,71,71,71,62,62,62,50,43,31,19,19,0],"gold":220,"neow_bonus":"THREE_ENEMY_KILL","is_prod":false,"is_daily":false,"chose_seed":false,"campfire_upgraded":2,"win_rate":0,"timestamp":1538514577,"path_taken":["M","?","?","?","?","E","M","E","T","R","?","M","E","M","R","BOSS"],"build_version":"2018-09-27","purchased_purges":1,"victory":false,"max_hp_per_floor":[71,71,71,71,71,71,71,71,71,71,71,71,71,71,71,71],"card_choices":[{"not_picked":["Tempest","Turbo"],"picked":"Conserve Battery","floor":1},{"not_picked":["Conserve Battery","Darkness"],"picked":"Cold Snap","floor":6},{"not_picked":["Beam Cell","Barrage"],"picked":"Compile Driver","floor":7},{"not_picked":["Turbo","Go for the Eyes"],"picked":"Biased Cognition","floor":8},{"not_picked":["Streamline","Capacitor"],"picked":"Rebound","floor":11},{"not_picked":["Streamline","Cold Snap","Static Discharge"],"picked":"SKIP","floor":12},{"not_picked":["Genetic Algorithm","Undo"],"picked":"Beam Cell","floor":13},{"not_picked":["Chaos","Leap","Turbo"],"picked":"SKIP","floor":14}],"player_experience":799782,"relics_obtained":[{"floor":6,"key":"Dodecahedron"},{"floor":8,"key":"Ginger"},{"floor":9,"key":"Shuriken"},{"floor":13,"key":"Dream Catcher"}],"event_choices":[{"event_name":"Golden Idol","player_choice":"Take Wound","floor":2,"damage_taken":0},{"event_name":"Scrap Ooze","player_choice":"success","floor":3,"damage_taken":11},{"event_name":"Big Fish","player_choice":"Banana","floor":5,"damage_taken":0}],"is_beta":false,"boss_relics":[],"items_purged_floors":[4],"is_endless":false,"potions_floor_spawned":[1,6,12,14],"killed_by":"The Guardian","ascension_level":17}