{"gold_per_floor":[115,40,40,56,56,56,56,56,56,56,73,100,100,120,120,197,197,217,217,217,232,244,244,260,294,317,329,375,105,116,116,116,192,192,212,26,44,59,59,59,59,59,59,59,72,52,67,67,67,67],"floor_reached":51,"playtime":4376,"items_purged":["Strike_R","Twin Strike+1"],"score":1583,"play_id":"47a6f005-4f2c-4752-bfbc-17311e742901","local_time":"20190314231631","is_ascension_mode":true,"campfire_choices":[{"data":"Bash","floor":6.0,"key":"SMITH"},{"data":"Shrug It Off","floor":8.0,"key":"SMITH"},{"data":"Carnage","floor":10.0,"key":"SMITH"},{"data":"Pommel Strike","floor":15.0,"key":"SMITH"},{"floor":23.0,"key":"REST"},{"data":"Metallicize","floor":32.0,"key":"SMITH"},{"data":"True Grit","floor":40.0,"key":"SMITH"},{"data":"Shrug It Off","floor":42.0,"key":"SMITH"},{"data":"Burning Pact","floor":44.0,"key":"SMITH"},{"floor":49,"key":"RECALL"}],"neow_cost":"NONE","seed_source_timestamp":0,"circlet_count":0,"master_deck":["AscendersBane","Defend_R+1","Defend_R+1","Defend_R+1","Bash+1","Carnage+1","Shrug It Off+1","Burning Pact+1","Pommel Strike+1","Impervious+1","Metallicize+1","Reaper+1","Clothesline+1","Shrug It Off+1","Limit Break+1","Limit Break+1","Fire Breathing+1","True Grit+1","Purity+1","Body Slam+1"],"special_seed":0,"relics":["White Beast Statue","Pantograph","Dodecahedron","Oddly Smooth Stone","Velvet Choker","Bag of Marbles","Vajra","Pen Nib","Toolbox","Astrolabe","Bottled Tornado","Mark of the Bloom"],"potions_floor_usage":[50,50],"damage_taken":[{"damage":1.0,"enemies":"2 Louse","floor":1.0,"turns":3.0},{"damage":1.0,"enemies":"Cultist","floor":4.0,"turns":3.0},{"damage":1.0,"enemies":"Jaw Worm","floor":11.0,"turns":4.0},{"damage":16.0,"enemies":"Gremlin Nob","floor":12.0,"turns":3.0},{"damage":0.0,"enemies":"Large Slime","floor":14.0,"turns":5.0},{"damage":24.0,"enemies":"The Guardian","floor":16.0,"turns":13.0},{"damage":0.0,"enemies":"Chosen","floor":18.0,"turns":3.0},{"damage":4.0,"enemies":"Shell Parasite","floor":21.0,"turns":5.0},{"damage":16.0,"enemies":"Centurion and Healer","floor":22.0,"turns":9.0},{"damage":8.0,"enemies":"Cultist and Chosen","floor":24.0,"turns":7.0},{"damage":21.0,"enemies":"Gremlin Leader","floor":25.0,"turns":5.0},{"damage":5.0,"enemies":"Shelled Parasite and Fungi","floor":27.0,"turns":9.0},{"damage":4.0,"enemies":"Centurion and Healer","floor":30.0,"turns":4.0},{"damage":82.0,"enemies":"Collector","floor":33.0,"turns":15.0},{"damage":5.0,"enemies":"3 Shapes","floor":35.0,"turns":10.0},{"damage":8.0,"enemies":"3 Darklings","floor":37.0,"turns":6.0},{"damage":49.0,"enemies":"Jaw Worm Horde","floor":38.0,"turns":7.0},{"damage":10.0,"enemies":"Transient","floor":45.0,"turns":5.0},{"damage":2.0,"enemies":"Spire Growth","floor":47.0,"turns":5.0},{"damage":0,"enemies":"Awakened One","floor":50,"turns":9}],"seed_played":"6918703902255640618","potions_obtained":[{"floor":1.0,"key":"Fire Potion"},{"floor":3.0,"key":"SneckoOil"},{"floor":3.0,"key":"BloodPotion"},{"floor":4.0,"key":"Swift Potion"},{"floor":11.0,"key":"Energy Potion"},{"floor":12.0,"key":"Weak Potion"},{"floor":14.0,"key":"Fire Potion"},{"floor":16.0,"key":"Explosive Potion"},{"floor":18.0,"key":"SpeedPotion"},{"floor":21.0,"key":"GamblersBrew"},{"floor":22.0,"key":"Poison Potion"},{"floor":24.0,"key":"EssenceOfSteel"},{"floor":25.0,"key":"Strength Potion"},{"floor":27.0,"key":"SpeedPotion"},{"floor":30.0,"key":"Fire Potion"},{"floor":33.0,"key":"SpeedPotion"},{"floor":37.0,"key":"BloodPotion"},{"floor":47.0,"key":"Dexterity Potion"}],"is_trial":false,"path_per_floor":["M","?","?","M","$","R","?","R","T","R","M","E","?","M","R","B",null,"M","?","?","M","M","R","M","E","T","M","T","$","M","?","R","B",null,"M","$","M","M","$","R","?","R","T","R","M","?","M","?","R","B",null],"character_chosen":"IRONCLAD","items_purchased":["Toolbox","Purity"],"campfire_rested":1,"item_purchase_floors":[29,36],"current_hp_per_floor":[67,67,67,73,73,73,55,55,55,55,54,38,38,38,38,39,66,66,66,66,62,50,72,64,43,43,43,43,43,44,85,85,18,68,85,85,85,85,85,85,85,85,85,85,75,75,85,85,85,85],"gold":67,"neow_bonus":"BOSS_RELIC","is_prod":false,"is_daily":false,"chose_seed":false,"campfire_upgraded":8,"win_rate":0,"timestamp":1552619791,"path_taken":["M","?","?","?","?","R","?","R","T","R","M","E","?","M","R","BOSS","M","?","?","M","?","R","M","E","T","M","?","$","M","?","R","BOSS","M","?","M","M","$","R","?","R","T","R","M","?","?","?","R","BOSS"],"build_version":"2019-01-23","purchased_purges":2,"victory":true,"max_hp_per_floor":[75,75,75,75,75,75,75,75,75,75,75,75,75,75,75,75,75,75,75,75,75,75,75,75,75,75,75,75,75,75,85,85,85,85,85,85,85,85,85,85,85,85,85,85,85,85,85,85,85,85],"card_choices":[{"not_picked":["Pommel Strike","Rampage"],"picked":"Carnage","floor":1.0},{"not_picked":["Pommel Strike","Feel No Pain"],"picked":"Shrug It Off","floor":4.0},{"not_picked":["Feel No Pain","Heavy Blade","Cleave"],"picked":"SKIP","floor":11.0},{"not_picked":["Clash","Warcry"],"picked":"Burning Pact","floor":12.0},{"not_picked":["Pommel Strike","Heavy Blade","Thunderclap"],"picked":"SKIP","floor":14.0},{"not_picked":["Heavy Blade","Thunderclap"],"picked":"Pommel Strike","floor":14.0},{"not_picked":["Fiend Fire","Juggernaut"],"picked":"Impervious","floor":16.0},{"not_picked":["Sentinel","Flame Barrier"],"picked":"Metallicize","floor":18.0},{"not_picked":["Warcry","Sword Boomerang"],"picked":"Clothesline+1","floor":21.0},{"not_picked":["Wild Strike","Thunderclap","Havoc"],"picked":"SKIP","floor":22.0},{"not_picked":["Headbutt","Clothesline+1"],"picked":"Shrug It Off","floor":24.0},{"not_picked":["Sentinel","Dark Embrace"],"picked":"Exhume","floor":25.0},{"not_picked":["Headbutt","Combust","Iron Wave"],"picked":"SKIP","floor":27.0},{"not_picked":["Rampage","Burning Pact","Flex"],"picked":"SKIP","floor":30.0},{"not_picked":["Dark Embrace","Impervious"],"picked":"Limit Break","floor":33.0},{"not_picked":["Dual Wield","Sentinel"],"picked":"True Grit","floor":35.0},{"not_picked":["Cleave","True Grit","Wild Strike"],"picked":"SKIP","floor":37.0},{"not_picked":["Armaments","Whirlwind","Havoc"],"picked":"SKIP","floor":38.0},{"not_picked":["Power Through+1","Twin Strike","Seeing Red+1"],"picked":"SKIP","floor":45.0},{"not_picked":["Feed","Cleave"],"picked":"Body Slam","floor":47.0}],"player_experience":365589,"relics_obtained":[{"floor":9.0,"key":"Dodecahedron"},{"floor":12.0,"key":"Oddly Smooth Stone"},{"floor":25.0,"key":"Bag of Marbles"},{"floor":26.0,"key":"Vajra"},{"floor":28.0,"key":"Pen Nib"},{"floor":43.0,"key":"Bottled Tornado"}],"event_choices":[{"cards_removed":["Strike_R"],"damage_healed":0.0,"max_hp_gain":0.0,"max_hp_loss":0.0,"gold_gain":0.0,"event_name":"The Cleric","player_choice":"Card Removal","floor":2.0,"gold_loss":75.0,"damage_taken":0.0},{"damage_healed":0.0,"max_hp_gain":0.0,"max_hp_loss":0.0,"gold_gain":0.0,"event_name":"Lab","player_choice":"Got Potions","floor":3.0,"gold_loss":0.0,"damage_taken":0.0},{"damage_healed":0.0,"max_hp_gain":0.0,"max_hp_loss":0.0,"gold_gain":0.0,"event_name":"Scrap Ooze","player_choice":"Success","floor":7.0,"gold_loss":0.0,"damage_taken":18.0,"relics_obtained":["Pantograph"]},{"cards_removed":["Strike_R"],"damage_healed":0.0,"max_hp_gain":0.0,"max_hp_loss":0.0,"gold_gain":0.0,"event_name":"Living Wall","player_choice":"Forget","floor":13.0,"gold_loss":0.0,"damage_taken":0.0},{"damage_healed":0.0,"max_hp_gain":0.0,"max_hp_loss":0.0,"gold_gain":0.0,"event_name":"Vampires","player_choice":"Ignored","floor":19.0,"gold_loss":0.0,"damage_taken":0.0},{"damage_healed":0.0,"max_hp_gain":0.0,"max_hp_loss":0.0,"gold_gain":0.0,"event_name":"Match and Keep!","player_choice":"1 cards matched","floor":20.0,"gold_loss":0.0,"damage_taken":0.0,"cards_obtained":["Reaper"]},{"cards_removed":["Exhume"],"damage_healed":31.0,"max_hp_gain":10.0,"max_hp_loss":0.0,"gold_gain":0.0,"event_name":"Bonfire Elementals","player_choice":"Offered Rare","floor":31.0,"gold_loss":0.0,"damage_taken":0.0},{"damage_healed":0.0,"max_hp_gain":0.0,"max_hp_loss":0.0,"gold_gain":0.0,"event_name":"Mysterious Sphere","player_choice":"Ignored","floor":41.0,"gold_loss":0.0,"damage_taken":0.0},{"damage_healed":0.0,"max_hp_gain":0.0,"max_hp_loss":0.0,"gold_gain":0.0,"event_name":"The Woman in Blue","player_choice":"Bought 1 Potion","floor":46.0,"gold_loss":0.0,"damage_taken":0.0},{"damage_healed":0.0,"max_hp_gain":0.0,"max_hp_loss":0.0,"gold_gain":0.0,"event_name":"MindBloom","player_choice":"Upgrade","floor":48.0,"gold_loss":0.0,"damage_taken":0.0,"cards_upgraded":["Defend_R","Defend_R","Defend_R","Impervious","Reaper","Limit Break","Purity","Body Slam"],"relics_obtained":["Mark of the Bloom"]}],"is_beta":false,"boss_relics":[{"not_picked":["Runic Pyramid","Lizard Tail"],"picked":"Velvet Choker"},{"not_picked":["Orrery","Sozu"],"picked":"Astrolabe"}],"items_purged_floors":[29,36],"is_endless":false,"potions_floor_spawned":[1,4,11,12,14,16,18,21,22,24,25,27,30,33,35,37,38,45,47],"ascension_level":15}