{"gold_per_floor":[16,16,33,33,52,52,63,63,63,81,81,32,52,52,52,150,150,162,87,87,100,100,125,125,160,160,160,190,204,204,233,233,336,336,356,178,227,1,1,1,33,33,33,51,83,8,8,35,35,35],"floor_reached":51,"playtime":4621,"items_purged":["Infinite Blades+1"],"score":1143,"play_id":"3f0d35f4-9c12-4154-8989-04600f90230e","local_time":"20190207185506","is_ascension_mode":true,"campfire_choices":[{"data":"Sucker Punch","floor":6.0,"key":"SMITH"},{"data":"Corpse Explosion","floor":8.0,"key":"SMITH"},{"data":"Catalyst","floor":11.0,"key":"SMITH"},{"data":"Neutralize","floor":15.0,"key":"SMITH"},{"floor":27.0,"key":"REST"},{"floor":30.0,"key":"REST"},{"floor":32.0,"key":"REST"},{"floor":40.0,"key":"REST"},{"data":"Burst","floor":42.0,"key":"SMITH"},{"floor":49.0,"key":"REST"}],"neow_cost":"NO_GOLD","seed_source_timestamp":940668640683954,"circlet_count":0,"master_deck":["Defend_G+1","Defend_G+1","Defend_G+1","Defend_G+1","Survivor","Neutralize+1","All Out Attack","Corpse Explosion+1","Sucker Punch+1","Catalyst+1","Prepared","Dagger Throw","Adrenaline","Flying Knee+1","Poisoned Stab","Footwork","Backflip","Reflex+1","Dagger Spray+1","Crippling Poison+1","Burst+1","Cloak And Dagger+1","Sadistic Nature","Well Laid Plans+1","Catalyst","Tactician+1"],"special_seed":0,"relics":["Ring of the Snake","Tough Bandages","Astrolabe","The Specimen","Dream Catcher","Molten Egg 2","Kunai","Peace Pipe","HoveringKite","Gambling Chip","Regal Pillow","Potion Belt","Gremlin Horn","Bag of Preparation","Boot"],"potions_floor_usage":[50],"damage_taken":[{"damage":0.0,"enemies":"2 Louse","floor":1.0,"turns":1.0},{"damage":0.0,"enemies":"Small Slimes","floor":3.0,"turns":2.0},{"damage":1.0,"enemies":"Jaw Worm","floor":5.0,"turns":4.0},{"damage":14.0,"enemies":"Blue Slaver","floor":7.0,"turns":3.0},{"damage":0.0,"enemies":"3 Louse","floor":10.0,"turns":1.0},{"damage":0.0,"enemies":"2 Fungi Beasts","floor":13.0,"turns":1.0},{"damage":9.0,"enemies":"Hexaghost","floor":16.0,"turns":8.0},{"damage":0.0,"enemies":"Chosen","floor":18.0,"turns":3.0},{"damage":7.0,"enemies":"Spheric Guardian","floor":21.0,"turns":4.0},{"damage":21.0,"enemies":"Book of Stabbing","floor":23.0,"turns":4.0},{"damage":14.0,"enemies":"Gremlin Leader","floor":25.0,"turns":5.0},{"damage":11.0,"enemies":"Book of Stabbing","floor":28.0,"turns":4.0},{"damage":13.0,"enemies":"Snecko","floor":29.0,"turns":4.0},{"damage":12.0,"enemies":"Slavers","floor":31.0,"turns":3.0},{"damage":49.0,"enemies":"Collector","floor":33.0,"turns":7.0},{"damage":0.0,"enemies":"3 Darklings","floor":35.0,"turns":3.0},{"damage":15.0,"enemies":"2 Orb Walkers","floor":37.0,"turns":3.0},{"damage":16.0,"enemies":"Nemesis","floor":41.0,"turns":5.0},{"damage":0.0,"enemies":"Orb Walker","floor":44.0,"turns":2.0},{"damage":0.0,"enemies":"Reptomancer","floor":45.0,"turns":2.0},{"damage":27.0,"enemies":"Nemesis","floor":48.0,"turns":3.0},{"damage":0,"enemies":"Time Eater","floor":50,"turns":2}],"seed_played":"5978290734245437615","potions_obtained":[{"floor":1.0,"key":"Energy Potion"},{"floor":10.0,"key":"GamblersBrew"},{"floor":16.0,"key":"AttackPotion"},{"floor":18.0,"key":"Fire Potion"},{"floor":23.0,"key":"Strength Potion"},{"floor":25.0,"key":"LiquidBronze"},{"floor":29.0,"key":"Energy Potion"},{"floor":33.0,"key":"GhostInAJar"},{"floor":35.0,"key":"SteroidPotion"},{"floor":37.0,"key":"Strength Potion"},{"floor":45.0,"key":"GhostInAJar"},{"floor":48.0,"key":"GamblersBrew"}],"is_trial":false,"path_per_floor":["M","?","M","?","M","R","M","R","T","M","R","$","M","?","R","B",null,"M","?","?","M","?","E","$","E","T","R","E","M","R","E","R","B",null,"M","$","?","$","?","R","E","R","T","M","E","$","?","E","R","B",null],"character_chosen":"THE_SILENT","items_purchased":["Poison Potion","Sadistic Nature","Catalyst","Regal Pillow"],"campfire_rested":5,"item_purchase_floors":[12,36,38,38],"current_hp_per_floor":[63,68,68,68,67,67,53,53,53,53,53,53,53,53,53,44,67,67,67,67,60,60,39,39,25,25,47,36,23,45,33,55,6,58,58,58,43,43,43,75,59,59,59,59,59,59,59,32,69,69],"gold":35,"neow_bonus":"TRANSFORM_TWO_CARDS","is_prod":false,"is_daily":false,"chose_seed":false,"campfire_upgraded":5,"win_rate":0,"timestamp":1549583706,"path_taken":["M","?","M","?","M","R","M","R","T","?","R","$","M","?","R","BOSS","M","?","?","M","?","E","?","E","T","R","E","M","R","E","R","BOSS","M","$","?","$","?","R","E","R","T","M","E","$","?","E","R","BOSS"],"build_version":"2019-01-23","purchased_purges":1,"victory":true,"max_hp_per_floor":[70,75,75,75,75,75,75,75,75,75,75,75,75,75,75,75,75,75,75,75,75,75,75,75,75,75,75,75,75,75,75,75,75,75,75,75,75,75,75,75,75,75,75,75,75,75,75,75,75,75],"card_choices":[{"not_picked":["Endless Agony","Backflip"],"picked":"Sucker Punch","floor":1.0},{"not_picked":["Eviscerate","Dagger Throw","Outmaneuver"],"picked":"SKIP","floor":3.0},{"not_picked":["Bane","Noxious Fumes"],"picked":"Catalyst","floor":5.0},{"not_picked":["Dodge and Roll","Quick Slash","Flechettes"],"picked":"SKIP","floor":7.0},{"not_picked":["Dash","Poisoned Stab"],"picked":"Prepared","floor":10.0},{"not_picked":["Backflip","Wraith Form v2"],"picked":"Dagger Throw","floor":13.0},{"not_picked":["Malaise","Corpse Explosion"],"picked":"Adrenaline","floor":16.0},{"not_picked":["Cloak And Dagger","Quick Slash"],"picked":"Poisoned Stab","floor":18.0},{"not_picked":["Riddle With Holes","Setup+1","Grand Finale"],"picked":"SKIP","floor":21.0},{"not_picked":["Deflect+1","Riddle With Holes"],"picked":"Footwork","floor":23.0},{"not_picked":["Cloak And Dagger","Phantasmal Killer"],"picked":"Backflip","floor":25.0},{"not_picked":["Blur","Backflip"],"picked":"Reflex+1","floor":27.0},{"not_picked":["Malaise","Backflip"],"picked":"Dagger Spray+1","floor":28.0},{"not_picked":["PiercingWail","All Out Attack+1"],"picked":"Crippling Poison+1","floor":29.0},{"not_picked":["Predator+1","Storm of Steel","Footwork"],"picked":"SKIP","floor":31.0},{"not_picked":["Tools of the Trade","A Thousand Cuts"],"picked":"Burst","floor":33.0},{"not_picked":["Deflect","Dodge and Roll"],"picked":"Cloak And Dagger+1","floor":35.0},{"not_picked":["Outmaneuver+1","Sucker Punch+1"],"picked":"Well Laid Plans+1","floor":37.0},{"not_picked":["Cloak And Dagger+1","Storm of Steel","Prepared"],"picked":"SKIP","floor":41.0},{"not_picked":["Skewer+1","Caltrops+1","Backflip+1"],"picked":"SKIP","floor":44.0},{"not_picked":["Poisoned Stab+1","Endless Agony+1","Acrobatics"],"picked":"SKIP","floor":45.0},{"not_picked":["Escape Plan+1","Eviscerate+1","Dagger Spray+1"],"picked":"SKIP","floor":48.0},{"not_picked":["Choke+1","Calculated Gamble"],"picked":"Tactician+1","floor":49.0}],"player_experience":390222,"relics_obtained":[{"floor":9.0,"key":"Tough Bandages"},{"floor":23.0,"key":"The Specimen"},{"floor":25.0,"key":"Dream Catcher"},{"floor":26.0,"key":"Molten Egg 2"},{"floor":28.0,"key":"Kunai"},{"floor":31.0,"key":"Peace Pipe"},{"floor":37.0,"key":"Gambling Chip"},{"floor":41.0,"key":"Potion Belt"},{"floor":43.0,"key":"Gremlin Horn"},{"floor":45.0,"key":"Bag of Preparation"},{"floor":48.0,"key":"Boot"}],"event_choices":[{"damage_healed":0.0,"max_hp_gain":5.0,"max_hp_loss":0.0,"gold_gain":0.0,"event_name":"Big Fish","player_choice":"Donut","floor":2.0,"gold_loss":0.0,"damage_taken":0.0},{"damage_healed":0.0,"max_hp_gain":0.0,"max_hp_loss":0.0,"gold_gain":0.0,"event_name":"The Cleric","player_choice":"Leave","floor":4.0,"gold_loss":0.0,"damage_taken":0.0},{"damage_healed":0.0,"max_hp_gain":0.0,"max_hp_loss":0.0,"gold_gain":0.0,"event_name":"Liars Game","player_choice":"Ignored","floor":14.0,"gold_loss":0.0,"damage_taken":0.0},{"cards_removed":["Strike_G"],"damage_healed":0.0,"max_hp_gain":0.0,"max_hp_loss":0.0,"gold_gain":0.0,"event_name":"Beggar","player_choice":"Gave Gold","floor":19.0,"gold_loss":75.0,"damage_taken":0.0},{"damage_healed":0.0,"max_hp_gain":0.0,"max_hp_loss":0.0,"gold_gain":0.0,"event_name":"Back to Basics","player_choice":"Simplicity","floor":20.0,"gold_loss":0.0,"damage_taken":0.0,"cards_upgraded":["Defend_G","Defend_G","Defend_G","Defend_G"]},{"damage_healed":0.0,"max_hp_gain":0.0,"max_hp_loss":0.0,"gold_gain":0.0,"event_name":"Cursed Tome","player_choice":"Ignored","floor":22.0,"gold_loss":0.0,"damage_taken":0.0},{"damage_healed":0.0,"max_hp_gain":0.0,"max_hp_loss":0.0,"gold_gain":0.0,"event_name":"Mysterious Sphere","player_choice":"Fight","floor":37.0,"gold_loss":0.0,"damage_taken":0.0},{"cards_removed":["Flying Knee"],"damage_healed":0.0,"max_hp_gain":0.0,"max_hp_loss":0.0,"gold_gain":0.0,"event_name":"Falling","player_choice":"Removed Attack","floor":39.0,"gold_loss":0.0,"damage_taken":0.0},{"damage_healed":0.0,"max_hp_gain":0.0,"max_hp_loss":0.0,"gold_gain":0.0,"event_name":"SensoryStone","player_choice":"Memory 1","floor":47.0,"gold_loss":0.0,"damage_taken":0.0}],"is_beta":false,"boss_relics":[{"not_picked":["Snecko Eye","Runic Pyramid"],"picked":"Astrolabe"},{"not_picked":["Cursed Key","Empty Cage"],"picked":"HoveringKite"}],"items_purged_floors":[46],"is_endless":false,"potions_floor_spawned":[1,10,16,18,23,25,29,33,35,37,45,48],"ascension_level":7}