{"gold_per_floor":[111,111,131,56,70,97,129,141],"floor_reached":8,"playtime":785,"items_purged":["Strike_G"],"score":81,"play_id":"e4de9f2d-2930-4b85-b282-5b4050bb6f5c","local_time":"20190313184603","is_ascension_mode":true,"campfire_choices":[],"neow_cost":"NONE","seed_source_timestamp":316893161768640,"circlet_count":0,"master_deck":["Defend_G","Defend_G","Defend_G","Defend_G","Defend_G","Strike_G","Strike_G","Strike_G","Strike_G","Survivor","Neutralize","Burst","Doppelganger","Noxious Fumes","Backflip","Dagger Spray"],"relics":["Ring of the Snake","Potion Belt","MawBank"],"potions_floor_usage":[8],"damage_taken":[{"damage":0,"enemies":"Small Slimes","floor":1,"turns":6},{"damage":3,"enemies":"Cultist","floor":3,"turns":6},{"damage":5,"enemies":"2 Louse","floor":5,"turns":6},{"damage":40,"enemies":"Lagavulin","floor":6,"turns":11},{"damage":7,"enemies":"2 Fungi Beasts","floor":7,"turns":6},{"damage":15,"enemies":"3 Sentries","floor":8,"turns":3}],"seed_played":"-2137479075926692252","potions_obtained":[{"floor":7,"key":"SkillPotion"}],"is_trial":false,"path_per_floor":["M","?","M","$","M","E","M","?"],"character_chosen":"THE_SILENT","items_purchased":[],"campfire_rested":0,"item_purchase_floors":[],"current_hp_per_floor":[63,63,60,60,55,15,8,0],"gold":141,"neow_bonus":"ONE_RANDOM_RARE_CARD","is_prod":false,"is_daily":false,"chose_seed":false,"campfire_upgraded":0,"win_rate":0,"timestamp":1552499163,"path_taken":["M","?","?","?","M","E","M","?"],"build_version":"2019-01-23","purchased_purges":1,"victory":false,"max_hp_per_floor":[70,70,70,70,70,70,70,70],"card_choices":[{"not_picked":["PiercingWail","Quick Slash"],"picked":"Deadly Poison","floor":1},{"not_picked":["PiercingWail","Outmaneuver"],"picked":"Doppelganger","floor":3},{"not_picked":["Poisoned Stab","Escape Plan"],"picked":"Noxious Fumes","floor":5},{"not_picked":["Predator","Quick Slash"],"picked":"Backflip","floor":6},{"not_picked":["Concentrate","Bane"],"picked":"Dagger Spray","floor":7}],"player_experience":490957,"relics_obtained":[{"floor":6,"key":"MawBank"}],"event_choices":[{"cards_removed":["Deadly Poison"],"damage_healed":0,"gold_gain":0,"player_choice":"Gave Card","damage_taken":0,"relics_obtained":["Potion Belt"],"max_hp_gain":0,"max_hp_loss":0,"event_name":"WeMeetAgain","floor":2,"gold_loss":0},{"damage_healed":0,"gold_gain":0,"player_choice":"Searched \u00272\u0027 times","damage_taken":0,"max_hp_gain":0,"max_hp_loss":0,"event_name":"Dead Adventurer","floor":8,"gold_loss":0}],"is_beta":false,"boss_relics":[],"items_purged_floors":[4],"is_endless":false,"potions_floor_spawned":[7],"killed_by":"3 Sentries","ascension_level":8}