{"gold_per_floor":[119,129,129,129,142,174,174,174,174,187,217,217,227,241,241,319,319,335,354,279,295,62,62,62,92,167,3,33,44,44,76,76,147,147,167,1166,1179,93,93],"floor_reached":39,"playtime":1478,"items_purged":["Normality"],"score":902,"play_id":"bbf4fbb0-84c6-4b94-8580-ba250baae53d","local_time":"20180929003702","is_ascension_mode":true,"campfire_choices":[{"floor":7,"key":"REST"},{"data":"Loop","floor":12,"key":"SMITH"},{"data":"Creative AI","floor":15,"key":"SMITH"},{"data":"Electrodynamics","floor":23,"key":"SMITH"},{"floor":30,"key":"REST"},{"floor":32,"key":"REST"}],"neow_cost":"","seed_source_timestamp":5657631634245,"circlet_count":0,"master_deck":["Defend_B","Defend_B+1","Defend_B+1","Dualcast+1","AscendersBane","Steam","Beam Cell+1","Loop+1","Lockon","Conserve Battery","Creative AI+1","Electrodynamics+1","Compile Driver+1","Streamline+1","Sweeping Beam+1","Cold Snap","Shame","Hologram+1","Discovery+1","Fusion+1","Meteor Strike","Coolheaded+1","Normality","Undo+1","Glacier+1","Blizzard"],"relics":["Cracked Core","Pocketwatch","Ornamental Fan","War Paint","Astrolabe","Sling","Toxic Egg 2","Gremlin Horn","Matryoshka","Bird Faced Urn","Bottled Flame","Coffee Dripper","OrangePellets","Dodecahedron","Prayer Wheel"],"potions_floor_usage":[6,13,16,21,25,28,31,35,39],"damage_taken":[{"damage":14,"enemies":"Jaw Worm","floor":1,"turns":4},{"damage":1,"enemies":"Cultist","floor":2,"turns":4},{"damage":5,"enemies":"Small Slimes","floor":5,"turns":3},{"damage":0,"enemies":"Gremlin Nob","floor":6,"turns":2},{"damage":0,"enemies":"Looter","floor":10,"turns":2},{"damage":9,"enemies":"Lagavulin","floor":11,"turns":6},{"damage":0,"enemies":"Gremlin Gang","floor":13,"turns":2},{"damage":0,"enemies":"2 Fungi Beasts","floor":14,"turns":3},{"damage":27,"enemies":"Hexaghost","floor":16,"turns":10},{"damage":4,"enemies":"Spheric Guardian","floor":18,"turns":4},{"damage":0,"enemies":"Chosen","floor":19,"turns":2},{"damage":0,"enemies":"3 Cultists","floor":21,"turns":2},{"damage":41,"enemies":"Book of Stabbing","floor":25,"turns":5},{"damage":5,"enemies":"Gremlin Leader","floor":28,"turns":5},{"damage":0,"enemies":"Sentry and Sphere","floor":29,"turns":4},{"damage":19,"enemies":"Slavers","floor":31,"turns":3},{"damage":26,"enemies":"Collector","floor":33,"turns":8},{"damage":21,"enemies":"3 Shapes","floor":35,"turns":2},{"damage":22,"enemies":"Orb Walker","floor":37,"turns":4},{"damage":34,"enemies":"Transient","floor":39,"turns":3}],"seed_played":"9065629892549442050","potions_obtained":[{"floor":1,"key":"AttackPotion"},{"floor":10,"key":"Explosive Potion"},{"floor":13,"key":"PowerPotion"},{"floor":18,"key":"AttackPotion"},{"floor":21,"key":"Ancient Potion"},{"floor":29,"key":"Fire Potion"},{"floor":31,"key":"Explosive Potion"},{"floor":37,"key":"GamblersBrew"}],"is_trial":false,"path_per_floor":["M","M","?","?","M","E","R","?","T","M","E","R","M","M","R","B",null,"M","M","?","M","$","R","?","E","T","$","E","M","R","E","R","B",null,"M","?","M","$"],"character_chosen":"DEFECT","items_purchased":["Sling","Discovery+1","Block Potion","OrangePellets","Dodecahedron","Prayer Wheel","Glacier+1","Blizzard"],"campfire_rested":3,"item_purchase_floors":[22,27,27,38,38,38,38,38],"current_hp_per_floor":[50,49,49,28,23,23,44,37,37,37,28,28,28,28,28,1,54,50,50,50,50,50,50,50,9,9,9,4,6,27,10,31,40,63,46,46,30,30,0],"gold":93,"neow_bonus":"","is_prod":false,"is_daily":false,"chose_seed":false,"campfire_upgraded":3,"win_rate":0,"timestamp":1538174222,"path_taken":["M","M","?","?","M","E","R","?","T","M","E","R","?","M","R","BOSS","M","M","?","M","$","R","?","E","T","$","E","?","R","E","R","BOSS","M","?","M","$","?"],"build_version":"2018-09-27","purchased_purges":1,"victory":false,"max_hp_per_floor":[71,71,71,71,71,71,71,71,71,71,71,71,71,71,71,71,71,71,71,71,71,71,71,71,71,71,71,71,71,71,71,71,71,71,71,71,71,71,71],"card_choices":[{"not_picked":["Loop","Stack"],"picked":"Steam","floor":1},{"not_picked":["Doom and Gloom","Redo"],"picked":"Beam Cell","floor":2},{"not_picked":["Beam Cell","Recycle"],"picked":"Lockon","floor":5},{"not_picked":["Force Field","Barrage"],"picked":"Conserve Battery","floor":6},{"not_picked":["Reprogram","Double Energy","Hello World"],"picked":"SKIP","floor":10},{"not_picked":["Darkness","Leap","Barrage"],"picked":"SKIP","floor":11},{"not_picked":["Coolheaded","Go for the Eyes"],"picked":"Creative AI","floor":13},{"not_picked":["Steam","Redo","Stack"],"picked":"SKIP","floor":14},{"not_picked":["Meteor Strike","Reboot"],"picked":"Electrodynamics","floor":16},{"not_picked":["Compile Driver","Coolheaded"],"picked":"Cold Snap","floor":18},{"not_picked":["Steam","Conserve Battery","Leap"],"picked":"SKIP","floor":19},{"not_picked":["Steam+1","Redo","Heatsinks"],"picked":"SKIP","floor":21},{"not_picked":["Loop","Static Discharge"],"picked":"Hologram+1","floor":25},{"not_picked":["Consume+1","Skim+1","Streamline"],"picked":"SKIP","floor":28},{"not_picked":["Conserve Battery+1","Rebound","Redo+1"],"picked":"SKIP","floor":29},{"not_picked":["Gash","Barrage+1"],"picked":"Fusion+1","floor":31},{"not_picked":["Creative AI","Amplify+1"],"picked":"Meteor Strike","floor":33},{"not_picked":["Turbo+1","Hello World"],"picked":"Coolheaded+1","floor":35},{"not_picked":["Steam+1","Consume+1"],"picked":"Undo+1","floor":37}],"player_experience":779887,"relics_obtained":[{"floor":6,"key":"Pocketwatch"},{"floor":9,"key":"Ornamental Fan"},{"floor":11,"key":"War Paint"},{"floor":25,"key":"Gremlin Horn"},{"floor":26,"key":"Matryoshka"},{"floor":28,"key":"Bird Faced Urn"},{"floor":31,"key":"Bottled Flame"}],"event_choices":[{"event_name":"Transmorgrifier","player_choice":"Transform","floor":3,"damage_taken":0},{"event_name":"Shining Light","player_choice":"Entered Light","floor":4,"damage_taken":0},{"event_name":"Golden Wing","player_choice":"Card Removal","floor":8,"damage_taken":0},{"event_name":"Beggar","player_choice":"Gave Gold","floor":20,"damage_taken":0},{"event_name":"Addict","player_choice":"Stole Relic","floor":24,"damage_taken":0},{"event_name":"MindBloom","player_choice":"Gold","floor":36,"damage_taken":0}],"is_beta":false,"boss_relics":[{"not_picked":["Ectoplasm","FrozenCore"],"picked":"Astrolabe"},{"not_picked":["Runic Dome","Orrery"],"picked":"Coffee Dripper"}],"items_purged_floors":[38],"is_endless":false,"potions_floor_spawned":[1,10,13,18,21,29,31,37],"killed_by":"Transient","ascension_level":17}