{"gold_per_floor":[15,15,15,190,206,231,231,264,289,289,319,319,354,365,365,463,463,477,110,35,35,35,60,60,95,122,149,161,173,196,196,196,196],"floor_reached":33,"playtime":2669,"items_purged":["Strike_B"],"score":396,"play_id":"7aa92ece-db27-4b8a-8b22-76498e04574b","local_time":"20190202002608","is_ascension_mode":true,"campfire_choices":[{"data":"Sweeping Beam","floor":7.0,"key":"SMITH"},{"floor":10.0,"key":"REST"},{"data":"Hologram","floor":12.0,"key":"SMITH"},{"floor":15.0,"key":"REST"},{"floor":24.0,"key":"REST"},{"floor":32.0,"key":"REST"}],"neow_cost":"NO_GOLD","seed_source_timestamp":0,"circlet_count":0,"master_deck":["Strike_B","Strike_B","Strike_B","Defend_B","Defend_B","Defend_B","Zap+1","Dualcast","Hologram+1","Doubt","Sweeping Beam+1","Hologram","Buffer","Defragment+1","Dramatic Entrance","Doom and Gloom","Writhe","Coolheaded","Cold Snap+1","Conserve Battery","Cold Snap"],"special_seed":0,"relics":["FrozenCore","FossilizedHelix","Pen Nib","Mango","PreservedInsect","DataDisk","Thread and Needle","Tiny Chest","Sundial","Gremlin Horn","Orichalcum","Centennial Puzzle","Potion Belt","Juzu Bracelet","GremlinMask"],"potions_floor_usage":[],"damage_taken":[{"damage":0.0,"enemies":"2 Louse","floor":1.0,"turns":3.0},{"damage":0.0,"enemies":"Small Slimes","floor":5.0,"turns":3.0},{"damage":15.0,"enemies":"Lagavulin","floor":6.0,"turns":5.0},{"damage":37.0,"enemies":"3 Sentries","floor":8.0,"turns":5.0},{"damage":17.0,"enemies":"Gremlin Nob","floor":13.0,"turns":4.0},{"damage":0.0,"enemies":"Jaw Worm","floor":14.0,"turns":2.0},{"damage":37.0,"enemies":"Hexaghost","floor":16.0,"turns":7.0},{"damage":0.0,"enemies":"Shell Parasite","floor":18.0,"turns":12.0},{"damage":38.0,"enemies":"Slavers","floor":23.0,"turns":5.0},{"damage":31.0,"enemies":"Book of Stabbing","floor":25.0,"turns":6.0},{"damage":14.0,"enemies":"Slavers","floor":27.0,"turns":4.0},{"damage":3.0,"enemies":"2 Thieves","floor":28.0,"turns":3.0},{"damage":0.0,"enemies":"3 Cultists","floor":29.0,"turns":5.0},{"damage":0,"enemies":"Automaton","floor":33,"turns":1}],"seed_played":"1212332547711685633","potions_obtained":[{"floor":5.0,"key":"Fire Potion"},{"floor":8.0,"key":"FocusPotion"},{"floor":16.0,"key":"FairyPotion"},{"floor":18.0,"key":"Strength Potion"},{"floor":23.0,"key":"SteroidPotion"},{"floor":27.0,"key":"Fire Potion"}],"is_trial":false,"path_per_floor":["M","?","?","?","M","E","R","E","T","R","?","R","E","M","R","B",null,"M","$","?","?","$","E","R","E","T","E","M","M","T","?","R","B"],"character_chosen":"DEFECT","items_purchased":["Dramatic Entrance","Doom and Gloom","Tiny Chest"],"campfire_rested":4,"item_purchase_floors":[19,19,19],"current_hp_per_floor":[75,75,75,75,75,60,60,37,37,63,63,63,46,46,72,35,76,76,76,76,76,76,38,64,33,33,19,16,16,16,16,42,42],"gold":196,"neow_bonus":"ONE_RARE_RELIC","is_prod":false,"is_daily":false,"chose_seed":false,"campfire_upgraded":2,"win_rate":0,"timestamp":1549085168,"path_taken":["M","?","?","?","M","E","R","E","T","R","?","R","E","M","R","BOSS","M","$","?","?","$","E","R","E","T","E","M","M","?","?","R","BOSS"],"build_version":"2019-01-23","purchased_purges":1,"victory":false,"max_hp_per_floor":[75,75,75,75,75,75,75,89,89,89,89,89,89,89,89,89,89,89,89,89,89,89,89,89,89,89,89,89,89,89,89,89,89],"card_choices":[{"not_picked":["Redo","Glacier"],"picked":"Hologram","floor":1.0},{"not_picked":["Streamline","Glacier","Fusion"],"picked":"SKIP","floor":5.0},{"not_picked":["Reprogram","Compile Driver"],"picked":"Sweeping Beam","floor":6.0},{"not_picked":["Machine Learning","Steam Power","Chill"],"picked":"SKIP","floor":8.0},{"not_picked":["Aggregate","FTL","Beam Cell"],"picked":"SKIP","floor":13.0},{"not_picked":["Barrage","Aggregate"],"picked":"Hologram","floor":14.0},{"not_picked":["Amplify","Thunder Strike"],"picked":"Buffer","floor":16.0},{"not_picked":["Self Repair","Redo"],"picked":"Defragment+1","floor":18.0},{"not_picked":["Ball Lightning+1","Leap"],"picked":"Coolheaded","floor":23.0},{"not_picked":["Streamline","Sunder"],"picked":"Cold Snap+1","floor":25.0},{"not_picked":["All For One","Reinforced Body","Force Field"],"picked":"SKIP","floor":27.0},{"not_picked":["Melter","Go for the Eyes"],"picked":"Conserve Battery","floor":28.0},{"not_picked":["Ball Lightning+1","Consume"],"picked":"Cold Snap","floor":29.0}],"player_experience":353989,"relics_obtained":[{"floor":6.0,"key":"Pen Nib"},{"floor":8.0,"key":"Mango"},{"floor":9.0,"key":"PreservedInsect"},{"floor":13.0,"key":"Thread and Needle"},{"floor":23.0,"key":"Gremlin Horn"},{"floor":25.0,"key":"Orichalcum"},{"floor":26.0,"key":"Centennial Puzzle"},{"floor":27.0,"key":"Potion Belt"},{"floor":30.0,"key":"Juzu Bracelet"}],"event_choices":[{"damage_healed":0.0,"max_hp_gain":0.0,"max_hp_loss":0.0,"gold_gain":0.0,"event_name":"The Cleric","player_choice":"Leave","floor":2.0,"gold_loss":0.0,"damage_taken":0.0},{"damage_healed":0.0,"max_hp_gain":0.0,"max_hp_loss":0.0,"gold_gain":0.0,"event_name":"Living Wall","player_choice":"Grow","floor":3.0,"gold_loss":0.0,"damage_taken":0.0,"cards_upgraded":["Zap"]},{"damage_healed":0.0,"max_hp_gain":0.0,"max_hp_loss":0.0,"gold_gain":175.0,"event_name":"Liars Game","player_choice":"AGREE","floor":4.0,"gold_loss":0.0,"damage_taken":0.0,"cards_obtained":["Doubt"]},{"damage_healed":0.0,"max_hp_gain":0.0,"max_hp_loss":0.0,"gold_gain":30.0,"event_name":"Dead Adventurer","player_choice":"Searched \u00273\u0027 times","floor":11.0,"gold_loss":0.0,"damage_taken":0.0,"relics_obtained":["DataDisk"]},{"cards_removed":["Defend_B"],"damage_healed":0.0,"max_hp_gain":0.0,"max_hp_loss":0.0,"gold_gain":0.0,"event_name":"Beggar","player_choice":"Gave Gold","floor":20.0,"gold_loss":75.0,"damage_taken":0.0},{"damage_healed":0.0,"max_hp_gain":0.0,"max_hp_loss":0.0,"gold_gain":0.0,"event_name":"The Mausoleum","player_choice":"Opened","floor":21.0,"gold_loss":0.0,"damage_taken":0.0,"relics_obtained":["Sundial"],"cards_obtained":["Writhe"]},{"damage_healed":0.0,"max_hp_gain":0.0,"max_hp_loss":0.0,"gold_gain":0.0,"event_name":"FaceTrader","player_choice":"Trade","floor":31.0,"gold_loss":0.0,"damage_taken":0.0,"relics_obtained":["GremlinMask"]}],"is_beta":false,"boss_relics":[{"not_picked":["Calling Bell","Tiny House"],"picked":"FrozenCore"}],"items_purged_floors":[19],"is_endless":false,"potions_floor_spawned":[5,8,16,18,23,27],"killed_by":"Automaton","ascension_level":5}