{"gold_per_floor":[109,109,33,46,46,46,75,75,128,145,164,51,51,79,79,177,177,144,159,5,24,42,42,42,42,116,116,134,145,145,158,158,257,257,269,287,287,287,299,316,316,331,331,359,371,371,15,44,44,44],"floor_reached":50,"playtime":4486,"items_purged":["Defend_G"],"score":589,"play_id":"5aa00628-fa13-47bc-9ccb-1b41626fa33f","local_time":"20181212214939","is_ascension_mode":false,"campfire_choices":[{"data":"Neutralize","floor":6,"key":"SMITH"},{"data":"Survivor","floor":8,"key":"SMITH"},{"floor":13,"key":"REST"},{"data":"Cloak And Dagger","floor":15,"key":"SMITH"},{"data":"Blur","floor":23,"key":"SMITH"},{"data":"RitualDagger","floor":25,"key":"SMITH"},{"data":"Footwork","floor":32,"key":"SMITH"},{"data":"Backflip","floor":41,"key":"SMITH"},{"data":"Backflip","floor":46,"key":"SMITH"},{"data":"Apotheosis","floor":49,"key":"SMITH"}],"neow_cost":"TEN_PERCENT_HP_LOSS","seed_source_timestamp":536448862080418,"circlet_count":0,"master_deck":["Defend_G","Defend_G","Defend_G","Strike_G","Strike_G","Strike_G","Strike_G","Survivor+1","Neutralize+1","Well Laid Plans","Catalyst","Accuracy","Blur+1","PiercingWail","Cloak And Dagger+1","Backflip+1","Footwork+1","Caltrops","A Thousand Cuts","Backflip+1","Cloak And Dagger","Noxious Fumes","Blade Dance","RitualDagger+1","Phantasmal Killer","Infinite Blades","Apotheosis+1"],"relics":["Ring of the Snake","Thread and Needle","Orichalcum","Pen Nib","Shuriken","Coffee Dripper","Singing Bowl","MutagenicStrength","WristBlade","Ancient Tea Set","Art of War","Tingsha","Du-Vu Doll"],"potions_floor_usage":[18,22,33,35,44,50],"damage_taken":[{"damage":0,"enemies":"Small Slimes","floor":1,"turns":3},{"damage":3,"enemies":"Cultist","floor":4,"turns":5},{"damage":27,"enemies":"3 Sentries","floor":7,"turns":21},{"damage":0,"enemies":"Jaw Worm","floor":10,"turns":4},{"damage":0,"enemies":"3 Louse","floor":11,"turns":4},{"damage":0,"enemies":"Lagavulin","floor":14,"turns":12},{"damage":7,"enemies":"Slime Boss","floor":16,"turns":15},{"damage":0,"enemies":"2 Thieves","floor":18,"turns":5},{"damage":0,"enemies":"Spheric Guardian","floor":19,"turns":5},{"damage":6,"enemies":"Centurion and Healer","floor":21,"turns":6},{"damage":7,"enemies":"3 Cultists","floor":22,"turns":6},{"damage":3,"enemies":"Cultist and Chosen","floor":28,"turns":8},{"damage":0,"enemies":"Snake Plant","floor":29,"turns":5},{"damage":5,"enemies":"Shelled Parasite and Fungi","floor":31,"turns":5},{"damage":12,"enemies":"Collector","floor":33,"turns":11},{"damage":4,"enemies":"3 Darklings","floor":35,"turns":6},{"damage":0,"enemies":"Orb Walker","floor":36,"turns":3},{"damage":0,"enemies":"4 Shapes","floor":39,"turns":3},{"damage":2,"enemies":"Writhing Mass","floor":40,"turns":7},{"damage":14,"enemies":"Spire Growth","floor":42,"turns":3},{"damage":23,"enemies":"Nemesis","floor":44,"turns":7},{"damage":0,"enemies":"4 Shapes","floor":45,"turns":6},{"damage":14,"enemies":"Reptomancer","floor":48,"turns":7},{"damage":58,"enemies":"Donu and Deca","floor":50,"turns":5}],"seed_played":"4221857519631802528","potions_obtained":[{"floor":1,"key":"Dexterity Potion"},{"floor":4,"key":"Fire Potion"},{"floor":16,"key":"LiquidBronze"},{"floor":19,"key":"AttackPotion"},{"floor":21,"key":"Explosive Potion"},{"floor":30,"key":"Regen Potion"},{"floor":30,"key":"FairyPotion"},{"floor":30,"key":"EssenceOfSteel"},{"floor":33,"key":"Weak Potion"},{"floor":39,"key":"SkillPotion"},{"floor":44,"key":"SpeedPotion"}],"is_trial":false,"path_per_floor":["M","?","$","M","$","R","E","R","T","M","M","$","R","E","R","B",null,"M","M","$","M","M","R","?","R","T","?","M","M","?","M","R","B",null,"M","M","T","?","M","M","R","M","T","E","M","R","$","E","R","B"],"character_chosen":"THE_SILENT","items_purchased":["Accuracy","Footwork","Noxious Fumes","Regen Potion","Infinite Blades","Apotheosis","SmokeBomb"],"campfire_rested":1,"item_purchase_floors":[3,12,20,20,47,47,47],"current_hp_per_floor":[63,63,63,60,60,60,33,33,33,33,33,33,51,51,51,44,63,63,63,63,57,61,61,55,55,55,55,54,56,56,53,53,41,69,67,69,69,69,71,71,71,59,59,38,40,40,40,28,28,0],"gold":44,"neow_bonus":"ONE_RARE_RELIC","is_prod":false,"is_daily":false,"chose_seed":false,"campfire_upgraded":9,"win_rate":0,"timestamp":1544669379,"path_taken":["M","?","?","M","?","R","E","R","T","M","M","$","R","E","R","BOSS","M","M","$","M","M","R","?","R","T","?","M","M","?","M","R","BOSS","M","M","?","?","M","?","R","M","T","E","M","R","$","E","R","BOSS"],"build_version":"2018-12-06","purchased_purges":1,"victory":false,"max_hp_per_floor":[63,63,63,63,63,63,63,63,63,63,63,63,63,63,63,63,63,63,63,63,63,63,63,63,63,63,63,65,67,67,69,69,69,69,71,73,73,73,75,77,77,79,79,81,83,83,83,85,85,85],"card_choices":[{"not_picked":["Finisher","Quick Slash"],"picked":"Well Laid Plans","floor":1},{"not_picked":["PiercingWail","Underhanded Strike"],"picked":"Blur","floor":4},{"not_picked":["Outmaneuver","Acrobatics"],"picked":"PiercingWail","floor":7},{"not_picked":["Dagger Spray","Expertise"],"picked":"Cloak And Dagger","floor":10},{"not_picked":["Malaise","Sucker Punch"],"picked":"Backflip","floor":11},{"not_picked":["Well Laid Plans","Finisher"],"picked":"Caltrops","floor":14},{"not_picked":["Night Terror","Adrenaline"],"picked":"A Thousand Cuts","floor":16},{"not_picked":["Flying Knee","Blade Dance"],"picked":"Backflip","floor":18},{"not_picked":["Tactician+1","Terror"],"picked":"Cloak And Dagger","floor":19},{"not_picked":["Acrobatics","Tools of the Trade"],"picked":"Blade Dance","floor":21},{"not_picked":["Skewer","Noxious Fumes","Quick Slash"],"picked":"SKIP","floor":22},{"not_picked":["Choke+1","Cloak And Dagger","Flechettes+1"],"picked":"Singing Bowl","floor":28},{"not_picked":["Flying Knee","Prepared","Dagger Throw+1"],"picked":"Singing Bowl","floor":29},{"not_picked":["Catalyst","Escape Plan","Cloak And Dagger"],"picked":"Singing Bowl","floor":31},{"not_picked":["Adrenaline","Grand Finale"],"picked":"Phantasmal Killer","floor":33},{"not_picked":["Sucker Punch","Quick Slash+1","Outmaneuver"],"picked":"Singing Bowl","floor":35},{"not_picked":["Cloak And Dagger","Backflip","Tactician+1"],"picked":"Singing Bowl","floor":36},{"not_picked":["Calculated Gamble","Prepared","Dagger Spray"],"picked":"Singing Bowl","floor":39},{"not_picked":["Dagger Spray+1","Distraction","Heel Hook"],"picked":"Singing Bowl","floor":40},{"not_picked":["Flying Knee","Predator+1","Escape Plan"],"picked":"Singing Bowl","floor":42},{"not_picked":["Concentrate+1","Bouncing Flask","Dash"],"picked":"Singing Bowl","floor":44},{"not_picked":["Poisoned Stab+1","Flechettes","Predator"],"picked":"Singing Bowl","floor":45},{"not_picked":["Bouncing Flask+1","Envenom","Distraction+1"],"picked":"Singing Bowl","floor":48}],"player_experience":261587,"relics_obtained":[{"floor":7,"key":"Orichalcum"},{"floor":9,"key":"Pen Nib"},{"floor":14,"key":"Shuriken"},{"floor":26,"key":"Singing Bowl"},{"floor":37,"key":"Ancient Tea Set"},{"floor":43,"key":"Art of War"},{"floor":44,"key":"Tingsha"},{"floor":48,"key":"Du-Vu Doll"}],"event_choices":[{"damage_healed":0,"gold_gain":0,"cards_transformed":["Strike_G"],"player_choice":"Transformed","damage_taken":0,"max_hp_gain":0,"max_hp_loss":0,"event_name":"Transmorgrifier","floor":2,"gold_loss":0,"cards_obtained":["Catalyst"]},{"damage_healed":0,"gold_gain":0,"player_choice":"Joined the Cult","damage_taken":6,"max_hp_gain":0,"max_hp_loss":0,"event_name":"Nest","floor":24,"gold_loss":0,"cards_obtained":["RitualDagger"]},{"damage_healed":0,"gold_gain":0,"player_choice":"Inject Mutagens","damage_taken":0,"relics_obtained":["MutagenicStrength"],"max_hp_gain":0,"max_hp_loss":0,"event_name":"Drug Dealer","floor":27,"gold_loss":0},{"damage_healed":0,"gold_gain":0,"player_choice":"Got Potions","damage_taken":0,"max_hp_gain":0,"max_hp_loss":0,"event_name":"Lab","floor":30,"gold_loss":0},{"cards_removed":["Defend_G"],"damage_healed":0,"gold_gain":0,"player_choice":"Purged","damage_taken":0,"max_hp_gain":0,"max_hp_loss":0,"event_name":"Purifier","floor":38,"gold_loss":0}],"is_beta":false,"boss_relics":[{"not_picked":["Eternal Feather","Sozu"],"picked":"Coffee Dripper"},{"not_picked":["Fusion Hammer","Tiny House"],"picked":"WristBlade"}],"items_purged_floors":[12],"is_endless":false,"potions_floor_spawned":[1,4,16,19,21,33,39,44,45],"killed_by":"Donu and Deca","ascension_level":0}