{"gold_per_floor":[119,119,119,135,135,135,60,85,85,99,99,99,128,142,142,219,219,239,239,239,239,2,35,35,35],"floor_reached":25,"playtime":978,"items_purged":["Strike_G"],"score":453,"play_id":"5fbe090f-e703-42ff-83df-df0b8a465255","local_time":"20180929122841","is_ascension_mode":true,"campfire_choices":[{"data":"Blade Dance","floor":6.0,"key":"SMITH"},{"floor":12.0,"key":"REST"},{"data":"Cloak And Dagger","floor":15.0,"key":"SMITH"},{"floor":24,"key":"REST"}],"neow_cost":"","seed_source_timestamp":48768930211396,"circlet_count":0,"master_deck":["Defend_G","Defend_G","Defend_G","Defend_G","Defend_G","Survivor+1","Neutralize","AscendersBane","Blade Dance+1","Deflect+1","Adrenaline","Choke","Cloak And Dagger+1","Adrenaline","Prepared","Bite","Bite","Bite","Bite","Bite"],"special_seed":0,"relics":["Ring of the Snake","Darkstone Periapt","Bottled Lightning","Orichalcum","Lizard Tail","Oddly Smooth Stone","Gremlin Horn","TwistedFunnel","Blue Candle"],"potions_floor_usage":[23,25],"damage_taken":[{"damage":0.0,"enemies":"Small Slimes","floor":1.0,"turns":5.0},{"damage":0.0,"enemies":"Cultist","floor":4.0,"turns":4.0},{"damage":45.0,"enemies":"3 Sentries","floor":8.0,"turns":15.0},{"damage":0.0,"enemies":"2 Louse","floor":10.0,"turns":4.0},{"damage":6.0,"enemies":"Gremlin Nob","floor":13.0,"turns":3.0},{"damage":0.0,"enemies":"2 Fungi Beasts","floor":14.0,"turns":3.0},{"damage":14.0,"enemies":"Hexaghost","floor":16.0,"turns":13.0},{"damage":12.0,"enemies":"Shell Parasite","floor":18.0,"turns":4.0},{"damage":86,"enemies":"Gremlin Leader","floor":23,"turns":10},{"damage":34,"enemies":"Slavers","floor":25,"turns":7}],"seed_played":"-6682483826447660779","potions_obtained":[{"floor":2.0,"key":"Regen Potion"},{"floor":2.0,"key":"SpeedPotion"},{"floor":8.0,"key":"GhostInAJar"},{"floor":10.0,"key":"PowerPotion"},{"floor":14.0,"key":"Swift Potion"},{"floor":16.0,"key":"Explosive Potion"},{"floor":23,"key":"PowerPotion"}],"is_trial":false,"path_per_floor":["M","?","?","M","?","R","$","E","T","M","$","R","E","M","R","B",null,"M","?","?","T","$","E","R"],"character_chosen":"THE_SILENT","items_purchased":["TwistedFunnel"],"campfire_rested":2,"item_purchase_floors":[22],"current_hp_per_floor":[59,59,64,64,43,43,43,13,13,13,13,34,28,28,28,14,57,45,45,45,45,45,3,17,0],"gold":35,"neow_bonus":"","is_prod":false,"is_daily":false,"chose_seed":false,"campfire_upgraded":2,"win_rate":0,"timestamp":1538216921,"path_taken":["M","?","?","M","?","R","$","E","T","M","$","R","E","M","R","BOSS","M","?","?","?","$","E","R","E"],"build_version":"2018-09-27","purchased_purges":1,"victory":false,"max_hp_per_floor":[66,66,71,71,71,71,71,71,71,71,71,71,71,71,71,71,71,71,71,49,49,49,49,49,49],"card_choices":[{"not_picked":["Deadly Poison","Acrobatics"],"picked":"Blade Dance","floor":1.0},{"not_picked":["Phantasmal Killer","Quick Slash"],"picked":"Deflect","floor":4.0},{"not_picked":["Catalyst","Flechettes"],"picked":"Adrenaline","floor":8.0},{"not_picked":["Quick Slash","Heel Hook"],"picked":"Choke","floor":10.0},{"not_picked":["Quick Slash","Skewer"],"picked":"Cloak And Dagger","floor":13.0},{"not_picked":["Underhanded Strike","Poisoned Stab","Deflect"],"picked":"SKIP","floor":14.0},{"not_picked":["Unload","Venomology"],"picked":"Adrenaline","floor":16.0},{"not_picked":["Cloak And Dagger","Blade Dance"],"picked":"Prepared","floor":18.0},{"not_picked":["Slice","Dodge and Roll","Heel Hook"],"picked":"SKIP","floor":23}],"player_experience":783446,"relics_obtained":[{"floor":8.0,"key":"Darkstone Periapt"},{"floor":9.0,"key":"Bottled Lightning"},{"floor":13.0,"key":"Orichalcum"},{"floor":21.0,"key":"Gremlin Horn"},{"floor":23,"key":"Blue Candle"}],"event_choices":[{"event_name":"The Lab","player_choice":"Got Potions","floor":2.0,"damage_taken":0.0},{"event_name":"Big Fish","player_choice":"Donut","floor":3.0,"damage_taken":0.0},{"event_name":"Shining Light","player_choice":"Entered Light","floor":5.0,"damage_taken":0.0},{"event_name":"WeMeetAgain","player_choice":"Potion","floor":19.0,"damage_taken":0.0},{"event_name":"Vampires","player_choice":"Became a vampire","floor":20.0,"damage_taken":0.0}],"is_beta":false,"boss_relics":[{"not_picked":["Runic Dome","Busted Crown"],"picked":"Lizard Tail"}],"items_purged_floors":[7],"is_endless":false,"potions_floor_spawned":[4,8,10,14,16,23],"killed_by":"Slavers","ascension_level":18}