{"gold_per_floor":[114,39,39,39,4,32,32,62,111,126,157,157,170,70,70,171,171,185,60,79,79,93,122,122,156,156,156,81,81,101,131,131,235,235,252,132,144,4,4,4,31,31,57,70,170,189,189,29,29,29],"floor_reached":51,"playtime":1705,"items_purged":["Strike_B","Strike_B","Strike_B","Defend_B","Beam Cell+1","Zap+1"],"score":907,"play_id":"db8f4f95-b0e1-49af-8bab-1802936a0052","local_time":"20190212200330","is_ascension_mode":true,"campfire_choices":[{"data":"Zap","floor":7,"key":"SMITH"},{"data":"Dualcast","floor":12,"key":"SMITH"},{"data":"Beam Cell","floor":15,"key":"SMITH"},{"data":"Darkness","floor":24,"key":"SMITH"},{"data":"Biased Cognition","floor":32,"key":"SMITH"},{"data":"BootSequence","floor":40,"key":"SMITH"},{"data":"All For One","floor":42,"key":"SMITH"},{"floor":47,"key":"REST"},{"floor":49,"key":"RECALL"}],"neow_cost":"TEN_PERCENT_HP_LOSS","seed_source_timestamp":83824837596917,"circlet_count":0,"master_deck":["Dualcast+1","All For One+1","BootSequence+1","Biased Cognition+1","Darkness+1"],"relics":["FrozenCore","Ginger","PreservedInsect","Oddly Smooth Stone","Torii","Singing Bowl","The Courier","Meat on the Bone","Kunai","Empty Cage","Orichalcum","Happy Flower","Incense Burner"],"potions_floor_usage":[8,23,33,37,45,50,50,50,50,50],"damage_taken":[{"damage":1,"enemies":"Jaw Worm","floor":1,"turns":3},{"damage":26,"enemies":"Lagavulin","floor":6,"turns":6},{"damage":33,"enemies":"3 Sentries","floor":8,"turns":7},{"damage":0,"enemies":"Small Slimes","floor":10,"turns":2},{"damage":1,"enemies":"Lagavulin","floor":11,"turns":4},{"damage":0,"enemies":"2 Louse","floor":13,"turns":2},{"damage":1,"enemies":"Slime Boss","floor":16,"turns":8},{"damage":0,"enemies":"Chosen","floor":18,"turns":4},{"damage":3,"enemies":"3 Byrds","floor":20,"turns":5},{"damage":1,"enemies":"Centurion and Healer","floor":22,"turns":6},{"damage":1,"enemies":"Gremlin Leader","floor":23,"turns":6},{"damage":12,"enemies":"Book of Stabbing","floor":25,"turns":3},{"damage":9,"enemies":"Snecko","floor":30,"turns":4},{"damage":1,"enemies":"Gremlin Leader","floor":31,"turns":5},{"damage":15,"enemies":"Collector","floor":33,"turns":7},{"damage":0,"enemies":"3 Darklings","floor":35,"turns":3},{"damage":0,"enemies":"Orb Walker","floor":37,"turns":3},{"damage":13,"enemies":"Giant Head","floor":41,"turns":5},{"damage":0,"enemies":"Spire Growth","floor":44,"turns":3},{"damage":8,"enemies":"Mind Bloom Boss Battle","floor":45,"turns":4},{"damage":0,"enemies":"Transient","floor":46,"turns":5},{"damage":8,"enemies":"Time Eater","floor":50,"turns":8}],"seed_played":"-9100764814411218928","potions_obtained":[{"floor":6,"key":"LiquidBronze"},{"floor":11,"key":"GamblersBrew"},{"floor":16,"key":"AttackPotion"},{"floor":25,"key":"Regen Potion"},{"floor":30,"key":"PowerPotion"},{"floor":33,"key":"Block Potion"},{"floor":44,"key":"Poison Potion"},{"floor":45,"key":"EntropicBrew"}],"is_trial":false,"path_per_floor":["M","$","?","?","?","E","R","E","T","M","E","R","M","$","R","B",null,"M","$","M","$","M","E","R","E","T","?","?","$","M","E","R","B",null,"M","$","M","$","?","R","E","R","T","M","?","M","R","$","R","B",null],"character_chosen":"DEFECT","items_purchased":[],"campfire_rested":1,"item_purchase_floors":[],"current_hp_per_floor":[67,67,72,65,73,47,47,14,14,14,13,13,13,13,13,12,73,73,73,70,70,69,70,70,60,60,77,77,77,70,71,71,58,83,85,85,87,87,87,87,76,76,76,78,72,74,95,95,95,94],"gold":29,"neow_bonus":"THREE_RARE_CARDS","is_prod":false,"is_daily":false,"chose_seed":false,"campfire_upgraded":7,"win_rate":0,"timestamp":1549998210,"path_taken":["M","$","?","?","?","E","R","E","T","M","E","R","M","$","R","BOSS","M","$","M","$","M","E","R","E","T","?","?","?","?","E","R","BOSS","M","$","M","$","?","R","E","R","T","M","?","M","R","$","R","BOSS"],"build_version":"2019-01-23","purchased_purges":6,"victory":true,"max_hp_per_floor":[68,68,73,73,73,73,73,73,73,73,73,73,73,73,73,73,73,73,73,73,73,73,75,75,77,77,77,77,77,79,81,81,83,83,85,85,87,87,87,87,89,89,89,91,93,95,95,95,95,95],"card_choices":[{"not_picked":["Hyperbeam","Machine Learning"],"picked":"All For One","floor":0},{"not_picked":["Cold Snap","Blizzard"],"picked":"Beam Cell","floor":1},{"not_picked":["Lockon","Stack","Sweeping Beam"],"picked":"SKIP","floor":6},{"not_picked":["Compile Driver","Ball Lightning"],"picked":"BootSequence","floor":8},{"not_picked":["Sweeping Beam","Genetic Algorithm"],"picked":"Core Surge","floor":10},{"not_picked":["Compile Driver","Skim","Rebound"],"picked":"SKIP","floor":11},{"not_picked":["Consume","Conserve Battery","Beam Cell"],"picked":"SKIP","floor":13},{"not_picked":["Seek","Meteor Strike"],"picked":"Biased Cognition","floor":16},{"not_picked":["Steam Power","Redo+1","Compile Driver"],"picked":"SKIP","floor":18},{"not_picked":["Skim+1","Barrage"],"picked":"Darkness","floor":20},{"not_picked":["Skim","Conserve Battery+1","Recycle"],"picked":"SKIP","floor":22},{"not_picked":["Capacitor","Force Field","Turbo"],"picked":"Singing Bowl","floor":23},{"not_picked":["BootSequence+1","Rebound","FTL"],"picked":"Singing Bowl","floor":25},{"not_picked":["Beam Cell+1","Hologram+1","Steam"],"picked":"Singing Bowl","floor":30},{"not_picked":["Steam+1","BootSequence","Beam Cell"],"picked":"Singing Bowl","floor":31},{"not_picked":["Buffer","Amplify","Thunder Strike"],"picked":"Singing Bowl","floor":33},{"not_picked":["Barrage","Tempest+1","Redo+1"],"picked":"Singing Bowl","floor":35},{"not_picked":["Ball Lightning","Streamline+1","Chill+1"],"picked":"Singing Bowl","floor":37},{"not_picked":["Streamline+1","Hologram+1","Rip and Tear"],"picked":"Singing Bowl","floor":41},{"not_picked":["Barrage","Hologram","Consume"],"picked":"Singing Bowl","floor":44},{"not_picked":["Multi-Cast","Glacier","Turbo"],"picked":"Singing Bowl","floor":45},{"not_picked":["Streamline","Hello World","Coolheaded"],"picked":"Singing Bowl","floor":46}],"player_experience":1061241,"relics_obtained":[{"floor":6,"key":"Ginger"},{"floor":8,"key":"PreservedInsect"},{"floor":9,"key":"Oddly Smooth Stone"},{"floor":11,"key":"Torii"},{"floor":23,"key":"Singing Bowl"},{"floor":25,"key":"The Courier"},{"floor":26,"key":"Meat on the Bone"},{"floor":31,"key":"Kunai"},{"floor":41,"key":"Orichalcum"},{"floor":43,"key":"Happy Flower"},{"floor":45,"key":"Incense Burner"}],"event_choices":[{"damage_healed":0,"gold_gain":0,"player_choice":"Donut","damage_taken":0,"max_hp_gain":5,"max_hp_loss":0,"event_name":"Big Fish","floor":3,"gold_loss":0},{"cards_removed":["Strike_B"],"damage_healed":0,"gold_gain":0,"player_choice":"Card Removal","damage_taken":7,"max_hp_gain":0,"max_hp_loss":0,"event_name":"Golden Wing","floor":4,"gold_loss":0},{"damage_healed":18,"gold_gain":0,"player_choice":"Healed","damage_taken":0,"max_hp_gain":0,"max_hp_loss":0,"event_name":"The Cleric","floor":5,"gold_loss":35},{"damage_healed":25,"gold_gain":0,"player_choice":"Heal","damage_taken":0,"max_hp_gain":0,"max_hp_loss":0,"event_name":"The Library","floor":27,"gold_loss":0},{"cards_removed":["Defend_B"],"damage_healed":0,"gold_gain":0,"player_choice":"Gave Gold","damage_taken":0,"max_hp_gain":0,"max_hp_loss":0,"event_name":"Beggar","floor":28,"gold_loss":75},{"cards_removed":["Core Surge"],"damage_healed":0,"gold_gain":0,"player_choice":"Removed Attack","damage_taken":0,"max_hp_gain":0,"max_hp_loss":0,"event_name":"Falling","floor":39,"gold_loss":0},{"damage_healed":0,"gold_gain":0,"player_choice":"Fight","damage_taken":0,"max_hp_gain":0,"max_hp_loss":0,"event_name":"MindBloom","floor":45,"gold_loss":0}],"is_beta":false,"boss_relics":[{"not_picked":["Black Star","Lizard Tail"],"picked":"FrozenCore"},{"not_picked":["Runic Dome","Orrery"],"picked":"Empty Cage"}],"items_purged_floors":[2,14,19,36,38,48],"is_endless":false,"potions_floor_spawned":[6,11,16,25,30,31,33,44,45],"ascension_level":1}