{"gold_per_floor":[369,369,389,35,54,54,69,101,101,114,114],"floor_reached":11,"playtime":326,"items_purged":[],"score":143,"play_id":"20059dbd-2b6e-41bb-9c07-39fd3074222e","local_time":"20181003133833","is_ascension_mode":true,"campfire_choices":[{"data":"Masterful Stab","floor":6,"key":"SMITH"}],"neow_cost":"PERCENT_DAMAGE","seed_source_timestamp":399295783792765,"circlet_count":0,"master_deck":["Defend_G","Defend_G","Defend_G","Defend_G","Defend_G","Strike_G","Strike_G","Strike_G","Strike_G","Survivor","Neutralize","AscendersBane","Masterful Stab+1","PiercingWail","Backstab","Dagger Throw","Cloak And Dagger"],"special_seed":0,"relics":["Ring of the Snake","StoneCalendar","Singing Bowl","Dodecahedron"],"potions_floor_usage":[8,8],"damage_taken":[{"damage":7.0,"enemies":"Jaw Worm","floor":1.0,"turns":6.0},{"damage":4.0,"enemies":"Cultist","floor":3.0,"turns":4.0},{"damage":0,"enemies":"2 Louse","floor":5,"turns":4},{"damage":3,"enemies":"Blue Slaver","floor":7,"turns":4},{"damage":23,"enemies":"Lagavulin","floor":8,"turns":7},{"damage":0,"enemies":"Red Slaver","floor":10,"turns":3},{"damage":3,"enemies":"Exordium Thugs","floor":11,"turns":2}],"seed_played":"1252985952961241646","potions_obtained":[{"floor":1.0,"key":"GhostInAJar"},{"floor":7,"key":"EssenceOfSteel"}],"is_trial":false,"path_per_floor":["M","?","M","$","M","R","M","E","T","M"],"character_chosen":"THE_SILENT","items_purchased":["StoneCalendar"],"campfire_rested":0,"item_purchase_floors":[4],"current_hp_per_floor":[37,37,33,33,33,33,30,7,7,9,6],"gold":114,"neow_bonus":"TWO_FIFTY_GOLD","is_prod":false,"is_daily":false,"chose_seed":false,"campfire_upgraded":1,"win_rate":0,"timestamp":1538566713,"path_taken":["M","?","M","$","M","R","M","E","T","M","M"],"build_version":"2018-09-27","purchased_purges":0,"victory":false,"max_hp_per_floor":[66,66,66,66,66,66,66,66,66,68,68],"card_choices":[{"not_picked":["Eviscerate","Escape Plan"],"picked":"Masterful Stab","floor":1.0},{"not_picked":["Underhanded Strike","Acrobatics"],"picked":"PiercingWail","floor":3.0},{"not_picked":["Prepared","Acrobatics"],"picked":"Backstab","floor":5},{"not_picked":["Underhanded Strike","Dodge and Roll"],"picked":"Dagger Throw","floor":7},{"not_picked":["Crippling Poison","Prepared"],"picked":"Cloak And Dagger","floor":8},{"not_picked":["Blade Dance","Caltrops","Eviscerate"],"picked":"Singing Bowl","floor":10}],"player_experience":804266,"relics_obtained":[{"floor":8,"key":"Singing Bowl"},{"floor":9,"key":"Dodecahedron"}],"event_choices":[{"event_name":"Bonfire Elementals","player_choice":"BASIC","floor":2.0,"damage_taken":0.0}],"is_beta":false,"boss_relics":[],"items_purged_floors":[],"is_endless":false,"potions_floor_spawned":[1,7],"killed_by":"Exordium Thugs","ascension_level":18}