{"gold_per_floor":[119,269,288,363,379,379,23,23,103,130,142,176,176,201,201,201],"floor_reached":16,"playtime":603,"items_purged":[],"score":230,"play_id":"c7c4a115-f8ce-49c1-8a16-cf60bb50e387","local_time":"20190123232129","is_ascension_mode":true,"campfire_choices":[{"data":"Immolate","floor":6.0,"key":"SMITH"},{"data":"Sever Soul","floor":8.0,"key":"SMITH"},{"data":"Bash","floor":13,"key":"SMITH"},{"data":"Thunderclap","floor":15,"key":"SMITH"}],"neow_cost":"TEN_PERCENT_HP_LOSS","seed_source_timestamp":1224716407921549,"circlet_count":0,"master_deck":["AscendersBane","Strike_R","Strike_R","Strike_R","Strike_R","Strike_R","Defend_R","Defend_R","Defend_R","Defend_R","Bash+1","Immolate+1","Doubt","Thunderclap+1","Sever Soul+1","Evolve","Impervious"],"special_seed":0,"relics":["Burning Blood","Tiny Chest","OrangePellets","Matryoshka","Darkstone Periapt","Pear","Kunai"],"potions_floor_usage":[14,16,16,16],"damage_taken":[{"damage":2.0,"enemies":"Cultist","floor":1.0,"turns":4.0},{"damage":9.0,"enemies":"Jaw Worm","floor":3.0,"turns":4.0},{"damage":0.0,"enemies":"Small Slimes","floor":5.0,"turns":2.0},{"damage":32.0,"enemies":"Gremlin Nob","floor":10.0,"turns":4.0},{"damage":2.0,"enemies":"3 Louse","floor":11.0,"turns":2.0},{"damage":27,"enemies":"3 Sentries","floor":12,"turns":6},{"damage":20,"enemies":"Lagavulin","floor":14,"turns":4},{"damage":30,"enemies":"Hexaghost","floor":16,"turns":8}],"seed_played":"-3962621965883558085","potions_obtained":[{"floor":3.0,"key":"BloodPotion"},{"floor":11.0,"key":"Fruit Juice"},{"floor":12,"key":"Poison Potion"},{"floor":14,"key":"EntropicBrew"}],"is_trial":false,"path_per_floor":["M","?","M","?","M","R","$","R","T","E","M","E","R","E","R","B"],"character_chosen":"IRONCLAD","items_purchased":["Tiny Chest","OrangePellets"],"campfire_rested":0,"item_purchase_floors":[7,7],"current_hp_per_floor":[68,68,65,54,60,60,60,60,60,40,49,38,38,24,24,0],"gold":201,"neow_bonus":"THREE_RARE_CARDS","is_prod":false,"is_daily":false,"chose_seed":false,"campfire_upgraded":4,"win_rate":0,"timestamp":1548282089,"path_taken":["M","?","M","?","M","R","$","R","T","E","M","E","R","E","R","BOSS"],"build_version":"2019-01-23","purchased_purges":0,"victory":false,"max_hp_per_floor":[68,68,68,68,68,68,68,68,68,68,73,83,83,83,83,83],"card_choices":[{"not_picked":["Juggernaut","Fiend Fire"],"picked":"Immolate","floor":0.0},{"not_picked":["Clash","Clothesline","Sentinel"],"picked":"SKIP","floor":1.0},{"not_picked":["Heavy Blade","Corruption"],"picked":"Thunderclap","floor":3.0},{"not_picked":["Body Slam","Combust"],"picked":"Sever Soul","floor":5.0},{"not_picked":["Havoc","Clash","Limit Break"],"picked":"SKIP","floor":10.0},{"not_picked":["Warcry","Rupture","Heavy Blade"],"picked":"SKIP","floor":11.0},{"not_picked":["Fire Breathing","Thunderclap"],"picked":"Evolve","floor":12},{"not_picked":["Havoc","Disarm"],"picked":"Impervious","floor":14}],"player_experience":925312,"relics_obtained":[{"floor":9.0,"key":"Matryoshka"},{"floor":10.0,"key":"Darkstone Periapt"},{"floor":12,"key":"Pear"},{"floor":14,"key":"Kunai"}],"event_choices":[{"damage_healed":0.0,"max_hp_gain":0.0,"max_hp_loss":0.0,"gold_gain":150.0,"event_name":"Liars Game","player_choice":"AGREE","floor":2.0,"gold_loss":0.0,"damage_taken":0.0,"cards_obtained":["Doubt"]},{"damage_healed":0.0,"max_hp_gain":0.0,"max_hp_loss":0.0,"gold_gain":75.0,"event_name":"World of Goop","player_choice":"Gather Gold","floor":4.0,"gold_loss":0.0,"damage_taken":11.0}],"is_beta":false,"boss_relics":[],"items_purged_floors":[],"is_endless":false,"potions_floor_spawned":[3,11,12,14],"killed_by":"Hexaghost","ascension_level":19}