{"gold_per_floor":[111,111,111,186,186,186,205,205,205,205,215,249,265,73,73,176,176,195,294,294,294,294,294,321,321,400,426,438,448,448,460,460,460],"floor_reached":33,"playtime":919,"items_purged":[],"score":348,"play_id":"0b85812c-dd39-4690-bd3f-2b710771c83b","local_time":"20190214110517","is_ascension_mode":true,"campfire_choices":[{"data":"Hyperbeam","floor":6.0,"key":"SMITH"},{"data":"Defend_B","floor":8.0,"key":"SMITH"},{"data":"Defend_B","floor":10.0,"key":"SMITH"},{"data":"Chill","floor":15.0,"key":"SMITH"},{"data":"Hyperbeam","floor":23,"key":"SMITH"},{"data":"Melter","floor":25,"key":"SMITH"},{"data":"FTL","floor":30,"key":"SMITH"},{"data":"FTL","floor":32,"key":"SMITH"}],"neow_cost":"TEN_PERCENT_HP_LOSS","seed_source_timestamp":1406785597860,"circlet_count":0,"master_deck":["Strike_B","Strike_B","Strike_B","Defend_B+1","Defend_B+1","Defend_B+1","Defend_B","Zap","Dualcast","Hyperbeam+1","Sunder+1","Chill+1","Hyperbeam+1","FTL+1","Melter+1","BootSequence","FTL+1","FTL+1"],"special_seed":0,"relics":["Cracked Core","Ice Cream","Boot","Ornamental Fan","ClockworkSouvenir","Orrery","Symbiotic Virus","Dodecahedron","Molten Egg 2"],"potions_floor_usage":[33,33,33],"damage_taken":[{"damage":0.0,"enemies":"Small Slimes","floor":1.0,"turns":3.0},{"damage":0.0,"enemies":"Jaw Worm","floor":7.0,"turns":2.0},{"damage":0.0,"enemies":"2 Louse","floor":11.0,"turns":2.0},{"damage":2.0,"enemies":"Gremlin Nob","floor":12.0,"turns":3.0},{"damage":0.0,"enemies":"Large Slime","floor":13.0,"turns":3.0},{"damage":26,"enemies":"Hexaghost","floor":16,"turns":9},{"damage":0,"enemies":"2 Thieves","floor":18,"turns":2},{"damage":0,"enemies":"Gremlin Leader","floor":24,"turns":5},{"damage":0,"enemies":"Slavers","floor":27,"turns":3},{"damage":3,"enemies":"Shell Parasite","floor":28,"turns":4},{"damage":0,"enemies":"Cultist and Chosen","floor":29,"turns":3},{"damage":0,"enemies":"3 Cultists","floor":31,"turns":2},{"damage":95,"enemies":"Champ","floor":33,"turns":12}],"seed_played":"-181377190003918803","potions_obtained":[{"floor":1.0,"key":"SmokeBomb"},{"floor":16,"key":"SteroidPotion"},{"floor":28,"key":"Ancient Potion"},{"floor":29,"key":"Regen Potion"}],"is_trial":false,"path_per_floor":["M","?","T","?","?","R","M","R","T","R","M","E","M","$","R","B",null,"M","?","?","?","?","R","E","R","T","E","M","M","R","M","R","B"],"character_chosen":"DEFECT","items_purchased":["ClockworkSouvenir"],"campfire_rested":0,"item_purchase_floors":[14],"current_hp_per_floor":[68,54,54,43,36,36,36,36,36,36,36,34,34,34,34,8,68,68,68,68,56,56,56,56,56,56,56,53,53,53,53,53,0],"gold":460,"neow_bonus":"THREE_RARE_CARDS","is_prod":false,"is_daily":false,"chose_seed":false,"campfire_upgraded":8,"win_rate":0,"timestamp":1550138717,"path_taken":["M","?","?","?","?","R","M","R","T","R","M","E","M","$","R","BOSS","M","?","?","?","?","R","E","R","T","E","M","M","R","M","R","BOSS"],"build_version":"2019-01-23","purchased_purges":0,"victory":false,"max_hp_per_floor":[68,68,68,68,68,68,68,68,68,68,68,68,68,68,68,68,68,68,68,68,73,73,73,73,73,73,73,73,73,73,73,73,73],"card_choices":[{"not_picked":["Echo Form","Amplify"],"picked":"Hyperbeam","floor":0.0},{"not_picked":["Steam","Gash"],"picked":"Sunder","floor":1.0},{"not_picked":["Streamline","Sweeping Beam","Compile Driver"],"picked":"SKIP","floor":7.0},{"not_picked":["Consume","Force Field"],"picked":"Chill","floor":11.0},{"not_picked":["Sweeping Beam","Electrodynamics","Storm"],"picked":"SKIP","floor":12.0},{"not_picked":["Skim","Ball Lightning","Rebound"],"picked":"SKIP","floor":13.0},{"not_picked":["Reboot","Rainbow"],"picked":"Hyperbeam","floor":16},{"not_picked":["Go for the Eyes","Compile Driver"],"picked":"FTL","floor":17},{"not_picked":["Coolheaded","Chaos"],"picked":"Melter","floor":17},{"not_picked":["Skim","Sweeping Beam"],"picked":"BootSequence","floor":17},{"not_picked":["Seek","Reprogram"],"picked":"FTL","floor":18},{"not_picked":["Conserve Battery","Redo","Steam Power+1"],"picked":"SKIP","floor":24},{"not_picked":["Loop+1","Conserve Battery","Chill"],"picked":"SKIP","floor":27},{"not_picked":["Steam","Conserve Battery"],"picked":"FTL+1","floor":28},{"not_picked":["Redo","Coolheaded","Skim"],"picked":"SKIP","floor":29},{"not_picked":["Sweeping Beam+1","Leap","Capacitor"],"picked":"SKIP","floor":31}],"player_experience":1071128,"relics_obtained":[{"floor":3.0,"key":"Ice Cream"},{"floor":9.0,"key":"Boot"},{"floor":12.0,"key":"Ornamental Fan"},{"floor":24,"key":"Symbiotic Virus"},{"floor":26,"key":"Dodecahedron"},{"floor":27,"key":"Molten Egg 2"}],"event_choices":[{"damage_healed":0.0,"max_hp_gain":0.0,"max_hp_loss":0.0,"gold_gain":0.0,"event_name":"Shining Light","player_choice":"Entered Light","floor":2.0,"gold_loss":0.0,"damage_taken":14.0,"cards_upgraded":["Defend_B","Sunder"]},{"damage_healed":0.0,"max_hp_gain":0.0,"max_hp_loss":0.0,"gold_gain":75.0,"event_name":"World of Goop","player_choice":"Gather Gold","floor":4.0,"gold_loss":0.0,"damage_taken":11.0},{"cards_removed":["Strike_B"],"damage_healed":0.0,"max_hp_gain":0.0,"max_hp_loss":0.0,"gold_gain":0.0,"event_name":"Golden Wing","player_choice":"Card Removal","floor":5.0,"gold_loss":0.0,"damage_taken":7.0},{"damage_healed":0,"gold_gain":99,"player_choice":"Stole From Cult","damage_taken":0,"max_hp_gain":0,"max_hp_loss":0,"event_name":"Nest","floor":19,"gold_loss":0},{"damage_healed":0,"gold_gain":0,"player_choice":"Ignored","damage_taken":0,"max_hp_gain":0,"max_hp_loss":0,"event_name":"Ghosts","floor":20,"gold_loss":0},{"damage_healed":0,"gold_gain":0,"player_choice":"Shed Blood","damage_taken":17,"max_hp_gain":5,"max_hp_loss":0,"event_name":"Forgotten Altar","floor":21,"gold_loss":0},{"damage_healed":0,"gold_gain":0,"player_choice":"Ignored","damage_taken":0,"max_hp_gain":0,"max_hp_loss":0,"event_name":"Vampires","floor":22,"gold_loss":0}],"is_beta":false,"boss_relics":[{"not_picked":["Inserter","Pandora\u0027s Box"],"picked":"Orrery"}],"items_purged_floors":[],"is_endless":false,"potions_floor_spawned":[1,16,28,29],"killed_by":"Champ","ascension_level":1}