{"gold_per_floor":[110,110,185,196,144,144,173,190,190,222,234,234,246,266,266,364,364,381,381,75,86,96,122,122,0,0,17,17,17],"floor_reached":29,"playtime":2723,"items_purged":["Regret"],"score":350,"play_id":"ff964981-b9cd-4eb9-90b0-8c49f570c17b","local_time":"20190123224409","is_ascension_mode":true,"campfire_choices":[{"data":"Neutralize","floor":6.0,"key":"SMITH"},{"data":"Bane","floor":12.0,"key":"SMITH"},{"floor":15.0,"key":"REST"},{"floor":24.0,"key":"REST"}],"neow_cost":"NONE","seed_source_timestamp":109442066235750,"circlet_count":0,"master_deck":["Defend_G","Defend_G","Defend_G","Defend_G","Defend_G","Strike_G","Strike_G","Strike_G","Strike_G","Survivor","Neutralize+1","Poisoned Stab","Dash","Bane+1","Quick Slash","Sucker Punch","A Thousand Cuts","Escape Plan","Bane","Catalyst+1","Bouncing Flask","Deadly Poison+1","RitualDagger"],"special_seed":0,"relics":["Ring of the Snake","NeowsBlessing","Blue Candle","Paper Crane","Matryoshka","Bottled Flame","White Beast Statue","Lee\u0027s Waffle","Unceasing Top","PreservedInsect","Bag of Marbles"],"potions_floor_usage":[29],"damage_taken":[{"damage":0.0,"enemies":"Small Slimes","floor":1.0,"turns":1.0},{"damage":0.0,"enemies":"Jaw Worm","floor":4.0,"turns":1.0},{"damage":0.0,"enemies":"3 Sentries","floor":7.0,"turns":1.0},{"damage":1.0,"enemies":"2 Louse","floor":8.0,"turns":3.0},{"damage":5.0,"enemies":"Lagavulin","floor":10.0,"turns":8.0},{"damage":1.0,"enemies":"Red Slaver","floor":11.0,"turns":3.0},{"damage":4.0,"enemies":"2 Fungi Beasts","floor":13.0,"turns":3.0},{"damage":10.0,"enemies":"Large Slime","floor":14.0,"turns":6.0},{"damage":33.0,"enemies":"Hexaghost","floor":16.0,"turns":11.0},{"damage":30.0,"enemies":"2 Thieves","floor":18.0,"turns":5.0},{"damage":15.0,"enemies":"3 Byrds","floor":21.0,"turns":7.0},{"damage":15.0,"enemies":"Snecko","floor":22.0,"turns":5.0},{"damage":46.0,"enemies":"Slavers","floor":23.0,"turns":6.0},{"damage":9.0,"enemies":"Centurion and Healer","floor":27.0,"turns":7.0},{"damage":26,"enemies":"3 Cultists","floor":29,"turns":5}],"seed_played":"3589381092331689321","potions_obtained":[{"floor":8.0,"key":"Energy Potion"},{"floor":10.0,"key":"Poison Potion"},{"floor":11.0,"key":"Weak Potion"},{"floor":14.0,"key":"GamblersBrew"},{"floor":18.0,"key":"SpeedPotion"},{"floor":21.0,"key":"LiquidBronze"},{"floor":23.0,"key":"Ancient Potion"},{"floor":27.0,"key":"Poison Potion"}],"is_trial":false,"path_per_floor":["M","?","?","M","$","R","E","M","T","E","M","R","M","M","R","B",null,"M","?","$","M","M","E","R","?","T","M","?","M"],"character_chosen":"THE_SILENT","items_purchased":["Bane","Lee\u0027s Waffle","Bane"],"campfire_rested":2,"item_purchase_floors":[5,20,20],"current_hp_per_floor":[70,70,59,59,59,59,59,58,58,53,52,52,48,38,59,26,59,29,29,77,62,47,1,24,24,24,15,9,0],"gold":17,"neow_bonus":"THREE_ENEMY_KILL","is_prod":false,"is_daily":false,"chose_seed":true,"campfire_upgraded":2,"win_rate":0,"timestamp":1548301449,"path_taken":["M","?","?","M","$","R","E","?","T","E","M","R","M","M","R","BOSS","M","?","$","?","M","E","R","?","T","M","?","M"],"build_version":"2019-01-23","purchased_purges":1,"victory":false,"max_hp_per_floor":[70,70,70,70,70,70,70,70,70,70,70,70,70,70,70,70,70,70,70,77,77,77,77,77,77,77,77,77,77],"card_choices":[{"not_picked":["Outmaneuver","Dagger Throw"],"picked":"Poisoned Stab","floor":1.0},{"not_picked":["Blur","Dodge and Roll"],"picked":"Dash","floor":4.0},{"not_picked":["Underhanded Strike","Malaise","Blur"],"picked":"SKIP","floor":7.0},{"not_picked":["Deflect","Cloak And Dagger","Underhanded Strike"],"picked":"SKIP","floor":8.0},{"not_picked":["Concentrate","Finisher"],"picked":"Quick Slash","floor":10.0},{"not_picked":["Dagger Throw","Outmaneuver","Leg Sweep"],"picked":"SKIP","floor":11.0},{"not_picked":["Flying Knee","Dagger Spray"],"picked":"Sucker Punch","floor":13.0},{"not_picked":["Dodge and Roll","Sucker Punch","Dagger Spray"],"picked":"SKIP","floor":14.0},{"not_picked":["Storm of Steel","After Image"],"picked":"A Thousand Cuts","floor":16.0},{"not_picked":["Tactician","Infinite Blades","Dodge and Roll"],"picked":"SKIP","floor":18.0},{"not_picked":["Bane","Dagger Throw"],"picked":"Catalyst+1","floor":21.0},{"not_picked":["PiercingWail","Masterful Stab"],"picked":"Bouncing Flask","floor":22.0},{"not_picked":["Cloak And Dagger+1","Underhanded Strike","Reflex+1"],"picked":"SKIP","floor":23.0},{"not_picked":["Cloak And Dagger+1","Heel Hook"],"picked":"Deadly Poison+1","floor":27.0}],"player_experience":279129,"relics_obtained":[{"floor":7.0,"key":"Paper Crane"},{"floor":9.0,"key":"Matryoshka"},{"floor":10.0,"key":"Bottled Flame"},{"floor":23.0,"key":"Unceasing Top"},{"floor":26.0,"key":"PreservedInsect"},{"floor":26.0,"key":"Bag of Marbles"}],"event_choices":[{"damage_healed":0.0,"max_hp_gain":0.0,"max_hp_loss":0.0,"gold_gain":0.0,"event_name":"Big Fish","player_choice":"Box","floor":2.0,"gold_loss":0.0,"damage_taken":0.0,"relics_obtained":["Blue Candle"],"cards_obtained":["Regret"]},{"damage_healed":0.0,"max_hp_gain":0.0,"max_hp_loss":0.0,"gold_gain":75.0,"event_name":"World of Goop","player_choice":"Gather Gold","floor":3.0,"gold_loss":0.0,"damage_taken":11.0},{"damage_healed":0.0,"max_hp_gain":0.0,"max_hp_loss":0.0,"gold_gain":0.0,"cards_transformed":["Strike_G"],"event_name":"Transmorgrifier","player_choice":"Transformed","floor":19.0,"gold_loss":0.0,"damage_taken":0.0,"cards_obtained":["Escape Plan"]},{"damage_healed":0.0,"max_hp_gain":0.0,"max_hp_loss":0.0,"gold_gain":0.0,"event_name":"Masked Bandits","player_choice":"Paid Fearfully","floor":25.0,"gold_loss":122.0,"damage_taken":0.0},{"damage_healed":0.0,"max_hp_gain":0.0,"max_hp_loss":0.0,"gold_gain":0.0,"event_name":"Nest","player_choice":"Joined the Cult","floor":28.0,"gold_loss":0.0,"damage_taken":6.0,"cards_obtained":["RitualDagger"]}],"is_beta":false,"boss_relics":[{"not_picked":["Runic Pyramid","Ectoplasm"],"picked":"White Beast Statue"}],"items_purged_floors":[20],"is_endless":false,"potions_floor_spawned":[8,10,11,14,18,21,22,23,27],"killed_by":"3 Cultists","ascension_level":5}