{"gold_per_floor":[112,37,37,50,50,77,77,87,110,126,149,149,165,190,190,262,262,272,290,340,353,22,22,350,19,19,19,31,49,49,64,64,136,136,146,146],"floor_reached":36,"playtime":1699,"items_purged":["Strike_B","Defend_B"],"score":838,"play_id":"c4142566-03a2-41a2-a5e0-6f1b18ad709c","local_time":"20190304111543","is_ascension_mode":true,"campfire_choices":[{"data":"Creative AI","floor":7.0,"key":"SMITH"},{"data":"Tempest","floor":12.0,"key":"SMITH"},{"data":"Chaos","floor":15.0,"key":"SMITH"},{"floor":23.0,"key":"REST"},{"floor":27.0,"key":"REST"},{"data":"Double Energy","floor":30.0,"key":"SMITH"},{"floor":32.0,"key":"REST"}],"neow_cost":"NONE","seed_source_timestamp":0,"circlet_count":0,"master_deck":["AscendersBane","Defend_B","Defend_B","Defend_B","Zap","Dualcast","Tempest+1","Sweeping Beam","Creative AI+1","Chill","Ball Lightning","Double Energy+1","Chaos+1","Echo Form","Conserve Battery","Reinforced Body+1","FTL","Buffer"],"special_seed":0,"relics":["Cracked Core","NeowsBlessing","Regal Pillow","Centennial Puzzle","Bag of Marbles","Odd Mushroom","DataDisk","Empty Cage","Unceasing Top","Old Coin","ClockworkSouvenir","Symbiotic Virus","Sozu"],"potions_floor_usage":[],"damage_taken":[{"damage":0.0,"enemies":"Small Slimes","floor":1.0,"turns":1.0},{"damage":0.0,"enemies":"Cultist","floor":4.0,"turns":1.0},{"damage":0.0,"enemies":"3 Sentries","floor":6.0,"turns":1.0},{"damage":1.0,"enemies":"2 Louse","floor":8.0,"turns":2.0},{"damage":5.0,"enemies":"Blue Slaver","floor":10.0,"turns":4.0},{"damage":9.0,"enemies":"The Mushroom Lair","floor":11.0,"turns":5.0},{"damage":0.0,"enemies":"Large Slime","floor":13.0,"turns":4.0},{"damage":11.0,"enemies":"Gremlin Nob","floor":14.0,"turns":4.0},{"damage":11.0,"enemies":"Hexaghost","floor":16.0,"turns":9.0},{"damage":21.0,"enemies":"Shell Parasite","floor":18.0,"turns":4.0},{"damage":12.0,"enemies":"3 Byrds","floor":19.0,"turns":3.0},{"damage":15.0,"enemies":"Snake Plant","floor":21.0,"turns":3.0},{"damage":28.0,"enemies":"Gremlin Leader","floor":24.0,"turns":7.0},{"damage":15.0,"enemies":"Centurion and Healer","floor":28.0,"turns":4.0},{"damage":2.0,"enemies":"3 Cultists","floor":29.0,"turns":5.0},{"damage":4.0,"enemies":"Cultist and Chosen","floor":31.0,"turns":5.0},{"damage":6.0,"enemies":"Automaton","floor":33.0,"turns":11.0},{"damage":4.0,"enemies":"3 Shapes","floor":35.0,"turns":3.0},{"damage":65,"enemies":"2 Orb Walkers","floor":36,"turns":3}],"seed_played":"-5271826237744606326","potions_obtained":[{"floor":4.0,"key":"SpeedPotion"},{"floor":10.0,"key":"GamblersBrew"},{"floor":14.0,"key":"SkillPotion"},{"floor":19.0,"key":"SteroidPotion"},{"floor":24.0,"key":"Explosive Potion"},{"floor":28.0,"key":"Energy Potion"},{"floor":31.0,"key":"EssenceOfSteel"},{"floor":33.0,"key":"AttackPotion"}],"is_trial":false,"path_per_floor":["M","$","?","M","?","E","R","M","T","M","?","R","M","E","R","B",null,"M","M","?","M","$","R","E","$","T","R","M","M","R","M","R","B",null,"M","?"],"character_chosen":"DEFECT","items_purchased":["Unceasing Top","ClockworkSouvenir"],"campfire_rested":3,"item_purchase_floors":[22,25],"current_hp_per_floor":[64,64,64,64,53,53,53,52,52,47,38,38,38,27,27,16,57,36,24,24,9,9,45,17,17,17,53,38,36,36,32,68,62,69,65,0],"gold":146,"neow_bonus":"THREE_ENEMY_KILL","is_prod":false,"is_daily":false,"chose_seed":false,"campfire_upgraded":4,"win_rate":0,"timestamp":1551694543,"path_taken":["M","$","?","?","?","E","R","M","T","M","?","R","M","E","R","BOSS","M","M","?","?","?","R","E","$","T","R","M","M","R","?","R","BOSS","M","?"],"build_version":"2019-01-23","purchased_purges":2,"victory":false,"max_hp_per_floor":[71,71,71,71,71,71,71,71,71,71,71,71,71,71,71,71,71,71,71,71,71,71,71,71,71,71,71,71,71,71,71,71,71,71,71,71],"card_choices":[{"not_picked":["Go for the Eyes","Force Field","Recycle"],"picked":"SKIP","floor":1.0},{"not_picked":["Coolheaded","Consume"],"picked":"Sweeping Beam","floor":4.0},{"not_picked":["Static Discharge","Consume"],"picked":"Creative AI","floor":6.0},{"not_picked":["Rebound","Streamline"],"picked":"Chill","floor":8.0},{"not_picked":["Skim","Rebound"],"picked":"Ball Lightning","floor":10.0},{"not_picked":["Barrage","Undo"],"picked":"Double Energy","floor":11.0},{"not_picked":["Heatsinks","Coolheaded","Hologram"],"picked":"SKIP","floor":13.0},{"not_picked":["Turbo","Barrage"],"picked":"Chaos","floor":14.0},{"not_picked":["Core Surge","Amplify"],"picked":"Echo Form","floor":16.0},{"not_picked":["Sweeping Beam","Ball Lightning"],"picked":"Conserve Battery","floor":18.0},{"not_picked":["Doom and Gloom","Chaos","Streamline"],"picked":"SKIP","floor":19.0},{"not_picked":["Coolheaded","Capacitor","Cold Snap"],"picked":"SKIP","floor":21.0},{"not_picked":["Hello World","Heatsinks","Genetic Algorithm"],"picked":"SKIP","floor":24.0},{"not_picked":["Capacitor","Turbo"],"picked":"Reinforced Body+1","floor":28.0},{"not_picked":["Compile Driver","Rebound","Capacitor"],"picked":"SKIP","floor":29.0},{"not_picked":["Go for the Eyes","Hyperbeam"],"picked":"FTL","floor":31.0},{"not_picked":["Amplify","Echo Form"],"picked":"Buffer","floor":33.0},{"not_picked":["Beam Cell","Rebound","Reinforced Body+1"],"picked":"SKIP","floor":35.0}],"player_experience":1160966,"relics_obtained":[{"floor":6.0,"key":"Centennial Puzzle"},{"floor":9.0,"key":"Bag of Marbles"},{"floor":11.0,"key":"Odd Mushroom"},{"floor":14.0,"key":"DataDisk"},{"floor":24.0,"key":"Old Coin"},{"floor":26.0,"key":"Symbiotic Virus"}],"event_choices":[{"damage_healed":0.0,"max_hp_gain":0.0,"max_hp_loss":0.0,"gold_gain":0.0,"cards_transformed":["Strike_B"],"event_name":"Transmorgrifier","player_choice":"Transformed","floor":3.0,"gold_loss":0.0,"damage_taken":0.0,"cards_obtained":["Tempest"]},{"damage_healed":0.0,"max_hp_gain":0.0,"max_hp_loss":0.0,"gold_gain":0.0,"event_name":"Scrap Ooze","player_choice":"Success","floor":5.0,"gold_loss":0.0,"damage_taken":11.0,"relics_obtained":["Regal Pillow"]},{"damage_healed":0.0,"max_hp_gain":0.0,"max_hp_loss":0.0,"gold_gain":0.0,"event_name":"Mushrooms","player_choice":"Fought Mushrooms","floor":11.0,"gold_loss":0.0,"damage_taken":0.0},{"damage_healed":0.0,"max_hp_gain":0.0,"max_hp_loss":0.0,"gold_gain":100.0,"event_name":"The Joust","player_choice":"Bet on Murderer","floor":20.0,"gold_loss":50.0,"damage_taken":0.0},{"damage_healed":0,"gold_gain":0,"player_choice":"Fight","damage_taken":0,"max_hp_gain":0,"max_hp_loss":0,"event_name":"Mysterious Sphere","floor":36,"gold_loss":0}],"is_beta":false,"boss_relics":[{"not_picked":["Black Star","Lizard Tail"],"picked":"Empty Cage"},{"not_picked":["Velvet Choker","Fusion Hammer"],"picked":"Sozu"}],"items_purged_floors":[2,25],"is_endless":false,"potions_floor_spawned":[4,10,14,19,24,28,31,33],"killed_by":"2 Orb Walkers","ascension_level":20}