{"gold_per_floor":[369,30,30,180,194,224,224,281,281,309,309,309,67,87,87,165,215,228,208,222,47,57,57,57,57,83,102,102,102],"floor_reached":29,"playtime":1308,"items_purged":["Shame"],"score":470,"play_id":"9b95786a-093d-499e-92af-5180e58d70b2","local_time":"20181015172441","is_ascension_mode":true,"campfire_choices":[{"data":"Zap","floor":7.0,"key":"SMITH"},{"floor":11.0,"key":"REST"},{"data":"Rainbow","floor":15.0,"key":"SMITH"},{"floor":23,"key":"REST"},{"data":"Stack","floor":25,"key":"SMITH"},{"floor":28,"key":"REST"}],"neow_cost":"CURSE","seed_source_timestamp":0,"circlet_count":0,"master_deck":["Strike_B","Strike_B","Strike_B","Strike_B","Defend_B+1","Defend_B","Defend_B","Defend_B","Zap+1","Dualcast","AscendersBane","Glacier","FTL","Doubt","BootSequence","Scrape","Chaos","Conserve Battery","Rainbow+1","Machine Learning","White Noise","Loop","Stack+1"],"special_seed":0,"relics":["Cracked Core","Symbiotic Virus","Pocketwatch","Tiny Chest","Bottled Lightning","Bag of Marbles","Anchor","Tiny House","Oddly Smooth Stone","Orichalcum"],"potions_floor_usage":[27],"damage_taken":[{"damage":9.0,"enemies":"Small Slimes","floor":1.0,"turns":4.0},{"damage":6.0,"enemies":"Cultist","floor":5.0,"turns":3.0},{"damage":3.0,"enemies":"3 Sentries","floor":6.0,"turns":4.0},{"damage":24.0,"enemies":"Lagavulin","floor":8.0,"turns":5.0},{"damage":17.0,"enemies":"3 Sentries","floor":10.0,"turns":9.0},{"damage":0.0,"enemies":"2 Louse","floor":14.0,"turns":2.0},{"damage":30.0,"enemies":"The Guardian","floor":16.0,"turns":14.0},{"damage":5.0,"enemies":"Shell Parasite","floor":18.0,"turns":8.0},{"damage":20.0,"enemies":"2 Thieves","floor":19.0,"turns":4.0},{"damage":22.0,"enemies":"Snecko","floor":20.0,"turns":4.0},{"damage":18,"enemies":"Cultist and Chosen","floor":22,"turns":7},{"damage":8,"enemies":"Centurion and Healer","floor":27,"turns":7},{"damage":53,"enemies":"Book of Stabbing","floor":29,"turns":5}],"seed_played":"7921459474540181953","potions_obtained":[{"floor":1.0,"key":"Dexterity Potion"},{"floor":3.0,"key":"LiquidBronze"},{"floor":5.0,"key":"Explosive Potion"},{"floor":10.0,"key":"Energy Potion"},{"floor":17.0,"key":"Ancient Potion"},{"floor":18.0,"key":"Regen Potion"},{"floor":22,"key":"GamblersBrew"}],"is_trial":false,"path_per_floor":["M","$","?","?","M","E","R","E","T","E","R","?","$","M","R","B",null,"M","M","M","$","M","R","$","R","T","M","R"],"character_chosen":"DEFECT","items_purchased":["Symbiotic Virus","FTL","Anchor","Oddly Smooth Stone"],"campfire_rested":3,"item_purchase_floors":[2,2,13,21],"current_hp_per_floor":[55,55,55,55,49,46,46,22,22,5,26,49,49,49,49,19,63,58,52,30,30,12,34,34,34,34,26,48,0],"gold":102,"neow_bonus":"TWO_FIFTY_GOLD","is_prod":false,"is_daily":false,"chose_seed":false,"campfire_upgraded":3,"win_rate":0,"timestamp":1539617081,"path_taken":["M","$","?","?","?","E","R","E","T","E","R","?","?","M","R","BOSS","M","?","M","?","M","R","$","R","T","M","R","E"],"build_version":"2018-10-11","purchased_purges":1,"victory":false,"max_hp_per_floor":[71,71,71,71,71,71,71,71,71,71,71,71,71,71,71,71,76,76,76,76,76,76,76,76,76,76,76,76,76],"card_choices":[{"not_picked":["Steam Power","Sweeping Beam"],"picked":"Glacier","floor":1.0},{"not_picked":["Turbo","Genetic Algorithm"],"picked":"BootSequence","floor":5.0},{"not_picked":["Turbo","Storm"],"picked":"Scrape","floor":6.0},{"not_picked":["Redo","Leap"],"picked":"Chaos","floor":8.0},{"not_picked":["Undo","Leap"],"picked":"Conserve Battery","floor":10.0},{"not_picked":["Go for the Eyes","Steam"],"picked":"Rainbow","floor":14.0},{"not_picked":["Thunder Strike","Meteor Strike"],"picked":"Machine Learning","floor":16.0},{"not_picked":["Go for the Eyes","Consume"],"picked":"White Noise","floor":17.0},{"not_picked":["Beam Cell","Rebound","Blizzard"],"picked":"SKIP","floor":18.0},{"not_picked":["Barrage","Reprogram"],"picked":"Loop","floor":19.0},{"not_picked":["Sweeping Beam","Self Repair","Go for the Eyes"],"picked":"SKIP","floor":20.0},{"not_picked":["Compile Driver","Streamline"],"picked":"Stack","floor":22},{"not_picked":["Storm+1","Heatsinks+1","Auto Shields"],"picked":"SKIP","floor":27}],"player_experience":831705,"relics_obtained":[{"floor":6.0,"key":"Pocketwatch"},{"floor":8.0,"key":"Tiny Chest"},{"floor":9.0,"key":"Bottled Lightning"},{"floor":10.0,"key":"Bag of Marbles"},{"floor":26,"key":"Orichalcum"}],"event_choices":[{"event_name":"The Lab","player_choice":"Got Potions","floor":3.0,"damage_taken":0.0},{"event_name":"Liars Game","player_choice":"agreed","floor":4.0,"damage_taken":0.0},{"event_name":"Big Fish","player_choice":"Banana","floor":12.0,"damage_taken":0.0}],"is_beta":false,"boss_relics":[{"not_picked":["Busted Crown","FrozenCore"],"picked":"Tiny House"}],"items_purged_floors":[13],"is_endless":false,"potions_floor_spawned":[1,5,10,18,22],"killed_by":"Book of Stabbing","ascension_level":19}