{"gold_per_floor":[117,417,417,432,452,452,482,482,482,482,501,501,501,513,513,611,611,628,660,660],"floor_reached":20,"playtime":1396,"items_purged":[],"score":181,"play_id":"8e2cda8c-9362-4699-82a1-2c30a1c247c5","local_time":"20190304201122","is_ascension_mode":true,"campfire_choices":[{"data":"Neutralize","floor":6,"key":"SMITH"},{"floor":8,"key":"REST"},{"data":"Predator","floor":10,"key":"SMITH"},{"data":"Survivor","floor":12,"key":"SMITH"},{"data":"Infinite Blades","floor":15,"key":"SMITH"}],"neow_cost":"NONE","seed_source_timestamp":216366197390595,"circlet_count":0,"master_deck":["Defend_G","Defend_G","Defend_G","Defend_G","Defend_G","Strike_G","Survivor+1","Neutralize+1","Catalyst","Dodge and Roll","Predator+1","Dagger Spray","Infinite Blades+1","A Thousand Cuts","Expertise+1","Blade Dance+1","Accuracy+1","Choke","Bouncing Flask+1"],"relics":["Ring of the Snake","NeowsBlessing","Old Coin","Anchor","Shuriken","Pear","Astrolabe","Red Mask"],"potions_floor_usage":[7,16,19,20],"damage_taken":[{"damage":0,"enemies":"Jaw Worm","floor":1,"turns":1},{"damage":0,"enemies":"Cultist","floor":4,"turns":1},{"damage":0,"enemies":"Small Slimes","floor":5,"turns":1},{"damage":36,"enemies":"Lagavulin","floor":7,"turns":7},{"damage":1,"enemies":"Exordium Wildlife","floor":11,"turns":7},{"damage":6,"enemies":"Exordium Thugs","floor":14,"turns":4},{"damage":36,"enemies":"Hexaghost","floor":16,"turns":10},{"damage":5,"enemies":"Chosen","floor":18,"turns":5},{"damage":59,"enemies":"Masked Bandits","floor":19,"turns":5},{"damage":21,"enemies":"Colosseum Slavers","floor":20,"turns":3}],"seed_played":"-4030333358063866592","potions_obtained":[{"floor":5,"key":"SteroidPotion"},{"floor":7,"key":"SkillPotion"},{"floor":16,"key":"Swift Potion"},{"floor":18,"key":"EssenceOfSteel"}],"is_trial":false,"path_per_floor":["?","?","M","T","M","?","?"],"character_chosen":"THE_SILENT","items_purchased":[],"campfire_rested":1,"item_purchase_floors":[],"current_hp_per_floor":[70,67,67,67,67,67,31,52,52,52,51,51,61,55,55,19,80,75,16,0],"gold":660,"neow_bonus":"THREE_ENEMY_KILL","is_prod":false,"is_daily":false,"chose_seed":false,"campfire_upgraded":4,"win_rate":0,"timestamp":1551755482,"path_taken":["M","?","?","M","?","R","E","R","T","R","M","R","?","?","R","BOSS","M","?","?"],"build_version":"2019-01-23","purchased_purges":0,"victory":false,"max_hp_per_floor":[70,70,70,70,70,70,70,70,70,70,70,70,80,80,80,80,80,80,80,80],"card_choices":[{"not_picked":["Dagger Spray","Calculated Gamble"],"picked":"Catalyst","floor":1},{"not_picked":["Deflect","Slice"],"picked":"Dodge and Roll","floor":4},{"not_picked":["Masterful Stab","Dodge and Roll"],"picked":"Predator","floor":5},{"not_picked":["Blade Dance","Finisher"],"picked":"Dagger Spray","floor":7},{"not_picked":["Storm of Steel","Outmaneuver"],"picked":"Infinite Blades","floor":11},{"not_picked":["Blade Dance","Dagger Spray","Prepared"],"picked":"SKIP","floor":14},{"not_picked":["Malaise","Doppelganger"],"picked":"A Thousand Cuts","floor":16},{"not_picked":["Dagger Spray","Poisoned Stab+1"],"picked":"Choke","floor":18},{"not_picked":["Prepared","Masterful Stab"],"picked":"Bouncing Flask+1","floor":19}],"player_experience":97959,"relics_obtained":[{"floor":7,"key":"Anchor"},{"floor":9,"key":"Shuriken"},{"floor":13,"key":"Pear"},{"floor":19,"key":"Red Mask"}],"event_choices":[{"damage_healed":0,"gold_gain":0,"player_choice":"Success","damage_taken":3,"relics_obtained":["Old Coin"],"max_hp_gain":0,"max_hp_loss":0,"event_name":"Scrap Ooze","floor":2,"gold_loss":0},{"cards_removed":["Strike_G"],"damage_healed":0,"gold_gain":0,"player_choice":"Offered Basic","damage_taken":0,"max_hp_gain":0,"max_hp_loss":0,"event_name":"Bonfire Elementals","floor":3,"gold_loss":0},{"damage_healed":0,"gold_gain":0,"player_choice":"Fought Bandits","damage_taken":0,"max_hp_gain":0,"max_hp_loss":0,"event_name":"Masked Bandits","floor":19,"gold_loss":0},{"damage_healed":0,"gold_gain":0,"player_choice":"Fight","damage_taken":0,"max_hp_gain":0,"max_hp_loss":0,"event_name":"Colosseum","floor":20,"gold_loss":0}],"is_beta":false,"boss_relics":[{"not_picked":["Ring of the Serpent","WristBlade"],"picked":"Astrolabe"}],"items_purged_floors":[],"is_endless":false,"potions_floor_spawned":[5,7,16,18],"killed_by":"Colosseum Slavers","ascension_level":1}