{"gold_per_floor":[211,311,323,323,323,354,354,381,456,485,505,505,520,533,533,633,633,652,652,531,546,461,461],"floor_reached":23,"playtime":3790,"items_purged":["Strike_B"],"score":240,"play_id":"54e29558-4235-4fee-b152-67d996c69e51","local_time":"20190315175928","is_ascension_mode":true,"campfire_choices":[{"data":"Zap","floor":7,"key":"SMITH"},{"floor":12,"key":"REST"},{"data":"Redo","floor":15,"key":"SMITH"}],"neow_cost":"NONE","seed_source_timestamp":172404760111731,"circlet_count":0,"master_deck":["Defend_B","Defend_B","Defend_B","Defend_B","Zap+1","Dualcast","Cold Snap","Gash","Redo+1","Darkness","Ball Lightning","Capacitor","Capacitor","Rainbow","Barrage+1","Creative AI","Beam Cell","Go for the Eyes","Heatsinks"],"relics":["Cracked Core","Darkstone Periapt","Singing Bowl","WingedGreaves","Cables","Vajra","Busted Crown","Pocketwatch"],"potions_floor_usage":[10,16,21,23],"damage_taken":[{"damage":1,"enemies":"Cultist","floor":1,"turns":3},{"damage":3,"enemies":"Small Slimes","floor":3,"turns":3},{"damage":24,"enemies":"3 Sentries","floor":6,"turns":9},{"damage":25,"enemies":"Lagavulin","floor":8,"turns":6},{"damage":10,"enemies":"3 Sentries","floor":10,"turns":6},{"damage":0,"enemies":"Jaw Worm","floor":11,"turns":2},{"damage":10,"enemies":"Gremlin Gang","floor":13,"turns":2},{"damage":14,"enemies":"3 Louse","floor":14,"turns":2},{"damage":14,"enemies":"Hexaghost","floor":16,"turns":8},{"damage":3,"enemies":"Chosen","floor":18,"turns":3},{"damage":34,"enemies":"2 Thieves","floor":21,"turns":3},{"damage":42,"enemies":"Slavers","floor":23,"turns":3}],"seed_played":"6908885688651616539","potions_obtained":[{"floor":1,"key":"Swift Potion"},{"floor":8,"key":"FocusPotion"},{"floor":10,"key":"SteroidPotion"},{"floor":18,"key":"Poison Potion"},{"floor":21,"key":"EssenceOfSteel"}],"is_trial":false,"path_per_floor":["?","M","?","T","M","?","?"],"character_chosen":"DEFECT","items_purchased":["Go for the Eyes"],"campfire_rested":1,"item_purchase_floors":[20],"current_hp_per_floor":[74,74,71,71,71,47,47,22,22,14,14,37,29,15,15,1,79,76,76,76,42,42,0],"gold":461,"neow_bonus":"HUNDRED_GOLD","is_prod":false,"is_daily":false,"chose_seed":false,"campfire_upgraded":2,"win_rate":0,"timestamp":1552694368,"path_taken":["M","?","?","?","?","E","R","E","T","E","?","R","M","M","R","BOSS","M","?","$","M","?","E"],"build_version":"2019-01-23","purchased_purges":1,"victory":false,"max_hp_per_floor":[75,75,75,75,75,75,75,75,75,77,77,77,79,79,79,79,79,79,79,79,79,79,79],"card_choices":[{"not_picked":["Double Energy","BootSequence"],"picked":"Cold Snap","floor":1},{"not_picked":["Force Field","Blizzard"],"picked":"Gash","floor":3},{"not_picked":["Streamline","Chaos"],"picked":"Darkness","floor":6},{"not_picked":["Force Field","Conserve Battery"],"picked":"Ball Lightning","floor":8},{"not_picked":["Recycle","FTL","Fusion"],"picked":"Singing Bowl","floor":10},{"not_picked":["Leap","Static Discharge"],"picked":"Capacitor","floor":11},{"not_picked":["Rip and Tear","FTL","Rebound"],"picked":"Singing Bowl","floor":13},{"not_picked":["Fusion","White Noise"],"picked":"Capacitor","floor":14},{"not_picked":["Meteor Strike","Hyperbeam"],"picked":"Rainbow","floor":16},{"not_picked":[],"picked":"Barrage+1","floor":18},{"not_picked":[],"picked":"Heatsinks","floor":21}],"player_experience":235115,"relics_obtained":[{"floor":5,"key":"Darkstone Periapt"},{"floor":6,"key":"Singing Bowl"},{"floor":8,"key":"WingedGreaves"},{"floor":9,"key":"Cables"},{"floor":10,"key":"Vajra"}],"event_choices":[{"damage_healed":0,"gold_gain":100,"player_choice":"Gold","damage_taken":0,"max_hp_gain":0,"max_hp_loss":0,"event_name":"Wheel of Change","floor":2,"gold_loss":0},{"damage_healed":0,"gold_gain":0,"cards_transformed":["Strike_B"],"player_choice":"Change","damage_taken":0,"max_hp_gain":0,"max_hp_loss":0,"event_name":"Living Wall","floor":4,"gold_loss":0,"cards_obtained":["Redo"]},{"damage_healed":0,"gold_gain":0,"cards_transformed":["Strike_B","Strike_B"],"player_choice":"Became Test Subject","damage_taken":0,"max_hp_gain":0,"max_hp_loss":0,"event_name":"Drug Dealer","floor":19,"gold_loss":0,"cards_obtained":["Creative AI","Beam Cell"]},{"damage_healed":0,"gold_gain":0,"player_choice":"Obtained Relic","damage_taken":0,"relics_obtained":["Pocketwatch"],"max_hp_gain":0,"max_hp_loss":0,"event_name":"Addict","floor":22,"gold_loss":85}],"is_beta":false,"boss_relics":[{"not_picked":["Astrolabe","FrozenCore"],"picked":"Busted Crown"}],"items_purged_floors":[20],"is_endless":false,"potions_floor_spawned":[1,8,10,18,21],"killed_by":"Slavers","ascension_level":3}