{"gold_per_floor":[361,379,5,5,5,5,33,33,56,72,72,102,102,130,130,130],"floor_reached":16,"playtime":565,"items_purged":[],"score":232,"play_id":"4e301bbd-8bd8-4a90-84d8-7d5b3f16757f","local_time":"20181027002738","is_ascension_mode":true,"campfire_choices":[{"data":"Venomology","floor":6.0,"key":"SMITH"},{"floor":8.0,"key":"REST"},{"floor":11.0,"key":"REST"},{"floor":15.0,"key":"REST"}],"neow_cost":"PERCENT_DAMAGE","seed_source_timestamp":0,"circlet_count":0,"master_deck":["Defend_G","Defend_G+1","Defend_G","Defend_G","Strike_G","Strike_G","Strike_G","Strike_G","Strike_G","Survivor","Neutralize","AscendersBane","Backflip+1","Venomology+1","Dramatic Entrance","Pain","Blur","Backstab","Masterful Stab","Wraith Form v2+1","Cloak And Dagger"],"special_seed":0,"relics":["Ring of the Snake","Mummified Hand","WarpedTongs","Dream Catcher","War Paint","Centennial Puzzle","Bag of Marbles"],"potions_floor_usage":[16,16],"damage_taken":[{"damage":10.0,"enemies":"Jaw Worm","floor":1.0,"turns":7.0},{"damage":0.0,"enemies":"2 Louse","floor":2.0,"turns":3.0},{"damage":22.0,"enemies":"3 Sentries","floor":7.0,"turns":13.0},{"damage":3.0,"enemies":"Small Slimes","floor":10.0,"turns":2.0},{"damage":21.0,"enemies":"Gremlin Nob","floor":12.0,"turns":4.0},{"damage":15.0,"enemies":"3 Sentries","floor":14.0,"turns":9.0},{"damage":37,"enemies":"Slime Boss","floor":16,"turns":6}],"seed_played":"5710946629816885020","potions_obtained":[{"floor":1.0,"key":"Swift Potion"},{"floor":2.0,"key":"SpeedPotion"},{"floor":12.0,"key":"Weak Potion"}],"is_trial":false,"path_per_floor":["M","M","$","?","?","R","E","R","T","M","R","E","?","E","R"],"character_chosen":"THE_SILENT","items_purchased":["Mummified Hand","Dramatic Entrance"],"campfire_rested":3,"item_purchase_floors":[3,3],"current_hp_per_floor":[34,34,34,27,27,27,5,24,24,21,40,19,19,4,23,0],"gold":130,"neow_bonus":"TWO_FIFTY_GOLD","is_prod":false,"is_daily":false,"chose_seed":false,"campfire_upgraded":1,"win_rate":0,"timestamp":1540592858,"path_taken":["M","M","$","?","?","R","E","R","T","M","R","E","?","E","R","BOSS"],"build_version":"2018-10-25v2","purchased_purges":0,"victory":false,"max_hp_per_floor":[66,66,66,66,66,66,66,66,66,66,66,66,66,66,66,66],"card_choices":[{"not_picked":["Distraction","Underhanded Strike"],"picked":"Backflip","floor":1.0},{"not_picked":["Bane","Deflect"],"picked":"Venomology","floor":2.0},{"not_picked":["Night Terror","Endless Agony"],"picked":"Blur","floor":7.0},{"not_picked":["Accuracy","Dash"],"picked":"Backstab","floor":8.0},{"not_picked":["Reflex","Blur","Dodge and Roll"],"picked":"SKIP","floor":10.0},{"not_picked":["Deflect","Prepared"],"picked":"Masterful Stab","floor":11.0},{"not_picked":["Underhanded Strike","Flying Knee"],"picked":"Wraith Form v2","floor":12.0},{"not_picked":["Heel Hook","Slice","Tools of the Trade"],"picked":"SKIP","floor":14.0},{"not_picked":["Outmaneuver","Accuracy"],"picked":"Cloak And Dagger","floor":15.0}],"player_experience":863328,"relics_obtained":[{"floor":7.0,"key":"Dream Catcher"},{"floor":9.0,"key":"War Paint"},{"floor":12.0,"key":"Centennial Puzzle"},{"floor":14.0,"key":"Bag of Marbles"}],"event_choices":[{"cards_removed":["Defend_G"],"damage_healed":0.0,"max_hp_gain":0.0,"max_hp_loss":0.0,"gold_gain":0.0,"event_name":"Golden Wing","player_choice":"Card Removal","floor":4.0,"gold_loss":0.0,"damage_taken":7.0},{"damage_healed":0.0,"max_hp_gain":0.0,"max_hp_loss":0.0,"gold_gain":0.0,"event_name":"Accursed Blacksmith","player_choice":"Rummage","floor":5.0,"gold_loss":0.0,"damage_taken":0.0,"relics_obtained":["WarpedTongs"],"cards_obtained":["Pain"]},{"damage_healed":0.0,"max_hp_gain":0.0,"max_hp_loss":0.0,"gold_gain":0.0,"event_name":"Upgrade Shrine","player_choice":"Upgraded","floor":13.0,"gold_loss":0.0,"damage_taken":0.0,"cards_upgraded":["Wraith Form v2"]}],"is_beta":false,"boss_relics":[],"items_purged_floors":[],"is_endless":false,"potions_floor_spawned":[1,2,12],"killed_by":"Slime Boss","ascension_level":20}