{"gold_per_floor":[113,13,13,30,30,30,42,71,95,95,112,127,152,167,167,167],"floor_reached":16,"playtime":538,"items_purged":["Clumsy"],"score":224,"play_id":"36b7a54b-bdbb-4cfa-acff-118ea953e423","local_time":"20190205105822","is_ascension_mode":true,"campfire_choices":[{"data":"Cloak And Dagger","floor":6,"key":"SMITH"},{"data":"Noxious Fumes","floor":10,"key":"SMITH"},{"data":"Dash","floor":15,"key":"SMITH"}],"neow_cost":"CURSE","seed_source_timestamp":201258373928358,"circlet_count":0,"master_deck":["AscendersBane","Defend_G","Defend_G","Defend_G","Defend_G","Defend_G","Strike_G","Strike_G","Strike_G","Strike_G","Strike_G","Survivor","Neutralize","A Thousand Cuts+1","Escape Plan","Sucker Punch","Cloak And Dagger+1","Dash+1","Noxious Fumes+1","Terror","Escape Plan"],"relics":["Ring of the Snake","Bag of Marbles","Strawberry","Blood Vial"],"potions_floor_usage":[8,8,11],"damage_taken":[{"damage":3,"enemies":"Cultist","floor":1,"turns":5},{"damage":7,"enemies":"2 Louse","floor":4,"turns":3},{"damage":0,"enemies":"Small Slimes","floor":7,"turns":4},{"damage":12,"enemies":"3 Sentries","floor":8,"turns":5},{"damage":7,"enemies":"Exordium Wildlife","floor":11,"turns":4},{"damage":15,"enemies":"Exordium Thugs","floor":12,"turns":4},{"damage":16,"enemies":"Gremlin Nob","floor":13,"turns":4},{"damage":0,"enemies":"2 Fungi Beasts","floor":14,"turns":4},{"damage":28,"enemies":"Slime Boss","floor":16,"turns":3}],"seed_played":"2780146124460848470","potions_obtained":[{"floor":1,"key":"SpeedPotion"},{"floor":7,"key":"LiquidBronze"},{"floor":8,"key":"Weak Potion"}],"is_trial":false,"path_per_floor":["M","$","?","M","?","R","M","E","T","R","M","M","E","M","R","B"],"character_chosen":"THE_SILENT","items_purchased":["Sucker Punch"],"campfire_rested":0,"item_purchase_floors":[2],"current_hp_per_floor":[56,56,56,49,49,49,49,37,44,44,37,22,6,8,8,0],"gold":167,"neow_bonus":"THREE_RARE_CARDS","is_prod":false,"is_daily":false,"chose_seed":false,"campfire_upgraded":3,"win_rate":0,"timestamp":1549360702,"path_taken":["M","$","?","M","?","R","?","E","T","R","M","M","E","M","R","BOSS"],"build_version":"2019-01-23","purchased_purges":1,"victory":false,"max_hp_per_floor":[66,66,66,66,66,66,66,66,73,73,73,73,73,73,73,73],"card_choices":[{"not_picked":["Bullet Time","Night Terror"],"picked":"A Thousand Cuts","floor":0},{"not_picked":["Sucker Punch","Blur"],"picked":"Escape Plan","floor":1},{"not_picked":["Dagger Throw","Underhanded Strike"],"picked":"Cloak And Dagger","floor":4},{"not_picked":["Flying Knee","Blur"],"picked":"Dash","floor":7},{"not_picked":["Deflect","Grand Finale"],"picked":"Noxious Fumes","floor":8},{"not_picked":["Deflect","Sucker Punch"],"picked":"Terror","floor":11},{"not_picked":["Underhanded Strike","Poisoned Stab","Dagger Throw"],"picked":"SKIP","floor":12},{"not_picked":["Malaise","Dagger Throw"],"picked":"Escape Plan","floor":13},{"not_picked":["Underhanded Strike","Poisoned Stab","Flying Knee"],"picked":"SKIP","floor":14}],"player_experience":985796,"relics_obtained":[{"floor":8,"key":"Bag of Marbles"},{"floor":9,"key":"Strawberry"},{"floor":13,"key":"Blood Vial"}],"event_choices":[{"damage_healed":0,"gold_gain":0,"player_choice":"Leave","damage_taken":0,"max_hp_gain":0,"max_hp_loss":0,"event_name":"The Cleric","floor":3,"gold_loss":0},{"damage_healed":0,"gold_gain":0,"player_choice":"Upgraded","damage_taken":0,"max_hp_gain":0,"max_hp_loss":0,"event_name":"Upgrade Shrine","floor":5,"gold_loss":0,"cards_upgraded":["A Thousand Cuts"]}],"is_beta":false,"boss_relics":[],"items_purged_floors":[2],"is_endless":false,"potions_floor_spawned":[1,7,8],"killed_by":"Slime Boss","ascension_level":20}