{"gold_per_floor":[114,114,10,22,40,40,85,119,119,133,133,208,2,18,18,90,90,102,116,134,134,134],"floor_reached":22,"playtime":816,"items_purged":["Strike_R","Strike_R"],"score":363,"play_id":"e14c78df-13f5-4c24-8177-3fee26380003","local_time":"20190124120430","is_ascension_mode":true,"campfire_choices":[{"data":"Cleave","floor":6.0,"key":"SMITH"},{"data":"Disarm","floor":11.0,"key":"SMITH"},{"data":"Flex","floor":15.0,"key":"SMITH"}],"neow_cost":"NONE","seed_source_timestamp":1270277449965394,"circlet_count":0,"master_deck":["AscendersBane","Strike_R","Strike_R","Strike_R","Defend_R","Defend_R","Defend_R","Bash","Disarm","Cleave+1","Sword Boomerang","Metallicize","Reckless Charge","Disarm+1","Feed","Flex+1","Demon Form","Wild Strike","Pummel","Disarm+1"],"special_seed":0,"relics":["Burning Blood","Omamori","Nunchaku","The Courier","Cursed Key"],"potions_floor_usage":[19],"damage_taken":[{"damage":15.0,"enemies":"Small Slimes","floor":1.0,"turns":4.0},{"damage":7.0,"enemies":"Jaw Worm","floor":4.0,"turns":3.0},{"damage":10.0,"enemies":"2 Louse","floor":5.0,"turns":3.0},{"damage":26.0,"enemies":"Gremlin Nob","floor":8.0,"turns":4.0},{"damage":14.0,"enemies":"Red Slaver","floor":10.0,"turns":3.0},{"damage":4.0,"enemies":"Gremlin Gang","floor":14.0,"turns":3.0},{"damage":10.0,"enemies":"The Guardian","floor":16.0,"turns":13.0},{"damage":6,"enemies":"Chosen","floor":18,"turns":6},{"damage":25,"enemies":"Spheric Guardian","floor":19,"turns":4},{"damage":42,"enemies":"3 Cultists","floor":20,"turns":6},{"damage":35,"enemies":"Shelled Parasite and Fungi","floor":22,"turns":5}],"seed_played":"5594901041069068765","potions_obtained":[{"floor":8.0,"key":"FairyPotion"},{"floor":10.0,"key":"BloodPotion"},{"floor":14.0,"key":"SteroidPotion"},{"floor":20,"key":"Poison Potion"}],"is_trial":false,"path_per_floor":["M","?","$","M","M","R","T","E","T","M","R","?","$","M","R","B",null,"M","M","M","?","M"],"character_chosen":"IRONCLAD","items_purchased":["Cleave","Feed"],"campfire_rested":0,"item_purchase_floors":[3,13],"current_hp_per_floor":[59,64,64,63,59,59,59,39,39,31,31,20,20,33,33,29,70,70,51,15,15,0],"gold":134,"neow_bonus":"REMOVE_CARD","is_prod":false,"is_daily":false,"chose_seed":false,"campfire_upgraded":3,"win_rate":0,"timestamp":1548327870,"path_taken":["M","?","$","M","M","R","?","E","T","M","R","?","?","M","R","BOSS","M","M","M","?","M"],"build_version":"2019-01-23","purchased_purges":2,"victory":false,"max_hp_per_floor":[75,80,80,80,80,80,80,80,80,80,80,80,80,83,83,83,83,83,83,83,83,86],"card_choices":[{"not_picked":["Heavy Blade","Iron Wave"],"picked":"Disarm","floor":1.0},{"not_picked":["Headbutt","Clash"],"picked":"Sword Boomerang","floor":4.0},{"not_picked":["Sword Boomerang","Hemokinesis"],"picked":"Metallicize","floor":5.0},{"not_picked":["Clash","Flex"],"picked":"Reckless Charge","floor":8.0},{"not_picked":["Iron Wave","Brutality"],"picked":"Disarm","floor":10.0},{"not_picked":["Heavy Blade","Cleave"],"picked":"Flex","floor":14.0},{"not_picked":["Bludgeon","Berserk"],"picked":"Demon Form","floor":16.0},{"not_picked":["Sever Soul+1","Warcry"],"picked":"Wild Strike","floor":18},{"not_picked":["Warcry","Metallicize"],"picked":"Pummel","floor":19},{"not_picked":["Heavy Blade","Iron Wave","Bloodletting"],"picked":"SKIP","floor":20}],"player_experience":930756,"relics_obtained":[{"floor":7.0,"key":"Omamori"},{"floor":8.0,"key":"Nunchaku"},{"floor":9.0,"key":"The Courier"}],"event_choices":[{"damage_healed":0.0,"max_hp_gain":5.0,"max_hp_loss":0.0,"gold_gain":0.0,"event_name":"Big Fish","player_choice":"Donut","floor":2.0,"gold_loss":0.0,"damage_taken":0.0},{"damage_healed":0.0,"max_hp_gain":0.0,"max_hp_loss":0.0,"gold_gain":75.0,"event_name":"World of Goop","player_choice":"Gather Gold","floor":12.0,"gold_loss":0.0,"damage_taken":11.0},{"damage_healed":0,"gold_gain":0,"player_choice":"Copied","damage_taken":0,"max_hp_gain":0,"max_hp_loss":0,"event_name":"Duplicator","floor":21,"gold_loss":0,"cards_obtained":["Disarm"]}],"is_beta":false,"boss_relics":[{"not_picked":["Runic Cube","Velvet Choker"],"picked":"Cursed Key"}],"items_purged_floors":[3,13],"is_endless":false,"potions_floor_spawned":[8,10,14,18,20],"killed_by":"Shelled Parasite and Fungi","ascension_level":19}