{"gold_per_floor":[118,118,130,130,95,95,123,133,212,11,25,59,59,59,59,160,160,174,185,185],"floor_reached":20,"playtime":1119,"items_purged":[],"score":218,"play_id":"2a7badfa-ddd2-432b-ab9c-394c7cf0c053","local_time":"20190303120108","is_ascension_mode":true,"campfire_choices":[{"floor":6,"key":"REST"},{"floor":15,"key":"REST"}],"neow_cost":"PERCENT_DAMAGE","seed_source_timestamp":135054050055822,"circlet_count":0,"master_deck":["Strike_B","Strike_B","Strike_B","Strike_B","Defend_B","Defend_B","Defend_B","Defend_B","Dualcast","Gash","Sweeping Beam","Auto Shields","Self Repair","Core Surge","Melter","hubris:DuctTapeCard","Thunder Strike","Sweeping Beam"],"relics":["Cracked Core","hubris:64BitClover","Happy Flower","Sundial","Mummified Hand","Omamori","hubris:DuctTape","Black Star","Symbiotic Virus"],"potions_floor_usage":[16,20],"damage_taken":[{"damage":8,"enemies":"Jaw Worm","floor":1,"turns":4},{"damage":8,"enemies":"Small Slimes","floor":3,"turns":3},{"damage":35,"enemies":"3 Sentries","floor":7,"turns":6},{"damage":4,"enemies":"2 Louse","floor":8,"turns":2},{"damage":7,"enemies":"Large Slime","floor":11,"turns":4},{"damage":24,"enemies":"Lagavulin","floor":12,"turns":6},{"damage":15,"enemies":"Slime Boss","floor":16,"turns":8},{"damage":23,"enemies":"Shell Parasite","floor":18,"turns":4},{"damage":53,"enemies":"theJungle:MUSHROOMGANG","floor":19,"turns":6},{"damage":13,"enemies":"theJungle:JungleHuntersEncounter","floor":20,"turns":2}],"seed_played":"8856167776908831570","potions_obtained":[{"floor":3,"key":"Explosive Potion"},{"floor":7,"key":"AttackPotion"},{"floor":11,"key":"Ancient Potion"},{"floor":18,"key":"Energy Potion"}],"is_trial":false,"path_per_floor":["M","?","M","?","?","R","E","M","T","$","M","E","?","T","R","B",null,"M","M","M"],"character_chosen":"DEFECT","items_purchased":["Self Repair","Core Surge"],"campfire_rested":2,"item_purchase_floors":[10,10],"current_hp_per_floor":[46,39,31,31,49,71,36,32,32,32,32,15,15,15,37,29,75,59,13,0],"gold":185,"neow_bonus":"ONE_RARE_RELIC","is_prod":false,"is_daily":false,"chose_seed":false,"campfire_upgraded":0,"win_rate":0,"timestamp":1551574868,"path_taken":["M","?","M","?","?","R","E","M","T","$","M","E","?","?","R","BOSS","M","?","M"],"build_version":"2019-01-23","purchased_purges":0,"victory":false,"max_hp_per_floor":[75,75,75,75,75,75,75,75,75,75,75,75,75,75,75,75,75,75,75,75],"card_choices":[{"not_picked":["Aggregate","Hologram"],"picked":"Gash","floor":1},{"not_picked":["Chaos","Skim"],"picked":"Sweeping Beam","floor":3},{"not_picked":["Rip and Tear","Go for the Eyes"],"picked":"Auto Shields","floor":7},{"not_picked":["Coolheaded","Hologram"],"picked":"Ball Lightning","floor":8},{"not_picked":["Compile Driver","Barrage","Redo"],"picked":"SKIP","floor":11},{"not_picked":["Turbo","Capacitor"],"picked":"Melter","floor":12},{"not_picked":["hubris:SpecializedCircuitry","Hyperbeam"],"picked":"Thunder Strike","floor":16},{"not_picked":["Gash","Hologram","Leap+1"],"picked":"SKIP","floor":18},{"not_picked":["Streamline","Go for the Eyes"],"picked":"Sweeping Beam","floor":19}],"player_experience":211123,"relics_obtained":[{"floor":7,"key":"Sundial"},{"floor":9,"key":"Mummified Hand"},{"floor":12,"key":"Omamori"},{"floor":14,"key":"hubris:DuctTape"},{"floor":19,"key":"Symbiotic Virus"}],"event_choices":[{"damage_healed":0,"gold_gain":0,"player_choice":"Success","damage_taken":7,"relics_obtained":["Happy Flower"],"max_hp_gain":0,"max_hp_loss":0,"event_name":"Scrap Ooze","floor":2,"gold_loss":0},{"damage_healed":0,"gold_gain":0,"player_choice":"Ignored","damage_taken":0,"max_hp_gain":0,"max_hp_loss":0,"event_name":"Golden Wing","floor":4,"gold_loss":0},{"damage_healed":18,"gold_gain":0,"player_choice":"Healed","damage_taken":0,"max_hp_gain":0,"max_hp_loss":0,"event_name":"The Cleric","floor":5,"gold_loss":35},{"damage_healed":0,"gold_gain":0,"player_choice":"Searched \u00271\u0027 times","damage_taken":0,"max_hp_gain":0,"max_hp_loss":0,"event_name":"Dead Adventurer","floor":13,"gold_loss":0}],"is_beta":false,"boss_relics":[{"not_picked":["hubris:Stopwatch","Philosopher\u0027s Stone"],"picked":"Black Star"}],"items_purged_floors":[],"is_endless":false,"potions_floor_spawned":[3,7,11,12,18,19],"killed_by":"theJungle:JungleHuntersEncounter","ascension_level":4}