{"gold_per_floor":[366,31,31,31,46,77,77,107,107,140,152,164,176,215,227,341,353,381,409,24,37,37,62,62,88,88,122,140,140,19,33,33,130,130,146,162,217,217,617,648,648,648,648,658,658,34,61,72,72,72],"floor_reached":50,"playtime":4923,"items_purged":["Injury","Strike_B","Writhe"],"score":875,"play_id":"23aeba00-407f-460b-8b9b-a36e39b4a694","local_time":"20190221232730","is_ascension_mode":true,"campfire_choices":[{"floor":7.0,"key":"REST"},{"floor":11.0,"key":"REST"},{"data":"Auto Shields","floor":13.0,"key":"SMITH"},{"data":"Zap","floor":15.0,"key":"SMITH"},{"floor":24.0,"key":"REST"},{"floor":32.0,"key":"REST"},{"floor":41.0,"key":"REST"},{"floor":45.0,"key":"RECALL"},{"floor":49.0,"key":"REST"}],"neow_cost":"CURSE","seed_source_timestamp":0,"circlet_count":0,"master_deck":["Strike_B","Strike_B+1","Defend_B","Defend_B+1","Defend_B","Defend_B+1","Zap+1","Dualcast+1","Auto Shields+1","Doom and Gloom+1","Creative AI","Coolheaded","Go for the Eyes+1","Core Surge+1","Biased Cognition","FTL+1","Loop","Capacitor","Ball Lightning+1","FTL+1","Go for the Eyes+1","Storm+1","Static Discharge","Defragment","Loop","Electrodynamics","Multi-Cast","White Noise","Thunder Strike+1"],"special_seed":0,"relics":["Cracked Core","Matryoshka","Juzu Bracelet","Ancient Tea Set","War Paint","Sundial","Molten Egg 2","Symbiotic Virus","MawBank","Lantern","Lizard Tail","Cables","Pen Nib","Letter Opener","Singing Bowl","Mercury Hourglass","MutagenicStrength","Nuclear Battery","Emotion Chip","Old Coin","Oddly Smooth Stone","Pantograph","Orichalcum","Whetstone"],"potions_floor_usage":[50],"damage_taken":[{"damage":1.0,"enemies":"Cultist","floor":1.0,"turns":3.0},{"damage":3.0,"enemies":"Jaw Worm","floor":5.0,"turns":3.0},{"damage":49.0,"enemies":"3 Sentries","floor":6.0,"turns":8.0},{"damage":0.0,"enemies":"Gremlin Nob","floor":8.0,"turns":3.0},{"damage":10.0,"enemies":"3 Sentries","floor":10.0,"turns":6.0},{"damage":7.0,"enemies":"Lagavulin","floor":14.0,"turns":5.0},{"damage":13.0,"enemies":"Hexaghost","floor":16.0,"turns":8.0},{"damage":0.0,"enemies":"Chosen","floor":18.0,"turns":4.0},{"damage":0.0,"enemies":"Spheric Guardian","floor":19.0,"turns":3.0},{"damage":27.0,"enemies":"3 Cultists","floor":21.0,"turns":6.0},{"damage":26.0,"enemies":"Book of Stabbing","floor":23.0,"turns":6.0},{"damage":21.0,"enemies":"Slavers","floor":25.0,"turns":4.0},{"damage":7.0,"enemies":"Gremlin Leader","floor":27.0,"turns":6.0},{"damage":2.0,"enemies":"Snake Plant","floor":28.0,"turns":4.0},{"damage":12.0,"enemies":"Cultist and Chosen","floor":31.0,"turns":3.0},{"damage":38.0,"enemies":"Collector","floor":33.0,"turns":6.0},{"damage":0.0,"enemies":"3 Shapes","floor":35.0,"turns":3.0},{"damage":16.0,"enemies":"Orb Walker","floor":36.0,"turns":2.0},{"damage":24.0,"enemies":"2 Orb Walkers","floor":37.0,"turns":3.0},{"damage":4.0,"enemies":"Mind Bloom Boss Battle","floor":39.0,"turns":4.0},{"damage":19.0,"enemies":"Reptomancer","floor":40.0,"turns":4.0},{"damage":0.0,"enemies":"3 Darklings","floor":44.0,"turns":2.0},{"damage":26.0,"enemies":"Giant Head","floor":47.0,"turns":6.0},{"damage":7.0,"enemies":"Transient","floor":48.0,"turns":5.0},{"damage":80,"enemies":"Awakened One","floor":50,"turns":4}],"seed_played":"8509990465129288282","potions_obtained":[{"floor":6.0,"key":"SkillPotion"},{"floor":14.0,"key":"Poison Potion"},{"floor":18.0,"key":"Energy Potion"},{"floor":19.0,"key":"Energy Potion"},{"floor":23.0,"key":"Poison Potion"},{"floor":33.0,"key":"Strength Potion"},{"floor":37.0,"key":"Poison Potion"},{"floor":39.0,"key":"SkillPotion"},{"floor":44.0,"key":"Poison Potion"}],"is_trial":false,"path_per_floor":["M","$","T","?","M","E","R","E","T","E","R","?","R","E","R","B",null,"M","M","$","M","$","E","R","E","T","E","M","?","$","M","R","B",null,"M","M","?","?","?","E","R","?","T","M","R","$","E","M","R","B"],"character_chosen":"DEFECT","items_purchased":["Matryoshka","Cables","Capacitor","Defragment","Strength Potion","Energy Potion","Block Potion","Pantograph","Orichalcum"],"campfire_rested":6,"item_purchase_floors":[2,20,20,30,30,46,46,46,46],"current_hp_per_floor":[67,67,67,60,57,8,30,30,30,20,42,42,42,35,35,22,62,62,62,62,35,35,9,31,10,10,3,1,1,1,31,53,15,60,62,46,24,26,24,7,32,53,53,53,53,53,27,22,48,0],"gold":72,"neow_bonus":"TWO_FIFTY_GOLD","is_prod":false,"is_daily":false,"chose_seed":false,"campfire_upgraded":2,"win_rate":0,"timestamp":1550809650,"path_taken":["M","$","?","?","M","E","R","E","T","E","R","?","R","E","R","BOSS","M","M","$","M","?","E","R","E","T","E","M","?","?","M","R","BOSS","M","M","?","?","?","E","R","?","T","M","R","$","E","M","R","BOSS"],"build_version":"2019-01-23","purchased_purges":3,"victory":false,"max_hp_per_floor":[75,75,75,75,75,75,75,75,75,75,75,75,75,75,75,75,75,75,75,75,75,75,75,75,75,75,75,75,75,75,75,75,75,75,77,77,79,81,83,85,85,85,85,85,85,85,85,87,87,87],"card_choices":[{"not_picked":["Lockon","Barrage"],"picked":"Auto Shields","floor":1.0},{"not_picked":["Undo","Coolheaded"],"picked":"Doom and Gloom","floor":5.0},{"not_picked":["Go for the Eyes","Heatsinks"],"picked":"Creative AI","floor":6.0},{"not_picked":["Rip and Tear","Double Energy"],"picked":"Coolheaded","floor":8.0},{"not_picked":["Cold Snap+1","Compile Driver+1"],"picked":"Go for the Eyes+1","floor":10.0},{"not_picked":["Rebound+1","Lockon+1"],"picked":"Core Surge+1","floor":14.0},{"not_picked":["Rainbow","Creative AI"],"picked":"Biased Cognition","floor":16.0},{"not_picked":["Conserve Battery","Darkness"],"picked":"FTL+1","floor":18.0},{"not_picked":["Conserve Battery","Go for the Eyes+1"],"picked":"Loop","floor":19.0},{"not_picked":["BootSequence","Redo+1"],"picked":"Ball Lightning+1","floor":21.0},{"not_picked":["Stack+1","Gash+1"],"picked":"FTL+1","floor":23.0},{"not_picked":["Defragment","Rebound+1"],"picked":"Go for the Eyes+1","floor":25.0},{"not_picked":["Go for the Eyes+1","Rebound+1"],"picked":"Storm+1","floor":27.0},{"not_picked":["Force Field","Hologram"],"picked":"Static Discharge","floor":28.0},{"not_picked":["Streamline+1","Coolheaded"],"picked":"Loop","floor":31.0},{"not_picked":["Core Surge+1","Meteor Strike+1"],"picked":"Electrodynamics","floor":33.0},{"not_picked":["Sweeping Beam+1","Conserve Battery+1","Barrage+1"],"picked":"Singing Bowl","floor":35.0},{"not_picked":["Steam+1","Sweeping Beam+1"],"picked":"Multi-Cast","floor":36.0},{"not_picked":["Auto Shields+1","Stack","Streamline+1"],"picked":"Singing Bowl","floor":37.0},{"not_picked":["Enlightenment","Panache","Master of Strategy"],"picked":"Singing Bowl","floor":38.0},{"not_picked":["Streamline+1","Steam","Darkness+1"],"picked":"Singing Bowl","floor":39.0},{"not_picked":["Self Repair","Reboot","Conserve Battery+1"],"picked":"Singing Bowl","floor":40.0},{"not_picked":["Gash+1","Go for the Eyes+1"],"picked":"White Noise","floor":44.0},{"not_picked":["Turbo","Go for the Eyes+1"],"picked":"Thunder Strike+1","floor":47.0},{"not_picked":["Cold Snap+1","Steam+1","Go for the Eyes+1"],"picked":"Singing Bowl","floor":48.0}],"player_experience":542613,"relics_obtained":[{"floor":3.0,"key":"Juzu Bracelet"},{"floor":3.0,"key":"Ancient Tea Set"},{"floor":6.0,"key":"War Paint"},{"floor":8.0,"key":"Sundial"},{"floor":9.0,"key":"Molten Egg 2"},{"floor":9.0,"key":"Symbiotic Virus"},{"floor":10.0,"key":"MawBank"},{"floor":14.0,"key":"Lantern"},{"floor":23.0,"key":"Pen Nib"},{"floor":25.0,"key":"Letter Opener"},{"floor":26.0,"key":"Singing Bowl"},{"floor":27.0,"key":"Mercury Hourglass"},{"floor":37.0,"key":"Emotion Chip"},{"floor":39.0,"key":"Old Coin"},{"floor":40.0,"key":"Oddly Smooth Stone"},{"floor":47.0,"key":"Whetstone"}],"event_choices":[{"cards_removed":["Strike_B"],"damage_healed":0.0,"max_hp_gain":0.0,"max_hp_loss":0.0,"gold_gain":0.0,"event_name":"Golden Wing","player_choice":"Card Removal","floor":4.0,"gold_loss":0.0,"damage_taken":7.0},{"damage_healed":0.0,"max_hp_gain":0.0,"max_hp_loss":0.0,"gold_gain":0.0,"event_name":"Upgrade Shrine","player_choice":"Upgraded","floor":12.0,"gold_loss":0.0,"damage_taken":0.0,"cards_upgraded":["Dualcast"]},{"damage_healed":0.0,"max_hp_gain":0.0,"max_hp_loss":0.0,"gold_gain":0.0,"event_name":"Drug Dealer","player_choice":"Inject Mutagens","floor":29.0,"gold_loss":0.0,"damage_taken":0.0,"relics_obtained":["MutagenicStrength"]},{"damage_healed":0.0,"max_hp_gain":0.0,"max_hp_loss":0.0,"gold_gain":0.0,"event_name":"Mysterious Sphere","player_choice":"Fight","floor":37.0,"gold_loss":0.0,"damage_taken":0.0},{"damage_healed":0.0,"max_hp_gain":0.0,"max_hp_loss":0.0,"gold_gain":0.0,"event_name":"SensoryStone","player_choice":"Memory 1","floor":38.0,"gold_loss":0.0,"damage_taken":0.0},{"damage_healed":0.0,"max_hp_gain":0.0,"max_hp_loss":0.0,"gold_gain":0.0,"event_name":"MindBloom","player_choice":"Fight","floor":39.0,"gold_loss":0.0,"damage_taken":0.0},{"damage_healed":21.0,"max_hp_gain":0.0,"max_hp_loss":0.0,"gold_gain":0.0,"event_name":"Winding Halls","player_choice":"Writhe","floor":42.0,"gold_loss":0.0,"damage_taken":0.0,"cards_obtained":["Writhe"]}],"is_beta":false,"boss_relics":[{"not_picked":["Tiny House","Orrery"],"picked":"Lizard Tail"},{"not_picked":["Philosopher\u0027s Stone","Black Star"],"picked":"Nuclear Battery"}],"items_purged_floors":[2,20,46],"is_endless":false,"potions_floor_spawned":[6,14,18,19,23,33,37,39,44],"killed_by":"Awakened One","ascension_level":8}