{"gold_per_floor":[369,369,381,381,19,19,35,35,83,113,125,154,172,192,192,311,311,311,311,266,266,266,266,266,266,266,266,21,21,21,21,21,21,21,21,21,21,21,21,21,21,21,21,21,21,21,21,21,21,21,21,21,21,21,21],"floor_reached":55,"playtime":2087,"items_purged":["Strike_R"],"score":1151,"play_id":"8ed828c5-15a1-4186-bdf5-c398f12ed22b","local_time":"20190209145516","is_ascension_mode":true,"campfire_choices":[{"data":"Carnage","floor":6.0,"key":"SMITH"},{"data":"Wild Strike","floor":8.0,"key":"SMITH"},{"data":"Uppercut","floor":15.0,"key":"SMITH"},{"data":"Bludgeon","floor":24.0,"key":"SMITH"},{"data":"Rage","floor":30.0,"key":"SMITH"},{"floor":32.0,"key":"REST"},{"data":"Evolve","floor":40.0,"key":"SMITH"},{"floor":42.0,"key":"REST"},{"floor":46.0,"key":"RECALL"},{"data":"Flame Barrier","floor":49.0,"key":"SMITH"},{"data":"Second Wind","floor":52.0,"key":"SMITH"}],"neow_cost":"PERCENT_DAMAGE","seed_source_timestamp":0,"circlet_count":0,"master_deck":["AscendersBane","Strike_R","Strike_R","Strike_R","Strike_R","Defend_R","Defend_R","Defend_R","Bash","Second Wind+1","Wild Strike+1","Carnage+1","Thunderclap","Flame Barrier+1","Uppercut+1","Bludgeon+1","Warcry","Rage+1","Pommel Strike+1","Shrug It Off+1","True Grit+1","Immolate","Shrug It Off+1","Double Tap+1","Evolve+1","Headbutt+1","Battle Trance","Wild Strike+1"],"special_seed":0,"relics":["Burning Blood","Bronze Scales","Toolbox","Potion Belt","Letter Opener","Shuriken","Ectoplasm","Vajra","Sundial","Regal Pillow","Red Mask","Bag of Marbles","Ice Cream","Mark of Pain","Old Coin","Ancient Tea Set","Torii"],"potions_floor_usage":[55,55],"damage_taken":[{"damage":1.0,"enemies":"2 Louse","floor":1.0,"turns":2.0},{"damage":12.0,"enemies":"Small Slimes","floor":3.0,"turns":4.0},{"damage":0.0,"enemies":"Jaw Worm","floor":7.0,"turns":2.0},{"damage":20.0,"enemies":"Lagavulin","floor":10.0,"turns":4.0},{"damage":9.0,"enemies":"Red Slaver","floor":11.0,"turns":3.0},{"damage":1.0,"enemies":"3 Sentries","floor":12.0,"turns":5.0},{"damage":3.0,"enemies":"Blue Slaver","floor":13.0,"turns":2.0},{"damage":0.0,"enemies":"Exordium Thugs","floor":14.0,"turns":3.0},{"damage":0.0,"enemies":"Slime Boss","floor":16.0,"turns":7.0},{"damage":3.0,"enemies":"Spheric Guardian","floor":18.0,"turns":3.0},{"damage":6.0,"enemies":"2 Thieves","floor":20.0,"turns":3.0},{"damage":8.0,"enemies":"Snecko","floor":21.0,"turns":3.0},{"damage":7.0,"enemies":"Chosen and Byrds","floor":22.0,"turns":4.0},{"damage":14.0,"enemies":"Book of Stabbing","floor":23.0,"turns":4.0},{"damage":33.0,"enemies":"Gremlin Leader","floor":25.0,"turns":4.0},{"damage":7.0,"enemies":"Masked Bandits","floor":27.0,"turns":3.0},{"damage":4.0,"enemies":"Cultist and Chosen","floor":29.0,"turns":4.0},{"damage":17.0,"enemies":"Book of Stabbing","floor":31.0,"turns":3.0},{"damage":30.0,"enemies":"Collector","floor":33.0,"turns":7.0},{"damage":0.0,"enemies":"3 Darklings","floor":35.0,"turns":2.0},{"damage":4.0,"enemies":"Orb Walker","floor":36.0,"turns":3.0},{"damage":19.0,"enemies":"2 Orb Walkers","floor":39.0,"turns":3.0},{"damage":46.0,"enemies":"Nemesis","floor":41.0,"turns":5.0},{"damage":20.0,"enemies":"Maw","floor":44.0,"turns":6.0},{"damage":0.0,"enemies":"Writhing Mass","floor":47.0,"turns":2.0},{"damage":3.0,"enemies":"Sphere and 2 Shapes","floor":48.0,"turns":3.0},{"damage":25.0,"enemies":"Donu and Deca","floor":50.0,"turns":6.0},{"damage":45.0,"enemies":"Shield and Spear","floor":54.0,"turns":5.0},{"damage":47,"enemies":"The Heart","floor":55,"turns":5}],"seed_played":"8640565393143291740","potions_obtained":[{"floor":1.0,"key":"SkillPotion"},{"floor":11.0,"key":"SpeedPotion"},{"floor":12.0,"key":"GamblersBrew"},{"floor":13.0,"key":"PowerPotion"},{"floor":18.0,"key":"AttackPotion"},{"floor":21.0,"key":"EssenceOfSteel"},{"floor":27.0,"key":"Dexterity Potion"},{"floor":31.0,"key":"Regen Potion"},{"floor":35.0,"key":"Dexterity Potion"},{"floor":39.0,"key":"Dexterity Potion"},{"floor":47.0,"key":"Fire Potion"},{"floor":54.0,"key":"Swift Potion"}],"is_trial":false,"path_per_floor":["M","?","M","?","$","R","M","R","T","E","M","E","M","M","R","B",null,"M","?","M","M","M","E","R","E","T","?","$","M","R","E","R","B",null,"M","M","$","?","?","R","E","R","T","M","?","R","M","M","R","B",null,"R","$","E","B"],"character_chosen":"IRONCLAD","items_purchased":["Toolbox","Carnage","Bag of Marbles","EntropicBrew"],"campfire_rested":2,"item_purchase_floors":[5,5,28,28],"current_hp_per_floor":[56,49,43,31,31,31,37,37,37,23,20,25,28,34,34,40,70,73,73,73,71,70,62,62,35,35,34,34,36,36,33,72,48,72,78,80,80,76,63,63,37,74,74,60,60,60,66,69,69,50,70,70,70,31,0],"gold":21,"neow_bonus":"TWO_FIFTY_GOLD","is_prod":false,"is_daily":false,"chose_seed":false,"campfire_upgraded":8,"win_rate":0,"timestamp":1549720516,"path_taken":["M","?","M","?","$","R","M","R","T","E","M","E","M","M","R","BOSS","M","?","M","M","?","E","R","E","T","?","?","M","R","E","R","BOSS","M","M","$","?","?","R","E","R","T","M","?","R","M","?","R","BOSS","R","$","E","BOSS"],"build_version":"2019-01-23","purchased_purges":1,"victory":false,"max_hp_per_floor":[80,80,80,80,80,80,80,80,80,80,80,80,80,80,80,80,80,80,80,80,80,80,80,80,80,80,80,80,80,80,80,80,80,80,80,80,80,76,76,76,76,76,76,76,76,76,76,76,76,76,76,76,76,76,76],"card_choices":[{"not_picked":["Warcry","Dual Wield"],"picked":"Second Wind","floor":1.0},{"not_picked":["Perfected Strike","Heavy Blade"],"picked":"Wild Strike","floor":3.0},{"not_picked":["Twin Strike","Havoc"],"picked":"Thunderclap","floor":7.0},{"not_picked":["Dark Embrace","Rampage"],"picked":"Flame Barrier","floor":10.0},{"not_picked":["Sword Boomerang","Cleave","Whirlwind"],"picked":"SKIP","floor":11.0},{"not_picked":["Flex","Headbutt"],"picked":"Uppercut","floor":12.0},{"not_picked":["Pommel Strike","Flex","Intimidate"],"picked":"SKIP","floor":13.0},{"not_picked":["Cleave","Shrug It Off","Dual Wield"],"picked":"SKIP","floor":14.0},{"not_picked":["Fiend Fire","Berserk"],"picked":"Bludgeon","floor":16.0},{"not_picked":["Feel No Pain","Sentinel"],"picked":"Warcry","floor":18.0},{"not_picked":["Sword Boomerang","Perfected Strike+1","Heavy Blade"],"picked":"SKIP","floor":20.0},{"not_picked":["Havoc","Perfected Strike"],"picked":"Rage","floor":21.0},{"not_picked":["Clothesline","Pommel Strike","Shrug It Off"],"picked":"SKIP","floor":22.0},{"not_picked":["Fiend Fire","Shrug It Off"],"picked":"Pommel Strike+1","floor":23.0},{"not_picked":["Heavy Blade+1","Berserk"],"picked":"Shrug It Off+1","floor":25.0},{"not_picked":["Anger","Headbutt"],"picked":"True Grit+1","floor":29.0},{"not_picked":["Infernal Blade","Flame Barrier+1","Burning Pact"],"picked":"SKIP","floor":31.0},{"not_picked":["Demon Form","Impervious"],"picked":"Immolate","floor":33.0},{"not_picked":["Dropkick","Clash"],"picked":"Shrug It Off+1","floor":35.0},{"not_picked":["Clash+1","Cleave+1"],"picked":"Double Tap","floor":36.0},{"not_picked":["Seeing Red+1","Ghostly Armor"],"picked":"Evolve","floor":39.0},{"not_picked":["Iron Wave+1","Whirlwind+1"],"picked":"Headbutt+1","floor":41.0},{"not_picked":["Flex","True Grit+1"],"picked":"Battle Trance","floor":44.0},{"not_picked":["Sword Boomerang","Flex"],"picked":"Wild Strike+1","floor":47.0},{"not_picked":["Warcry","Heavy Blade","Headbutt"],"picked":"SKIP","floor":48.0},{"not_picked":["True Grit+1","Corruption","Cleave+1"],"picked":"SKIP","floor":54.0}],"player_experience":1007700,"relics_obtained":[{"floor":9.0,"key":"Potion Belt"},{"floor":10.0,"key":"Letter Opener"},{"floor":12.0,"key":"Shuriken"},{"floor":23.0,"key":"Vajra"},{"floor":25.0,"key":"Sundial"},{"floor":26.0,"key":"Regal Pillow"},{"floor":27.0,"key":"Red Mask"},{"floor":31.0,"key":"Ice Cream"},{"floor":39.0,"key":"Old Coin"},{"floor":41.0,"key":"Ancient Tea Set"},{"floor":54.0,"key":"Torii"}],"event_choices":[{"cards_removed":["Defend_R"],"damage_healed":0.0,"max_hp_gain":0.0,"max_hp_loss":0.0,"gold_gain":0.0,"event_name":"Golden Wing","player_choice":"Card Removal","floor":2.0,"gold_loss":0.0,"damage_taken":7.0},{"damage_healed":0.0,"max_hp_gain":0.0,"max_hp_loss":0.0,"gold_gain":0.0,"event_name":"Scrap Ooze","player_choice":"Success","floor":4.0,"gold_loss":0.0,"damage_taken":12.0,"relics_obtained":["Bronze Scales"]},{"damage_healed":0.0,"max_hp_gain":0.0,"max_hp_loss":0.0,"gold_gain":100.0,"event_name":"Golden Shrine","player_choice":"Pray","floor":19.0,"gold_loss":0.0,"damage_taken":0.0},{"damage_healed":0.0,"max_hp_gain":0.0,"max_hp_loss":0.0,"gold_gain":0.0,"event_name":"Masked Bandits","player_choice":"Fought Bandits","floor":27.0,"gold_loss":0.0,"damage_taken":0.0},{"damage_healed":0.0,"max_hp_gain":0.0,"max_hp_loss":4.0,"gold_gain":0.0,"event_name":"Winding Halls","player_choice":"Max HP","floor":38.0,"gold_loss":0.0,"damage_taken":0.0},{"damage_healed":0.0,"max_hp_gain":0.0,"max_hp_loss":0.0,"gold_gain":0.0,"event_name":"Mysterious Sphere","player_choice":"Fight","floor":39.0,"gold_loss":0.0,"damage_taken":0.0},{"damage_healed":0.0,"max_hp_gain":0.0,"max_hp_loss":0.0,"gold_gain":0.0,"event_name":"Accursed Blacksmith","player_choice":"Forge","floor":45.0,"gold_loss":0.0,"damage_taken":0.0,"cards_upgraded":["Double Tap"]}],"is_beta":false,"boss_relics":[{"not_picked":["Tiny House","Black Star"],"picked":"Ectoplasm"},{"not_picked":["Runic Dome","Pandora\u0027s Box"],"picked":"Mark of Pain"}],"items_purged_floors":[5],"is_endless":false,"potions_floor_spawned":[1,11,12,13,18,21,27,31,35,39,47,48,54],"killed_by":"The Heart","ascension_level":10}