{"gold_per_floor":[113,124,144,160,160,160,160,160,184,225,150,180,196,220,220,350,350,369,369,369,369,388,388,388,388],"floor_reached":25,"playtime":1471,"items_purged":["Injury"],"score":226,"play_id":"955dac91-897e-4af3-bd21-d528cf2cf05d","local_time":"20180716145608","is_ascension_mode":false,"campfire_choices":[{"data":"Zap","floor":6,"key":"SMITH"},{"data":"Redo","floor":8,"key":"SMITH"},{"data":"Ball Lightning","floor":15,"key":"SMITH"},{"data":"Redo","floor":23,"key":"SMITH"}],"neow_cost":"","seed_source_timestamp":157668754814762,"circlet_count":0,"master_deck":["Defend_B","Defend_B","Defend_B","Defend_B","Zap+1","Dualcast","Rebound","Go for the Eyes","Hologram","Redo+1","Doom and Gloom","Redo+1","Ball Lightning+1","Biased Cognition","Cold Snap","Bite","Bite","Bite","Bite","Bite","Streamline","Leap+1","Redo+1"],"relics":["Cracked Core","Golden Idol","Strawberry","Pen Nib","Black Star","Nilry\u0027s Codex"],"potions_floor_usage":[10,16],"damage_taken":[{"damage":2,"enemies":"2 Louse","floor":1,"turns":3},{"damage":1,"enemies":"Cultist","floor":2,"turns":3},{"damage":0,"enemies":"Small Slimes","floor":3,"turns":2},{"damage":11,"enemies":"Gremlin Gang","floor":4,"turns":6},{"damage":21,"enemies":"Lagavulin","floor":10,"turns":5},{"damage":0,"enemies":"Blue Slaver","floor":13,"turns":3},{"damage":0,"enemies":"2 Fungi Beasts","floor":14,"turns":2},{"damage":44,"enemies":"Hexaghost","floor":16,"turns":8},{"damage":24,"enemies":"2 Thieves","floor":18,"turns":4},{"damage":36,"enemies":"3 Byrds","floor":22,"turns":5},{"damage":20,"enemies":"Slaver and Parasite","floor":25,"turns":1}],"seed_played":"3039139962660728133","potions_obtained":[{"floor":1,"key":"LiquidBronze"},{"floor":4,"key":"AttackPotion"},{"floor":16,"key":"Ancient Potion"}],"is_trial":false,"path_per_floor":["M","M","M","M","?","R","?","R","T","E","$","?","M","M","R","B",null,"M","?","?","?","M","R","?"],"character_chosen":"DEFECT","items_purchased":[],"campfire_rested":0,"item_purchase_floors":[],"current_hp_per_floor":[73,72,72,61,61,61,66,66,73,52,52,52,52,52,52,8,87,63,60,60,44,14,14,14,0],"gold":388,"neow_bonus":"","is_prod":false,"is_daily":false,"chose_seed":false,"campfire_upgraded":4,"win_rate":0.0,"timestamp":1531767368,"path_taken":["M","M","M","M","?","R","?","R","T","E","?","?","M","?","R","BOSS","M","?","?","?","M","R","?","M"],"build_version":"2018-07-12","purchased_purges":1,"victory":false,"max_hp_per_floor":[75,75,75,75,75,75,80,80,87,87,87,87,87,87,87,87,87,87,60,60,60,60,60,60,60],"card_choices":[{"not_picked":["Steam","Cold Snap"],"picked":"Rebound","floor":1},{"not_picked":["Loop","Conserve Battery"],"picked":"Go for the Eyes","floor":2},{"not_picked":["Redo","Rainbow"],"picked":"Hologram","floor":3},{"not_picked":["Tempest","Conserve Battery"],"picked":"Redo","floor":4},{"not_picked":["Rebound","Double Energy"],"picked":"Doom and Gloom","floor":10},{"not_picked":["Beam Cell","Skim"],"picked":"Redo","floor":13},{"not_picked":["Auto Shields","Double Energy"],"picked":"Ball Lightning","floor":14},{"not_picked":["Reboot","Thunder Strike"],"picked":"Biased Cognition","floor":16},{"not_picked":["Aggregate","Coolheaded"],"picked":"Cold Snap","floor":18},{"not_picked":["Reprogram","Heatsinks"],"picked":"Leap+1","floor":22}],"player_experience":44978,"relics_obtained":[{"floor":9,"key":"Strawberry"},{"floor":10,"key":"Pen Nib"},{"floor":21,"key":"Nilry\u0027s Codex"}],"event_choices":[{"event_name":"Golden Idol","player_choice":"Take Wound","floor":5,"damage_taken":0},{"event_name":"Big Fish","player_choice":"Donut","floor":7,"damage_taken":0},{"event_name":"Dead Adventurer","player_choice":"Searched \u00271\u0027 times","floor":12,"damage_taken":0},{"event_name":"Vampires","player_choice":"Became a vampire","floor":19,"damage_taken":0},{"event_name":"The Library","player_choice":"Read","floor":20,"damage_taken":0},{"event_name":"Cursed Tome","player_choice":"Obtained Book","floor":21,"damage_taken":0},{"event_name":"Duplicator","player_choice":"One dupe","floor":24,"damage_taken":0}],"boss_relics":[{"not_picked":["White Beast Statue","FrozenCore"],"picked":"Black Star"}],"items_purged_floors":[11],"is_endless":false,"potions_floor_spawned":[1,4,16],"killed_by":"Slaver and Parasite","ascension_level":0}