{"gold_per_floor":[114,124,124,142,154,189,189,200,200,226,226,226,255,268,268,340,340,353,353,353,102,102,102,120,150,150,179,179,199,216,241,241,316,316,327,307,322,340,340,367,367,396,447,465,478,478,36,65,65,65,65,65,12,37,37],"floor_reached":56,"playtime":3155,"items_purged":["Strike_R","Parasite"],"score":2212,"play_id":"d0fdf03b-4195-4314-a33c-fac1a7b4f28b","local_time":"20181222121215","is_ascension_mode":true,"campfire_choices":[{"data":"Flex","floor":7.0,"key":"SMITH"},{"data":"Feed","floor":12.0,"key":"SMITH"},{"data":"Havoc","floor":15.0,"key":"SMITH"},{"data":"Havoc","floor":23.0,"key":"SMITH"},{"data":"Dark Embrace","floor":28.0,"key":"SMITH"},{"data":"Deep Breath","floor":32.0,"key":"SMITH"},{"floor":46.0,"key":"RECALL"},{"data":"Ghostly Armor","floor":49.0,"key":"SMITH"},{"data":"Exhume","floor":52.0,"key":"SMITH"}],"neow_cost":"NONE","seed_source_timestamp":0,"circlet_count":0,"master_deck":["AscendersBane","Defend_R","Defend_R","Defend_R","Defend_R","Bash","Deep Breath+1","Ghostly Armor+1","Headbutt","Thunderclap","Flex+1","Havoc+1","Feed+1","Havoc+1","Clothesline+1","Reaper+1","Iron Wave+1","Dramatic Entrance+1","Battle Trance","Bite+1","Bite+1","Bite+1","Bite+1","Bite+1","Metallicize","Metallicize","Dark Embrace+1","Exhume+1","True Grit+1","Carnage+1","Shrug It Off+1","Mind Blast+1","Dark Shackles","The Bomb","Offering","Bash+1","Pommel Strike+1","Body Slam+1"],"special_seed":0,"relics":["Burning Blood","Lantern","Pear","Letter Opener","Molten Egg 2","Mark of Pain","Enchiridion","Nunchaku","Torii","Bronze Scales","Thread and Needle","Cursed Key","Ginger","Blood Vial","StoneCalendar","Unceasing Top","Mercury Hourglass"],"potions_floor_usage":[55,55],"damage_taken":[{"damage":4.0,"enemies":"Small Slimes","floor":1.0,"turns":4.0},{"damage":4.0,"enemies":"Jaw Worm","floor":2.0,"turns":5.0},{"damage":3.0,"enemies":"2 Louse","floor":4.0,"turns":3.0},{"damage":7.0,"enemies":"Exordium Wildlife","floor":5.0,"turns":3.0},{"damage":30.0,"enemies":"Lagavulin","floor":6.0,"turns":7.0},{"damage":0.0,"enemies":"2 Fungi Beasts","floor":8.0,"turns":3.0},{"damage":15.0,"enemies":"3 Sentries","floor":10.0,"turns":8.0},{"damage":32.0,"enemies":"Gremlin Nob","floor":13.0,"turns":4.0},{"damage":16.0,"enemies":"Blue Slaver","floor":14.0,"turns":3.0},{"damage":36.0,"enemies":"Slime Boss","floor":16.0,"turns":8.0},{"damage":28.0,"enemies":"2 Thieves","floor":18.0,"turns":3.0},{"damage":9.0,"enemies":"Chosen","floor":24.0,"turns":5.0},{"damage":5.0,"enemies":"Gremlin Leader","floor":25.0,"turns":6.0},{"damage":8.0,"enemies":"Slavers","floor":27.0,"turns":5.0},{"damage":10.0,"enemies":"Centurion and Healer","floor":29.0,"turns":5.0},{"damage":10.0,"enemies":"Shelled Parasite and Fungi","floor":30.0,"turns":5.0},{"damage":24.0,"enemies":"Gremlin Leader","floor":31.0,"turns":5.0},{"damage":64.0,"enemies":"Collector","floor":33.0,"turns":9.0},{"damage":0.0,"enemies":"Orb Walker","floor":35.0,"turns":2.0},{"damage":27.0,"enemies":"3 Shapes","floor":37.0,"turns":4.0},{"damage":2.0,"enemies":"Transient","floor":38.0,"turns":6.0},{"damage":56.0,"enemies":"Giant Head","floor":40.0,"turns":8.0},{"damage":31.0,"enemies":"Reptomancer","floor":42.0,"turns":5.0},{"damage":56.0,"enemies":"Maw","floor":44.0,"turns":7.0},{"damage":1.0,"enemies":"Sphere and 2 Shapes","floor":45.0,"turns":5.0},{"damage":18.0,"enemies":"Giant Head","floor":48.0,"turns":5.0},{"damage":38.0,"enemies":"Time Eater","floor":50.0,"turns":8.0},{"damage":27.0,"enemies":"Shield and Spear","floor":54.0,"turns":4.0},{"damage":87,"enemies":"The Heart","floor":55,"turns":9}],"seed_played":"1293398769157475703","potions_obtained":[{"floor":1.0,"key":"Fire Potion"},{"floor":2.0,"key":"Regen Potion"},{"floor":5.0,"key":"Poison Potion"},{"floor":14.0,"key":"Energy Potion"},{"floor":18.0,"key":"SpeedPotion"},{"floor":25.0,"key":"Dexterity Potion"},{"floor":30.0,"key":"PowerPotion"},{"floor":35.0,"key":"Weak Potion"},{"floor":38.0,"key":"SkillPotion"},{"floor":44.0,"key":"GamblersBrew"},{"floor":54.0,"key":"Dexterity Potion"}],"is_trial":false,"path_per_floor":["M","M","?","M","M","E","R","M","T","E","?","R","E","M","R","B",null,"M","?","?","$","?","R","M","E","T","E","R","M","M","E","R","B",null,"M","?","M","M","?","E","?","E","T","M","M","R","$","E","R","B",null,"R","$","E","B",null],"character_chosen":"IRONCLAD","items_purchased":["Dramatic Entrance+1","Battle Trance","StoneCalendar","PowerPotion"],"campfire_rested":0,"item_purchase_floors":[21,21,47,53],"current_hp_per_floor":[70,72,72,75,74,50,50,56,66,57,85,85,59,49,49,19,69,51,30,48,48,48,48,60,62,62,66,66,70,74,71,71,55,69,74,74,63,74,64,36,36,36,36,24,43,43,43,60,60,51,69,69,69,76,24],"gold":37,"neow_bonus":"RANDOM_COLORLESS","is_prod":false,"is_daily":false,"chose_seed":false,"campfire_upgraded":8,"win_rate":0,"timestamp":1545477135,"path_taken":["M","M","?","M","M","E","R","M","T","E","?","R","E","M","R","BOSS","M","?","?","$","?","R","M","E","T","E","R","M","M","E","R","BOSS","M","?","?","M","?","E","?","E","T","M","?","R","?","E","R","BOSS","R","$","E","BOSS"],"build_version":"2018-12-20","purchased_purges":2,"victory":true,"max_hp_per_floor":[75,75,75,75,75,75,75,75,85,85,85,85,85,85,85,85,85,89,89,89,89,62,62,62,62,62,66,66,70,74,74,74,74,74,74,74,74,74,74,74,74,74,74,78,78,78,75,75,75,75,75,75,75,79,79],"card_choices":[{"not_picked":["Body Slam","Dropkick"],"picked":"Ghostly Armor","floor":1.0},{"not_picked":["Heavy Blade","Intimidate"],"picked":"Headbutt","floor":2.0},{"not_picked":["Sentinel","Perfected Strike"],"picked":"Thunderclap","floor":4.0},{"not_picked":["Thunderclap","Pommel Strike","Bloodletting"],"picked":"SKIP","floor":5.0},{"not_picked":["Warcry","Berserk"],"picked":"Flex","floor":6.0},{"not_picked":["Flex","Evolve"],"picked":"Havoc","floor":8.0},{"not_picked":["Dropkick","Metallicize"],"picked":"Feed","floor":10.0},{"not_picked":["Bloodletting","Shockwave"],"picked":"Havoc","floor":13.0},{"not_picked":["Corruption","Flex"],"picked":"Clothesline+1","floor":14.0},{"not_picked":["Barricade","Exhume"],"picked":"Reaper+1","floor":16.0},{"not_picked":["Reckless Charge+1","Second Wind"],"picked":"Iron Wave+1","floor":18.0},{"not_picked":["Anger+1","Perfected Strike+1"],"picked":"Metallicize","floor":24.0},{"not_picked":["Fire Breathing","Ghostly Armor"],"picked":"Metallicize","floor":25.0},{"not_picked":["Clash+1","Heavy Blade+1"],"picked":"Dark Embrace","floor":27.0},{"not_picked":["Clash+1","Havoc","Fire Breathing"],"picked":"SKIP","floor":29.0},{"not_picked":["Clothesline+1","Twin Strike+1","Headbutt+1"],"picked":"SKIP","floor":30.0},{"not_picked":["Seeing Red","Entrench","Warcry"],"picked":"SKIP","floor":31.0},{"not_picked":["Brutality","Offering"],"picked":"Exhume","floor":33.0},{"not_picked":["Anger+1","Pommel Strike+1"],"picked":"True Grit+1","floor":35.0},{"not_picked":["Clash+1","Dual Wield"],"picked":"Carnage+1","floor":37.0},{"not_picked":["Rage","Corruption+1"],"picked":"Shrug It Off+1","floor":38.0},{"not_picked":["Finesse","Jack Of All Trades"],"picked":"Mind Blast+1","floor":39.0},{"not_picked":["Sadistic Nature","Impatience"],"picked":"Dark Shackles","floor":39.0},{"not_picked":["Trip","Transmutation"],"picked":"The Bomb","floor":39.0},{"not_picked":["Clothesline+1","Armaments"],"picked":"Offering","floor":40.0},{"not_picked":["Wild Strike+1","Bloodletting"],"picked":"Pommel Strike+1","floor":42.0},{"not_picked":["Hemokinesis+1","Burning Pact","Power Through"],"picked":"SKIP","floor":44.0},{"not_picked":["Bloodletting+1","Clothesline+1","Heavy Blade+1"],"picked":"SKIP","floor":45.0},{"not_picked":["Twin Strike+1","Combust"],"picked":"Body Slam+1","floor":48.0},{"not_picked":["Cleave+1","Warcry","Heavy Blade+1"],"picked":"SKIP","floor":54.0}],"player_experience":906022,"relics_obtained":[{"floor":6.0,"key":"Lantern"},{"floor":9.0,"key":"Pear"},{"floor":10.0,"key":"Letter Opener"},{"floor":13.0,"key":"Molten Egg 2"},{"floor":19.0,"key":"Enchiridion"},{"floor":25.0,"key":"Nunchaku"},{"floor":26.0,"key":"Torii"},{"floor":27.0,"key":"Bronze Scales"},{"floor":31.0,"key":"Thread and Needle"},{"floor":40.0,"key":"Ginger"},{"floor":42.0,"key":"Blood Vial"},{"floor":48.0,"key":"Unceasing Top"},{"floor":54.0,"key":"Mercury Hourglass"}],"event_choices":[{"damage_healed":0.0,"max_hp_gain":0.0,"max_hp_loss":0.0,"gold_gain":0.0,"event_name":"Liars Game","player_choice":"Ignored","floor":3.0,"gold_loss":0.0,"damage_taken":0.0},{"damage_healed":28.0,"max_hp_gain":0.0,"max_hp_loss":0.0,"gold_gain":0.0,"event_name":"Big Fish","player_choice":"Banana","floor":11.0,"gold_loss":0.0,"damage_taken":0.0},{"damage_healed":0.0,"max_hp_gain":0.0,"max_hp_loss":0.0,"gold_gain":0.0,"event_name":"Cursed Tome","player_choice":"Obtained Book","floor":19.0,"gold_loss":0.0,"damage_taken":21.0},{"damage_healed":18.0,"max_hp_gain":0.0,"max_hp_loss":0.0,"gold_gain":0.0,"event_name":"The Library","player_choice":"Heal","floor":20.0,"gold_loss":0.0,"damage_taken":0.0},{"damage_healed":0.0,"max_hp_gain":0.0,"max_hp_loss":27.0,"gold_gain":0.0,"event_name":"Vampires","player_choice":"Became a vampire","floor":22.0,"gold_loss":0.0,"damage_taken":0.0,"cards_obtained":["Bite","Bite","Bite","Bite","Bite"]},{"damage_healed":0.0,"max_hp_gain":0.0,"max_hp_loss":0.0,"gold_gain":0.0,"event_name":"The Woman in Blue","player_choice":"Bought 1 Potion","floor":36.0,"gold_loss":0.0,"damage_taken":0.0},{"damage_healed":0.0,"max_hp_gain":0.0,"max_hp_loss":0.0,"gold_gain":0.0,"event_name":"SensoryStone","player_choice":"Memory 3","floor":39.0,"gold_loss":0.0,"damage_taken":10.0},{"damage_healed":0.0,"max_hp_gain":0.0,"max_hp_loss":0.0,"gold_gain":0.0,"event_name":"Match and Keep!","player_choice":"1 cards matched","floor":41.0,"gold_loss":0.0,"damage_taken":0.0,"cards_obtained":["Bash"]}],"is_beta":false,"boss_relics":[{"not_picked":["Fusion Hammer","Astrolabe"],"picked":"Mark of Pain"},{"not_picked":["Orrery","Snecko Eye"],"picked":"Cursed Key"}],"items_purged_floors":[21,47],"is_endless":false,"potions_floor_spawned":[1,2,5,14,18,24,25,30,31,35,38,44,54],"ascension_level":17}