{"gold_per_floor":[110,110,122,122,122,122,133,133,204,236,236,249,267,285,285,362,362,375,375,375,575,55,87,87,106,131,131,150,150,179,198,198,270,270,283,283,283,300,318,318,350,350,350,350,368,395,395,406,406,406],"floor_reached":50,"playtime":1671,"items_purged":["Storm"],"score":1180,"play_id":"d38d6f0e-a71b-4e90-adb7-0101dd01d8e4","local_time":"20190226192048","is_ascension_mode":true,"campfire_choices":[{"data":"Tempest","floor":6.0,"key":"SMITH"},{"data":"Zap","floor":8.0,"key":"SMITH"},{"floor":11.0,"key":"REST"},{"data":"Fission","floor":15.0,"key":"SMITH"},{"floor":24.0,"key":"REST"},{"data":"Core Surge","floor":27.0,"key":"SMITH"},{"data":"Fission","floor":29.0,"key":"SMITH"},{"floor":32.0,"key":"REST"},{"data":"Electrodynamics","floor":40.0,"key":"SMITH"},{"data":"Turbo","floor":42.0,"key":"SMITH"},{"data":"Auto Shields","floor":44.0,"key":"SMITH"},{"floor":49.0,"key":"REST"}],"neow_cost":"PERCENT_DAMAGE","seed_source_timestamp":0,"circlet_count":0,"master_deck":["AscendersBane","Zap+1","Tempest+1","Meteor Strike","Leap","Leap","Ball Lightning+1","Fission+1","Fission+1","Core Surge+1","Thunder Strike","Turbo+1","Auto Shields+1","Chaos+1","Electrodynamics+1","Blizzard+1","Chill+1","Thunder Strike+1","Discovery","Parasite","Double Energy","Reinforced Body+1","Writhe"],"special_seed":0,"relics":["Cracked Core","Blue Candle","Mango","Singing Bowl","Whetstone","Pandora\u0027s Box","Vajra","Bottled Flame","Pear","Oddly Smooth Stone","Gremlin Horn","Astrolabe","Letter Opener","Bird Faced Urn","Potion Belt"],"potions_floor_usage":[50,50],"damage_taken":[{"damage":7.0,"enemies":"Jaw Worm","floor":1.0,"turns":4.0},{"damage":2.0,"enemies":"Cultist","floor":3.0,"turns":4.0},{"damage":0.0,"enemies":"2 Louse","floor":7.0,"turns":2.0},{"damage":31.0,"enemies":"3 Sentries","floor":10.0,"turns":7.0},{"damage":0.0,"enemies":"2 Fungi Beasts","floor":12.0,"turns":2.0},{"damage":0.0,"enemies":"Large Slime","floor":13.0,"turns":3.0},{"damage":0.0,"enemies":"3 Louse","floor":14.0,"turns":2.0},{"damage":14.0,"enemies":"The Guardian","floor":16.0,"turns":12.0},{"damage":26.0,"enemies":"2 Thieves","floor":18.0,"turns":3.0},{"damage":14.0,"enemies":"Gremlin Leader","floor":23.0,"turns":5.0},{"damage":0.0,"enemies":"Chosen","floor":25.0,"turns":2.0},{"damage":14.0,"enemies":"Snake Plant","floor":28.0,"turns":2.0},{"damage":41.0,"enemies":"Slavers","floor":30.0,"turns":4.0},{"damage":0.0,"enemies":"Chosen and Byrds","floor":31.0,"turns":3.0},{"damage":61.0,"enemies":"Champ","floor":33.0,"turns":9.0},{"damage":4.0,"enemies":"3 Darklings","floor":35.0,"turns":2.0},{"damage":17.0,"enemies":"3 Shapes","floor":38.0,"turns":3.0},{"damage":19.0,"enemies":"Transient","floor":39.0,"turns":6.0},{"damage":0.0,"enemies":"Reptomancer","floor":41.0,"turns":3.0},{"damage":0.0,"enemies":"Writhing Mass","floor":45.0,"turns":2.0},{"damage":25.0,"enemies":"Nemesis","floor":46.0,"turns":3.0},{"damage":0.0,"enemies":"4 Shapes","floor":48.0,"turns":4.0},{"damage":136,"enemies":"Time Eater","floor":50,"turns":9}],"seed_played":"-1256973867394980155","potions_obtained":[{"floor":10.0,"key":"AttackPotion"},{"floor":12.0,"key":"SpeedPotion"},{"floor":14.0,"key":"AttackPotion"},{"floor":25.0,"key":"Energy Potion"},{"floor":28.0,"key":"Strength Potion"},{"floor":31.0,"key":"Regen Potion"},{"floor":33.0,"key":"Dexterity Potion"},{"floor":38.0,"key":"Fire Potion"},{"floor":39.0,"key":"Fire Potion"},{"floor":41.0,"key":"AttackPotion"}],"is_trial":false,"path_per_floor":["M","?","M","T","?","R","M","R","T","E","R","M","M","M","R","B",null,"M","?","?","?","$","E","R","M","T","R","M","R","E","M","R","B",null,"M","?","?","M","M","R","E","R","T","R","M","E","?","M","R","B"],"character_chosen":"DEFECT","items_purchased":["Vajra","Bottled Flame"],"campfire_rested":4,"item_purchase_floors":[22,22],"current_hp_per_floor":[39,39,37,37,40,40,40,40,40,11,37,39,39,41,41,27,75,51,23,43,43,43,39,71,71,71,71,59,59,20,20,53,7,86,84,84,84,69,52,52,54,54,54,54,54,31,55,59,95,0],"gold":406,"neow_bonus":"TRANSFORM_TWO_CARDS","is_prod":false,"is_daily":false,"chose_seed":false,"campfire_upgraded":8,"win_rate":0,"timestamp":1551205248,"path_taken":["M","?","?","?","?","R","M","R","T","E","R","M","M","M","R","BOSS","M","?","?","?","$","E","R","?","T","R","M","R","E","M","R","BOSS","M","?","?","M","M","R","E","R","T","R","M","E","?","M","R","BOSS"],"build_version":"2019-01-23","purchased_purges":1,"victory":false,"max_hp_per_floor":[71,71,71,71,85,85,85,85,85,87,87,89,89,91,91,91,91,93,98,98,98,98,108,108,108,108,108,110,110,112,112,112,112,112,114,114,114,116,118,118,120,120,120,120,120,120,120,122,122,122],"card_choices":[{"not_picked":["Rebound","Cold Snap"],"picked":"Leap","floor":1.0},{"not_picked":["Lockon","Consume"],"picked":"Leap","floor":3.0},{"not_picked":["Stack","Conserve Battery"],"picked":"Ball Lightning","floor":7.0},{"not_picked":["Loop","Sweeping Beam","Lockon"],"picked":"Singing Bowl","floor":10.0},{"not_picked":["Redo","Go for the Eyes","Ball Lightning"],"picked":"Singing Bowl","floor":12.0},{"not_picked":["Glacier","Rebound"],"picked":"Fission","floor":13.0},{"not_picked":["Cold Snap","Gash","Hologram"],"picked":"Singing Bowl","floor":14.0},{"not_picked":["Machine Learning","Amplify"],"picked":"Fission","floor":16.0},{"not_picked":["Barrage","Reinforced Body+1","Genetic Algorithm+1"],"picked":"Singing Bowl","floor":18.0},{"not_picked":["Sweeping Beam+1","Sunder"],"picked":"Turbo","floor":23.0},{"not_picked":["Barrage","Streamline"],"picked":"Auto Shields","floor":25.0},{"not_picked":["Hello World","Cold Snap","Sweeping Beam"],"picked":"Singing Bowl","floor":28.0},{"not_picked":["Hologram","Rip and Tear","Machine Learning"],"picked":"Singing Bowl","floor":30.0},{"not_picked":["Gash","Streamline"],"picked":"Chaos+1","floor":31.0},{"not_picked":["Creative AI","Echo Form"],"picked":"Electrodynamics","floor":33.0},{"not_picked":["Reprogram","Go for the Eyes","Gash"],"picked":"Singing Bowl","floor":35.0},{"not_picked":["Impatience","Dramatic Entrance"],"picked":"Discovery","floor":36.0},{"not_picked":["Compile Driver+1","Cold Snap","Redo"],"picked":"Singing Bowl","floor":38.0},{"not_picked":["Ball Lightning","Self Repair","Steam"],"picked":"Singing Bowl","floor":39.0},{"not_picked":["Compile Driver","Streamline","Multi-Cast"],"picked":"Singing Bowl","floor":41.0},{"not_picked":["Defragment","Turbo"],"picked":"Double Energy","floor":45.0},{"not_picked":["Amplify","Steam"],"picked":"Reinforced Body+1","floor":46.0},{"not_picked":["Genetic Algorithm+1","Consume+1","Doom and Gloom"],"picked":"Singing Bowl","floor":48.0}],"player_experience":1146992,"relics_obtained":[{"floor":4.0,"key":"Blue Candle"},{"floor":9.0,"key":"Singing Bowl"},{"floor":10.0,"key":"Whetstone"},{"floor":23.0,"key":"Pear"},{"floor":26.0,"key":"Oddly Smooth Stone"},{"floor":30.0,"key":"Gremlin Horn"},{"floor":41.0,"key":"Letter Opener"},{"floor":43.0,"key":"Bird Faced Urn"},{"floor":46.0,"key":"Potion Belt"}],"event_choices":[{"cards_removed":["Strike_B"],"damage_healed":0.0,"max_hp_gain":0.0,"max_hp_loss":0.0,"gold_gain":0.0,"event_name":"Purifier","player_choice":"Purged","floor":2.0,"gold_loss":0.0,"damage_taken":0.0},{"damage_healed":0.0,"max_hp_gain":0.0,"max_hp_loss":0.0,"gold_gain":0.0,"event_name":"Scrap Ooze","player_choice":"Success","floor":5.0,"gold_loss":0.0,"damage_taken":11.0,"relics_obtained":["Mango"]},{"damage_healed":0.0,"max_hp_gain":5.0,"max_hp_loss":0.0,"gold_gain":0.0,"event_name":"Forgotten Altar","player_choice":"Shed Blood","floor":19.0,"gold_loss":0.0,"damage_taken":33.0},{"damage_healed":20.0,"max_hp_gain":0.0,"max_hp_loss":0.0,"gold_gain":0.0,"event_name":"The Library","player_choice":"Heal","floor":20.0,"gold_loss":0.0,"damage_taken":0.0},{"damage_healed":0.0,"max_hp_gain":0.0,"max_hp_loss":0.0,"gold_gain":200.0,"event_name":"Wheel of Change","player_choice":"Gold","floor":21.0,"gold_loss":0.0,"damage_taken":0.0},{"damage_healed":0.0,"max_hp_gain":0.0,"max_hp_loss":0.0,"gold_gain":0.0,"event_name":"SensoryStone","player_choice":"Memory 1","floor":36.0,"gold_loss":0.0,"damage_taken":0.0},{"damage_healed":0.0,"max_hp_gain":0.0,"max_hp_loss":0.0,"gold_gain":0.0,"event_name":"Tomb of Lord Red Mask","player_choice":"Ignored","floor":37.0,"gold_loss":0.0,"damage_taken":0.0},{"damage_healed":24.0,"max_hp_gain":0.0,"max_hp_loss":0.0,"gold_gain":0.0,"event_name":"Winding Halls","player_choice":"Writhe","floor":47.0,"gold_loss":0.0,"damage_taken":0.0,"cards_obtained":["Writhe"]}],"is_beta":false,"boss_relics":[{"not_picked":["Lizard Tail","Runic Dome"],"picked":"Pandora\u0027s Box"},{"not_picked":["Orrery","Eternal Feather"],"picked":"Astrolabe"}],"items_purged_floors":[22],"is_endless":false,"potions_floor_spawned":[10,12,14,16,25,28,30,31,33,38,39,41,45],"killed_by":"Time Eater","ascension_level":20}