{"gold_per_floor":[12,12,27,46,46,46,73,73,73,90,125,99,99,118,118,196,196,214,229,229,229,240,240,266,266,266,266,300,318,318,331,331,331],"floor_reached":33,"playtime":1585,"items_purged":[],"score":615,"play_id":"2c82a18a-b8e2-4e4a-9aaf-0c94ab246211","local_time":"20190317151417","is_ascension_mode":true,"campfire_choices":[{"floor":8,"key":"REST"},{"floor":13,"key":"REST"},{"data":"Shockwave","floor":15,"key":"SMITH"},{"data":"Limit Break","floor":23,"key":"SMITH"},{"floor":25,"key":"REST"},{"floor":30,"key":"REST"},{"floor":32,"key":"REST"}],"neow_cost":"NO_GOLD","seed_source_timestamp":367922009121716,"circlet_count":0,"master_deck":["AscendersBane","Defend_R","Defend_R+1","Defend_R","Defend_R","Bash","Feed","Blood for Blood","Metallicize","Cleave+1","Iron Wave","Carnage+1","Dropkick","Spot Weakness","Shrug It Off","Clash","Shockwave+1","Limit Break+1","Body Slam+1","True Grit","Rage","Second Wind+1","Sever Soul","Bite","Bite","Bite","Bite","Bite","Reaper","Sentinel","Rupture+1","Blood for Blood+1","Clothesline"],"relics":["Burning Blood","Dream Catcher","Bronze Scales","Whetstone","Pen Nib","Velvet Choker","MutagenicStrength","Question Card","Matryoshka","Pear","Oddly Smooth Stone","PreservedInsect"],"potions_floor_usage":[7,11,16,19,22,24,28,29,31],"damage_taken":[{"damage":17,"enemies":"Small Slimes","floor":1,"turns":4},{"damage":14,"enemies":"Jaw Worm","floor":3,"turns":4},{"damage":3,"enemies":"Cultist","floor":4,"turns":5},{"damage":24,"enemies":"3 Sentries","floor":7,"turns":6},{"damage":21,"enemies":"Exordium Wildlife","floor":10,"turns":5},{"damage":22,"enemies":"Lagavulin","floor":11,"turns":5},{"damage":12,"enemies":"3 Louse","floor":14,"turns":3},{"damage":31,"enemies":"The Guardian","floor":16,"turns":7},{"damage":4,"enemies":"Shell Parasite","floor":18,"turns":3},{"damage":5,"enemies":"2 Thieves","floor":19,"turns":3},{"damage":22,"enemies":"Centurion and Healer","floor":22,"turns":3},{"damage":23,"enemies":"Gremlin Leader","floor":24,"turns":4},{"damage":41,"enemies":"Book of Stabbing","floor":28,"turns":4},{"damage":49,"enemies":"3 Cultists","floor":29,"turns":6},{"damage":45,"enemies":"Shelled Parasite and Fungi","floor":31,"turns":5},{"damage":87,"enemies":"Automaton","floor":33,"turns":6}],"seed_played":"4351822233348744621","potions_obtained":[{"floor":1,"key":"Strength Potion"},{"floor":7,"key":"Swift Potion"},{"floor":10,"key":"PowerPotion"},{"floor":14,"key":"LiquidBronze"},{"floor":18,"key":"Block Potion"},{"floor":22,"key":"Swift Potion"},{"floor":24,"key":"Strength Potion"},{"floor":28,"key":"SpeedPotion"},{"floor":29,"key":"FearPotion"}],"is_trial":false,"path_per_floor":["M","?","M","M","?","T","E","R","T","M","E","$","R","M","R","B",null,"M","M","?","T","M","R","E","R","T","?","E","M","R","M","R","B"],"character_chosen":"IRONCLAD","items_purchased":["Shrug It Off"],"campfire_rested":5,"item_purchase_floors":[12],"current_hp_per_floor":[60,37,32,35,62,62,47,72,72,60,44,44,70,67,67,42,78,80,81,81,81,68,68,51,78,88,72,41,23,45,27,50,0],"gold":331,"neow_bonus":"THREE_RARE_CARDS","is_prod":false,"is_daily":false,"chose_seed":false,"campfire_upgraded":2,"win_rate":0,"timestamp":1552860857,"path_taken":["M","?","M","M","?","?","E","R","T","?","E","$","R","M","R","BOSS","M","M","?","?","?","R","E","R","T","?","E","M","R","M","R","BOSS"],"build_version":"2019-01-23","purchased_purges":0,"victory":false,"max_hp_per_floor":[78,78,81,81,81,81,84,84,84,87,87,87,87,90,90,90,90,90,90,90,90,93,93,93,93,103,72,72,75,75,78,78,78],"card_choices":[{"not_picked":["Dark Embrace","Juggernaut"],"picked":"Feed","floor":0},{"not_picked":["Clothesline","Thunderclap"],"picked":"Blood for Blood","floor":1},{"not_picked":["Inflame","Iron Wave"],"picked":"Metallicize","floor":3},{"not_picked":["Headbutt","Thunderclap"],"picked":"Cleave","floor":4},{"not_picked":["Dual Wield","Body Slam"],"picked":"Iron Wave","floor":7},{"not_picked":["Searing Blow","Seeing Red"],"picked":"Carnage","floor":8},{"not_picked":["Rupture","Twin Strike"],"picked":"Dropkick","floor":10},{"not_picked":["Pummel","Fiend Fire"],"picked":"Spot Weakness","floor":11},{"not_picked":["Pommel Strike","True Grit"],"picked":"Clash","floor":13},{"not_picked":["Flex","Clothesline"],"picked":"Shockwave","floor":14},{"not_picked":["Immolate","Offering"],"picked":"Limit Break","floor":16},{"not_picked":["Rampage","Uppercut"],"picked":"Body Slam+1","floor":18},{"not_picked":["Anger","Thunderclap"],"picked":"True Grit","floor":19},{"not_picked":["Reckless Charge","Uppercut","Dual Wield"],"picked":"Rage","floor":22},{"not_picked":["Thunderclap","Disarm","Perfected Strike"],"picked":"Second Wind+1","floor":24},{"not_picked":["Feel No Pain","Corruption","Clothesline"],"picked":"Sever Soul","floor":25},{"not_picked":["Clothesline","Perfected Strike","Whirlwind"],"picked":"Reaper","floor":28},{"not_picked":["Headbutt","Rupture","Entrench"],"picked":"Sentinel","floor":29},{"not_picked":["Dropkick","Clothesline","Headbutt"],"picked":"Rupture+1","floor":30},{"not_picked":["Burning Pact","Ghostly Armor","Uppercut"],"picked":"Blood for Blood+1","floor":31},{"not_picked":["Twin Strike","Corruption","Armaments"],"picked":"Clothesline","floor":32}],"player_experience":254156,"relics_obtained":[{"floor":6,"key":"Dream Catcher"},{"floor":7,"key":"Bronze Scales"},{"floor":9,"key":"Whetstone"},{"floor":11,"key":"Pen Nib"},{"floor":21,"key":"Question Card"},{"floor":24,"key":"Matryoshka"},{"floor":26,"key":"Pear"},{"floor":26,"key":"Oddly Smooth Stone"},{"floor":28,"key":"PreservedInsect"}],"event_choices":[{"damage_healed":0,"gold_gain":0,"player_choice":"Entered Light","damage_taken":23,"max_hp_gain":0,"max_hp_loss":0,"event_name":"Shining Light","floor":2,"gold_loss":0,"cards_upgraded":["Strike_R","Defend_R"]},{"damage_healed":27,"gold_gain":0,"player_choice":"Banana","damage_taken":0,"max_hp_gain":0,"max_hp_loss":0,"event_name":"Big Fish","floor":5,"gold_loss":0},{"damage_healed":0,"gold_gain":0,"player_choice":"Inject Mutagens","damage_taken":0,"relics_obtained":["MutagenicStrength"],"max_hp_gain":0,"max_hp_loss":0,"event_name":"Drug Dealer","floor":20,"gold_loss":0},{"damage_healed":0,"gold_gain":0,"player_choice":"Became a vampire","damage_taken":0,"max_hp_gain":0,"max_hp_loss":31,"event_name":"Vampires","floor":27,"gold_loss":0,"cards_obtained":["Bite","Bite","Bite","Bite","Bite"]}],"is_beta":false,"boss_relics":[{"not_picked":["Orrery","Cursed Key"],"picked":"Velvet Choker"}],"items_purged_floors":[],"is_endless":false,"potions_floor_spawned":[1,7,10,14,18,22,24,28,29],"killed_by":"Automaton","ascension_level":20}