{"gold_per_floor":[116,17,28,44,219,250,250,80,80,115,115,135,154,11,11,114,114,125,143,143,162,173,173,94,119,119,17,27,27,60,78,78,182,182,196,196,213,213,230,264,264,264,344,344,294,309,309,41,41,41],"floor_reached":51,"playtime":5158,"items_purged":["Strike_G","Doubt","Strike_G","Strike_G","Strike_G"],"score":1013,"play_id":"8ce67bb2-ff56-4fd5-a78b-9254abd1b301","local_time":"20190215231709","is_ascension_mode":true,"campfire_choices":[{"floor":7.0,"key":"REST"},{"floor":11.0,"key":"REST"},{"floor":15.0,"key":"REST"},{"floor":23.0,"key":"REST"},{"floor":29.0,"key":"REST"},{"floor":32.0,"key":"REST"},{"data":"Footwork","floor":42,"key":"SMITH"},{"data":"Noxious Fumes","floor":44,"key":"SMITH"},{"data":"Terror","floor":49,"key":"SMITH"}],"neow_cost":"NONE","seed_source_timestamp":0,"circlet_count":0,"master_deck":["AscendersBane","Defend_G","Defend_G","Defend_G","Defend_G","Defend_G","Strike_G","Survivor","Neutralize","Quick Slash","Dagger Spray","Dagger Spray","Backflip","Endless Agony","Slice","Quick Slash","Footwork+1","Dash","Deflect+1","Terror+1","Noxious Fumes+1","Backstab+1","Flying Knee","Slice+1","Adrenaline","Sucker Punch+1","Parasite","Well Laid Plans"],"special_seed":0,"relics":["Ring of the Serpent","Strawberry","Bronze Scales","Pantograph","Boot","Vajra","Smiling Mask","Du-Vu Doll","Regal Pillow","Busted Crown","Juzu Bracelet","Ornamental Fan","Blue Candle","Centennial Puzzle"],"potions_floor_usage":[40,50,50,50],"damage_taken":[{"damage":7.0,"enemies":"Cultist","floor":1.0,"turns":4.0},{"damage":4.0,"enemies":"Jaw Worm","floor":3.0,"turns":4.0},{"damage":0.0,"enemies":"2 Louse","floor":4.0,"turns":2.0},{"damage":58.0,"enemies":"Gremlin Nob","floor":6.0,"turns":6.0},{"damage":14.0,"enemies":"3 Sentries","floor":10.0,"turns":6.0},{"damage":0.0,"enemies":"Gremlin Gang","floor":12.0,"turns":1.0},{"damage":3.0,"enemies":"Looter","floor":13.0,"turns":2.0},{"damage":19.0,"enemies":"Slime Boss","floor":16.0,"turns":9.0},{"damage":17.0,"enemies":"2 Thieves","floor":18.0,"turns":4.0},{"damage":0.0,"enemies":"Chosen","floor":19.0,"turns":4.0},{"damage":26.0,"enemies":"Snake Plant","floor":21.0,"turns":5.0},{"damage":29.0,"enemies":"Shelled Parasite and Fungi","floor":22.0,"turns":5.0},{"damage":31.0,"enemies":"Gremlin Leader","floor":25.0,"turns":6.0},{"damage":14.0,"enemies":"Cultist and Chosen","floor":28.0,"turns":5.0},{"damage":8.0,"enemies":"Slavers","floor":30.0,"turns":4.0},{"damage":0.0,"enemies":"3 Cultists","floor":31.0,"turns":4.0},{"damage":70.0,"enemies":"Automaton","floor":33.0,"turns":11.0},{"damage":10.0,"enemies":"3 Darklings","floor":35.0,"turns":4.0},{"damage":1.0,"enemies":"Orb Walker","floor":37.0,"turns":3.0},{"damage":21.0,"enemies":"Writhing Mass","floor":39.0,"turns":6.0},{"damage":26,"enemies":"Nemesis","floor":40,"turns":7},{"damage":5,"enemies":"Jaw Worm Horde","floor":46,"turns":3},{"damage":84,"enemies":"Awakened One","floor":50,"turns":16}],"seed_played":"-1190960155153090656","potions_obtained":[{"floor":1.0,"key":"Swift Potion"},{"floor":10.0,"key":"Regen Potion"},{"floor":12.0,"key":"Strength Potion"},{"floor":16.0,"key":"EntropicBrew"},{"floor":19.0,"key":"Dexterity Potion"},{"floor":22.0,"key":"Regen Potion"},{"floor":25.0,"key":"Fire Potion"},{"floor":28.0,"key":"Swift Potion"},{"floor":30.0,"key":"Explosive Potion"},{"floor":35.0,"key":"Dexterity Potion"},{"floor":36.0,"key":"Regen Potion"},{"floor":36.0,"key":"Regen Potion"},{"floor":36.0,"key":"Energy Potion"},{"floor":40,"key":"GamblersBrew"}],"is_trial":false,"path_per_floor":["M","$","M","M","?","E","R","$","T","E","R","M","M","$","R","B",null,"M","M","?","M","M","R","$","E","T","$","M","R","E","M","R","B",null,"M","?","M","?","M","E","?","R","T","R","$","M","T","$","R","B",null],"character_chosen":"THE_SILENT","items_purchased":["Dagger Spray","Endless Agony","Vajra","Noxious Fumes","Flying Knee","Well Laid Plans","Centennial Puzzle"],"campfire_rested":6,"item_purchase_floors":[2,8,14,24,27,48,48],"current_hp_per_floor":[63,63,59,59,59,1,24,24,24,10,33,33,30,30,53,58,72,55,55,55,29,14,37,37,21,21,21,7,30,22,22,60,7,60,50,50,49,49,28,2,67,67,67,67,67,62,62,62,62,38],"gold":41,"neow_bonus":"RANDOM_COMMON_RELIC","is_prod":false,"is_daily":false,"chose_seed":false,"campfire_upgraded":3,"win_rate":0,"timestamp":1550290629,"path_taken":["M","$","M","M","?","E","R","$","T","E","R","M","M","$","R","BOSS","M","M","?","M","M","R","$","E","T","$","M","R","E","M","R","BOSS","M","?","?","?","M","E","?","R","T","R","$","M","?","$","R","BOSS"],"build_version":"2019-01-23","purchased_purges":5,"victory":true,"max_hp_per_floor":[77,77,77,77,77,77,77,77,77,77,77,77,77,77,77,77,77,77,77,77,77,77,77,77,77,77,77,77,77,77,77,77,77,77,77,77,77,77,77,77,67,67,67,67,67,67,67,67,67,67],"card_choices":[{"not_picked":["Calculated Gamble","Heel Hook"],"picked":"Quick Slash","floor":1.0},{"not_picked":["Cloak And Dagger","Underhanded Strike"],"picked":"Dagger Spray","floor":3.0},{"not_picked":["Sucker Punch","Skewer"],"picked":"Backflip","floor":4.0},{"not_picked":["Acrobatics","Finisher","All Out Attack"],"picked":"SKIP","floor":6.0},{"not_picked":["Phantasmal Killer","Bane"],"picked":"Slice","floor":10.0},{"not_picked":["Concentrate","Backflip"],"picked":"Quick Slash","floor":12.0},{"not_picked":["Deflect","Deadly Poison"],"picked":"Footwork","floor":13.0},{"not_picked":["Deadly Poison","Caltrops"],"picked":"Dash","floor":18.0},{"not_picked":["Quick Slash+1","Underhanded Strike+1"],"picked":"Deflect+1","floor":19.0},{"not_picked":["Underhanded Strike","Eviscerate"],"picked":"Terror","floor":21.0},{"not_picked":["Outmaneuver","Deadly Poison","Tactician"],"picked":"SKIP","floor":22.0},{"not_picked":["Backflip+1","Slice"],"picked":"Backstab+1","floor":25.0},{"not_picked":["Flying Knee+1","Flechettes","Blade Dance+1"],"picked":"SKIP","floor":28.0},{"not_picked":["Setup","Terror"],"picked":"Slice+1","floor":30.0},{"not_picked":["Prepared","Outmaneuver","Quick Slash"],"picked":"SKIP","floor":31.0},{"not_picked":["Venomology","After Image"],"picked":"Adrenaline","floor":33.0},{"not_picked":[],"picked":"Sucker Punch+1","floor":35.0},{"not_picked":["Deadly Poison"],"picked":"SKIP","floor":37.0},{"not_picked":["Masterful Stab"],"picked":"SKIP","floor":39.0},{"not_picked":["Accuracy+1"],"picked":"SKIP","floor":40},{"not_picked":["Flying Knee+1"],"picked":"SKIP","floor":46}],"player_experience":479792,"relics_obtained":[{"floor":6.0,"key":"Bronze Scales"},{"floor":9.0,"key":"Pantograph"},{"floor":10.0,"key":"Boot"},{"floor":25.0,"key":"Smiling Mask"},{"floor":26.0,"key":"Du-Vu Doll"},{"floor":30.0,"key":"Regal Pillow"},{"floor":40,"key":"Juzu Bracelet"},{"floor":43,"key":"Ornamental Fan"},{"floor":47,"key":"Blue Candle"}],"event_choices":[{"damage_healed":0.0,"max_hp_gain":0.0,"max_hp_loss":0.0,"gold_gain":175.0,"event_name":"Liars Game","player_choice":"AGREE","floor":5.0,"gold_loss":0.0,"damage_taken":0.0,"cards_obtained":["Doubt"]},{"damage_healed":0.0,"max_hp_gain":0.0,"max_hp_loss":0.0,"gold_gain":0.0,"event_name":"Ghosts","player_choice":"Ignored","floor":20.0,"gold_loss":0.0,"damage_taken":0.0},{"damage_healed":0.0,"max_hp_gain":0.0,"max_hp_loss":0.0,"gold_gain":0.0,"event_name":"Lab","player_choice":"Got Potions","floor":36.0,"gold_loss":0.0,"damage_taken":0.0},{"damage_healed":0.0,"max_hp_gain":0.0,"max_hp_loss":0.0,"gold_gain":0.0,"event_name":"Tomb of Lord Red Mask","player_choice":"Ignored","floor":38.0,"gold_loss":0.0,"damage_taken":0.0},{"damage_healed":67,"gold_gain":0,"player_choice":"Heal","damage_taken":0,"max_hp_gain":0,"max_hp_loss":10,"event_name":"The Moai Head","floor":41,"gold_loss":0}],"is_beta":false,"boss_relics":[{"not_picked":["Sozu","White Beast Statue"],"picked":"Ring of the Serpent"},{"not_picked":["Runic Dome","Pandora\u0027s Box"],"picked":"Busted Crown"}],"items_purged_floors":[2,8,27,45,48],"is_endless":false,"potions_floor_spawned":[1,10,12,16,19,22,25,28,30,35,39,40],"ascension_level":10}