{"gold_per_floor":[112,112,131,131,142,142,142,67,67,81,81,96,111,121,121,217,217,229,23,23,38,288,288],"floor_reached":23,"playtime":3812,"items_purged":[],"score":183,"play_id":"a3617d33-6b60-47a6-8ccf-5f5d75b959eb","local_time":"20180709010014","is_ascension_mode":false,"campfire_choices":[{"data":"Warcry","floor":6.0,"key":"SMITH"},{"data":"Dark Embrace","floor":11.0,"key":"SMITH"},{"floor":15.0,"key":"REST"}],"neow_cost":"FIFTY_PERCENT_DAMAGE","seed_source_timestamp":2237193725747925,"circlet_count":0,"master_deck":["Strike_R","Strike_R","Strike_R","Strike_R","Strike_R","Defend_R","Defend_R","Defend_R","Defend_R","Headbutt","Dark Embrace+1","True Grit","Warcry+1","Seeing Red","Cleave","Body Slam","Second Wind","Burning Pact","Brutality+1","Shrug It Off","Impervious","Infernal Blade","Regret"],"special_seed":0,"relics":["Burning Blood","Incense Burner","Frozen Egg 2","Sundial","Fusion Hammer"],"potions_floor_usage":[21,21,23,23],"damage_taken":[{"damage":6.0,"enemies":"Jaw Worm","floor":1.0,"turns":3.0},{"damage":7.0,"enemies":"2 Louse","floor":3.0,"turns":2.0},{"damage":3.0,"enemies":"Cultist","floor":5.0,"turns":4.0},{"damage":13.0,"enemies":"2 Fungi Beasts","floor":10.0,"turns":6.0},{"damage":12.0,"enemies":"Looter","floor":12.0,"turns":4.0},{"damage":3.0,"enemies":"Lots of Slimes","floor":13.0,"turns":3.0},{"damage":5.0,"enemies":"3 Louse","floor":14.0,"turns":2.0},{"damage":49.0,"enemies":"Slime Boss","floor":16.0,"turns":16.0},{"damage":9.0,"enemies":"Chosen","floor":18.0,"turns":6.0},{"damage":11,"enemies":"Spheric Guardian","floor":21,"turns":4},{"damage":33,"enemies":"Gremlin Leader","floor":23,"turns":7}],"seed_played":"-6486232260265537580","potions_obtained":[{"floor":1.0,"key":"PowerPotion"},{"floor":12.0,"key":"Explosive Potion"},{"floor":13.0,"key":"AttackPotion"},{"floor":21,"key":"PowerPotion"}],"is_trial":false,"path_per_floor":["M","?","M","?","M","R","?","$","T","M","R","M","M","M","R","B",null,"M","$","?","M","?"],"character_chosen":"IRONCLAD","items_purchased":["Seeing Red","Impervious","AttackPotion"],"campfire_rested":1,"item_purchase_floors":[8,19,19],"current_hp_per_floor":[40,40,39,32,35,35,35,35,35,28,28,22,25,26,50,11,80,77,77,53,48,48,15],"gold":288,"neow_bonus":"ONE_RARE_RELIC","is_prod":false,"is_daily":false,"chose_seed":false,"campfire_upgraded":2,"win_rate":0,"timestamp":1531112414,"path_taken":["M","?","?","?","M","R","?","$","T","M","R","M","M","M","R","BOSS","M","$","?","M","?","E"],"build_version":"2018-07-05","purchased_purges":0,"victory":false,"max_hp_per_floor":[80,80,80,80,80,80,80,80,80,80,80,80,80,80,80,80,80,80,80,80,80,80,80],"card_choices":[{"not_picked":["True Grit","Shockwave"],"picked":"Headbutt","floor":1.0},{"not_picked":["Evolve","Sword Boomerang"],"picked":"True Grit","floor":3.0},{"not_picked":["Pummel","Intimidate"],"picked":"Warcry","floor":5.0},{"not_picked":["True Grit","Iron Wave"],"picked":"Cleave","floor":10.0},{"not_picked":["Bloodletting","Reckless Charge"],"picked":"Body Slam","floor":12.0},{"not_picked":["Clothesline","Flex"],"picked":"Second Wind","floor":13.0},{"not_picked":["Headbutt","Cleave"],"picked":"Burning Pact","floor":14.0},{"not_picked":["Offering","Fiend Fire"],"picked":"Brutality+1","floor":16.0},{"not_picked":["Intimidate","Body Slam"],"picked":"Shrug It Off","floor":18.0},{"not_picked":["Headbutt","Wild Strike"],"picked":"Infernal Blade","floor":21}],"player_experience":128822,"relics_obtained":[{"floor":9.0,"key":"Sundial"}],"event_choices":[{"event_name":"Living Wall","player_choice":"Change","floor":2.0,"damage_taken":0.0},{"event_name":"Scrap Ooze","player_choice":"success","floor":4.0,"damage_taken":7.0},{"event_name":"Dead Adventurer","player_choice":"Searched \u00270\u0027 times","floor":7.0,"damage_taken":0.0},{"event_name":"Knowing Skull","player_choice":"POTION POTION ","floor":20.0,"damage_taken":0.0},{"event_name":"Golden Shrine","player_choice":"Desecrate","floor":22,"damage_taken":0}],"boss_relics":[{"not_picked":["Runic Dome","Calling Bell"],"picked":"Fusion Hammer"}],"items_purged_floors":[],"is_endless":false,"potions_floor_spawned":[1,12,13,14,21],"killed_by":"Gremlin Leader","ascension_level":0}