{"gold_per_floor":[360,122,122,138,149,149,204,53,122,122,150,227,227,245,245,349,349,368,28,43,63,63,63,63,74,74,87,42,42,42,58,58,160,160,174,174,194,94,106,138,138,138,138,138,155,169,169,189,189,189],"floor_reached":50,"playtime":3997,"items_purged":["Strike_R","Strike_R"],"score":507,"play_id":"3203a4b5-3e58-4ced-b2ea-4af6d7bca337","local_time":"20181214152721","is_ascension_mode":false,"campfire_choices":[{"data":"Metallicize","floor":6,"key":"SMITH"},{"data":"Clash","floor":10,"key":"SMITH"},{"data":"Cleave","floor":13,"key":"SMITH"},{"data":"Cleave","floor":15,"key":"SMITH"},{"data":"Bash","floor":24,"key":"SMITH"},{"data":"Ghostly Armor","floor":32,"key":"SMITH"},{"data":"Shrug It Off","floor":41,"key":"SMITH"},{"data":"Clash","floor":44,"key":"SMITH"},{"data":"Double Tap","floor":47,"key":"SMITH"},{"data":"Flex","floor":49,"key":"SMITH"}],"neow_cost":"TEN_PERCENT_HP_LOSS","seed_source_timestamp":1296360612866479,"circlet_count":0,"master_deck":["Strike_R","Strike_R","Strike_R","Defend_R","Defend_R","Bash+1","Metallicize+1","Clash+1","Cleave+1","Cleave+1","Double Tap+1","Clash+1","Ghostly Armor+1","Armaments","Shrug It Off+1","Headbutt","Flex+1","Clash","Armaments+1","Writhe","Anger+1","Whirlwind+1","Second Wind+1"],"relics":["Burning Blood","Dodecahedron","Tiny Chest","Happy Flower","Gremlin Horn","Red Skull","Meat on the Bone","Coffee Dripper","Bottled Flame","Ornamental Fan","Ancient Tea Set","Lizard Tail","Toxic Egg 2","Sundial"],"potions_floor_usage":[7,7,11,11,14,16,16,20,21,33,33,37,40,45,46,50],"damage_taken":[{"damage":0,"enemies":"Small Slimes","floor":1,"turns":3},{"damage":0,"enemies":"Cultist","floor":4,"turns":3},{"damage":6,"enemies":"Jaw Worm","floor":5,"turns":3},{"damage":0,"enemies":"Gremlin Nob","floor":7,"turns":3},{"damage":5,"enemies":"3 Sentries","floor":11,"turns":5},{"damage":0,"enemies":"Blue Slaver","floor":14,"turns":2},{"damage":38,"enemies":"Hexaghost","floor":16,"turns":7},{"damage":6,"enemies":"Spheric Guardian","floor":18,"turns":3},{"damage":15,"enemies":"2 Thieves","floor":20,"turns":3},{"damage":24,"enemies":"Cultist and Chosen","floor":21,"turns":5},{"damage":0,"enemies":"Snecko","floor":25,"turns":2},{"damage":15,"enemies":"Centurion and Healer","floor":27,"turns":4},{"damage":0,"enemies":"3 Cultists","floor":31,"turns":4},{"damage":69,"enemies":"Automaton","floor":33,"turns":8},{"damage":1,"enemies":"3 Darklings","floor":35,"turns":5},{"damage":10,"enemies":"Orb Walker","floor":37,"turns":4},{"damage":22,"enemies":"4 Shapes","floor":39,"turns":4},{"damage":53,"enemies":"Giant Head","floor":40,"turns":7},{"damage":27,"enemies":"Maw","floor":45,"turns":7},{"damage":16,"enemies":"Sphere and 2 Shapes","floor":46,"turns":4},{"damage":20,"enemies":"4 Shapes","floor":48,"turns":2},{"damage":62,"enemies":"Donu and Deca","floor":50,"turns":5}],"seed_played":"4513275944388916655","potions_obtained":[{"floor":5,"key":"EntropicBrew"},{"floor":7,"key":"LiquidBronze"},{"floor":11,"key":"Block Potion"},{"floor":14,"key":"Ancient Potion"},{"floor":18,"key":"LiquidBronze"},{"floor":20,"key":"Ancient Potion"},{"floor":25,"key":"Energy Potion"},{"floor":31,"key":"AttackPotion"},{"floor":33,"key":"Weak Potion"},{"floor":39,"key":"Swift Potion"},{"floor":40,"key":"AttackPotion"},{"floor":45,"key":"Swift Potion"},{"floor":48,"key":"Ancient Potion"}],"is_trial":false,"path_per_floor":["M","$","?","M","M","R","E","$","T","R","E","T","R","M","R","B",null,"M","$","M","M","?","T","R","M","T","M","$","?","?","M","R","B",null,"M","?","M","$","M","E","R","?","T","R","M","M","R","M","R","B"],"character_chosen":"IRONCLAD","items_purchased":["Dodecahedron","Happy Flower","Bottled Flame","Clash","Shrug It Off"],"campfire_rested":0,"item_purchase_floors":[2,8,19,19,28],"current_hp_per_floor":[72,72,72,72,72,72,72,72,72,72,72,72,72,72,72,52,72,72,72,63,45,45,45,45,51,51,54,54,54,72,72,72,21,72,72,72,68,68,52,54,54,72,72,72,51,53,53,51,51,0],"gold":189,"neow_bonus":"TWO_FIFTY_GOLD","is_prod":false,"is_daily":false,"chose_seed":false,"campfire_upgraded":10,"win_rate":0.0,"timestamp":1544801241,"path_taken":["M","$","?","M","M","R","E","?","T","R","E","?","R","M","R","BOSS","M","$","M","M","?","?","R","M","T","?","?","?","?","M","R","BOSS","M","?","M","$","M","E","R","?","T","R","M","M","R","M","R","BOSS"],"build_version":"2018-12-13","purchased_purges":2,"victory":false,"max_hp_per_floor":[72,72,72,72,72,72,72,72,72,72,72,72,72,72,72,72,72,72,72,72,72,72,72,72,72,72,72,72,72,72,72,72,72,72,72,72,72,72,72,72,72,72,72,72,72,72,72,72,72,72],"card_choices":[{"not_picked":["Clothesline","True Grit"],"picked":"Metallicize","floor":1},{"not_picked":["Twin Strike","Clothesline"],"picked":"Clash","floor":4},{"not_picked":["Twin Strike","Sever Soul"],"picked":"Cleave","floor":5},{"not_picked":["Wild Strike","Intimidate","Infernal Blade"],"picked":"SKIP","floor":7},{"not_picked":["Feel No Pain","Pommel Strike"],"picked":"Cleave","floor":11},{"not_picked":["Power Through","Clothesline","Heavy Blade"],"picked":"SKIP","floor":14},{"not_picked":["Fiend Fire","Offering"],"picked":"Double Tap","floor":16},{"not_picked":["Heavy Blade","Anger"],"picked":"True Grit","floor":18},{"not_picked":["Sever Soul","Pommel Strike"],"picked":"Ghostly Armor","floor":20},{"not_picked":["Burning Pact","Rupture"],"picked":"Armaments","floor":21},{"not_picked":["Flex","Blood for Blood","Spot Weakness+1"],"picked":"SKIP","floor":25},{"not_picked":["Intimidate+1","Armaments+1","Dropkick"],"picked":"SKIP","floor":27},{"not_picked":["Fiend Fire","Warcry","Entrench"],"picked":"SKIP","floor":31},{"not_picked":["Thunderclap","Spot Weakness+1","Shockwave"],"picked":"SKIP","floor":35},{"not_picked":["Armaments","Searing Blow"],"picked":"Clash","floor":37},{"not_picked":["Headbutt","Pommel Strike+1","Clothesline"],"picked":"SKIP","floor":39},{"not_picked":["Pummel","Infernal Blade"],"picked":"Armaments+1","floor":40},{"not_picked":["Perfected Strike+1","Body Slam"],"picked":"Anger+1","floor":45},{"not_picked":["Infernal Blade+1","Flame Barrier+1"],"picked":"Whirlwind+1","floor":46},{"not_picked":["Headbutt+1","Heavy Blade+1"],"picked":"Second Wind+1","floor":48}],"player_experience":74114,"relics_obtained":[{"floor":7,"key":"Tiny Chest"},{"floor":9,"key":"Gremlin Horn"},{"floor":11,"key":"Red Skull"},{"floor":12,"key":"Meat on the Bone"},{"floor":23,"key":"Ornamental Fan"},{"floor":26,"key":"Ancient Tea Set"},{"floor":40,"key":"Toxic Egg 2"},{"floor":43,"key":"Sundial"}],"event_choices":[{"cards_removed":["Defend_R"],"damage_healed":0,"gold_gain":0,"player_choice":"Offered Basic","damage_taken":0,"max_hp_gain":0,"max_hp_loss":0,"event_name":"Bonfire Elementals","floor":3,"gold_loss":0},{"damage_healed":0,"gold_gain":0,"player_choice":"Ignored","damage_taken":0,"max_hp_gain":0,"max_hp_loss":0,"event_name":"The Mausoleum","floor":22,"gold_loss":0},{"damage_healed":0,"gold_gain":0,"cards_transformed":["True Grit","Defend_R"],"player_choice":"Became Test Subject","damage_taken":0,"max_hp_gain":0,"max_hp_loss":0,"event_name":"Drug Dealer","floor":29,"gold_loss":0,"cards_obtained":["Headbutt","Flex"]},{"damage_healed":24,"gold_gain":0,"player_choice":"Heal","damage_taken":0,"max_hp_gain":0,"max_hp_loss":0,"event_name":"The Library","floor":30,"gold_loss":0},{"damage_healed":0,"gold_gain":0,"player_choice":"Ignored","damage_taken":0,"max_hp_gain":0,"max_hp_loss":0,"event_name":"Mysterious Sphere","floor":36,"gold_loss":0},{"damage_healed":18,"gold_gain":0,"player_choice":"Writhe","damage_taken":0,"max_hp_gain":0,"max_hp_loss":0,"event_name":"Winding Halls","floor":42,"gold_loss":0,"cards_obtained":["Writhe"]}],"is_beta":false,"boss_relics":[{"not_picked":["Black Blood","Black Star"],"picked":"Coffee Dripper"},{"not_picked":["Runic Cube","Empty Cage"],"picked":"Lizard Tail"}],"items_purged_floors":[19,38],"is_endless":false,"potions_floor_spawned":[5,7,11,14,18,20,25,31,33,39,40,45,48],"killed_by":"Donu and Deca","ascension_level":0}