{"gold_per_floor":[113,113,132,132,57,57,71,146,172,189,41,41,72,89,89,188,188,208,208,208,10,0,0,30,50,50,50,62,62,81,81,81,81],"floor_reached":33,"playtime":753,"items_purged":["Strike_R"],"score":327,"play_id":"2ab2cd23-f4c2-4ecc-ad28-10c96d72ea2a","local_time":"20180802223930","is_ascension_mode":true,"campfire_choices":[{"data":"Carnage","floor":6,"key":"SMITH"},{"data":"Offering","floor":12,"key":"SMITH"},{"floor":15,"key":"REST"},{"data":"1","floor":23,"key":"LIFT"},{"floor":27,"key":"REST"},{"floor":32,"key":"REST"}],"neow_cost":"","seed_source_timestamp":159140215735526,"circlet_count":0,"master_deck":["Strike_R","Strike_R","Strike_R","Strike_R","Defend_R","Defend_R","Defend_R","Defend_R","Bash+1","Carnage+1","Offering+1","Dropkick"],"relics":["Pear","Juzu Bracelet","Girya","Runic Pyramid","Nloth\u0027s Gift","Lee\u0027s Waffle","Ancient Tea Set","Unceasing Top"],"potions_floor_usage":[24,24,24,30],"damage_taken":[{"damage":0,"enemies":"Small Slimes","floor":1,"turns":4},{"damage":12,"enemies":"2 Louse","floor":3,"turns":3},{"damage":0,"enemies":"Cultist","floor":7,"turns":2},{"damage":10,"enemies":"Large Slime","floor":10,"turns":5},{"damage":7,"enemies":"Gremlin Nob","floor":13,"turns":3},{"damage":5,"enemies":"3 Louse","floor":14,"turns":3},{"damage":74,"enemies":"The Guardian","floor":16,"turns":11},{"damage":33,"enemies":"2 Thieves","floor":18,"turns":3},{"damage":60,"enemies":"Slavers","floor":24,"turns":5},{"damage":5,"enemies":"Spheric Guardian","floor":25,"turns":2},{"damage":29,"enemies":"Centurion and Healer","floor":28,"turns":3},{"damage":38,"enemies":"Snake Plant","floor":30,"turns":3},{"damage":106,"enemies":"Automaton","floor":33,"turns":6}],"seed_played":"8138291733178723297","potions_obtained":[{"floor":3,"key":"Explosive Potion"},{"floor":13,"key":"Regen Potion"},{"floor":16,"key":"Regen Potion"},{"floor":25,"key":"Block Potion"},{"floor":28,"key":"Poison Potion"}],"is_trial":false,"path_per_floor":["M","?","M","?","$","R","M","?","T","M","$","R","E","M","R","B",null,"M","?","?","$","?","R","E","M","T","R","M","$","M","$","R"],"character_chosen":"IRONCLAD","items_purchased":["Offering","Lee\u0027s Waffle"],"campfire_rested":3,"item_purchase_floors":[11,21],"current_hp_per_floor":[80,78,72,72,72,72,78,69,69,65,65,65,64,65,90,22,90,63,45,45,102,102,102,69,64,64,94,65,65,27,27,57,0],"gold":81,"neow_bonus":"","is_prod":false,"is_daily":false,"chose_seed":false,"campfire_upgraded":2,"win_rate":0,"timestamp":1533263970,"path_taken":["M","?","M","?","$","R","M","?","T","M","$","R","E","M","R","BOSS","M","?","?","$","?","R","E","M","T","R","M","$","M","$","R","BOSS"],"build_version":"2018-07-26","purchased_purges":1,"victory":false,"max_hp_per_floor":[80,90,90,90,90,90,90,90,90,90,90,90,90,90,90,90,90,90,95,95,102,102,102,102,102,102,102,102,102,102,102,102,102],"card_choices":[{"not_picked":["Thunderclap","Spot Weakness"],"picked":"Carnage","floor":1},{"not_picked":["Iron Wave","Perfected Strike","Carnage"],"picked":"SKIP","floor":3},{"not_picked":["Searing Blow","Clash","Warcry"],"picked":"SKIP","floor":7},{"not_picked":["Iron Wave","Thunderclap","Flex"],"picked":"SKIP","floor":10},{"not_picked":["Rage","Sever Soul","Berserk"],"picked":"SKIP","floor":13},{"not_picked":["Battle Trance","Disarm","Cleave"],"picked":"SKIP","floor":14},{"not_picked":["Combust","Sword Boomerang","Pommel Strike"],"picked":"SKIP","floor":18},{"not_picked":["Armaments+1","Cleave+1","Demon Form"],"picked":"SKIP","floor":24},{"not_picked":["Sword Boomerang","Perfected Strike"],"picked":"Dropkick","floor":25},{"not_picked":["Double Tap","Clash","Shockwave"],"picked":"SKIP","floor":28},{"not_picked":["Flex","Anger+1","Warcry"],"picked":"SKIP","floor":30}],"player_experience":147060,"relics_obtained":[{"floor":9,"key":"Juzu Bracelet"},{"floor":13,"key":"Girya"},{"floor":24,"key":"Ancient Tea Set"},{"floor":26,"key":"Unceasing Top"}],"event_choices":[{"event_name":"Scrap Ooze","player_choice":"success","floor":2,"damage_taken":12},{"event_name":"Accursed Blacksmith","player_choice":"Forge","floor":4,"damage_taken":0},{"event_name":"FaceTrader","player_choice":"Touch","floor":8,"damage_taken":0},{"event_name":"Forgotten Altar","player_choice":"Shed Blood","floor":19,"damage_taken":0},{"event_name":"N\u0027loth","player_choice":"Traded a Burning Blood","floor":20,"damage_taken":0},{"event_name":"Masked Bandits","player_choice":"Paid Bandits 10 gold","floor":22,"damage_taken":0}],"is_beta":false,"boss_relics":[{"not_picked":["Runic Cube","Snecko Eye"],"picked":"Runic Pyramid"}],"items_purged_floors":[5],"is_endless":false,"potions_floor_spawned":[3,13,16,25,28],"killed_by":"Automaton","ascension_level":3}