{"gold_per_floor":[119,119,119,129,142,142,292,323,370,370,381,401,435,435],"floor_reached":14,"playtime":463,"items_purged":[],"score":185,"play_id":"e62bd458-0504-4a39-b917-67f6be7621a4","local_time":"20181002081540","is_ascension_mode":true,"campfire_choices":[{"data":"Zap","floor":6.0,"key":"SMITH"},{"data":"Dualcast","floor":10.0,"key":"SMITH"}],"neow_cost":"CURSE","seed_source_timestamp":293379922355819,"circlet_count":0,"master_deck":["Strike_B","Strike_B","Strike_B","Strike_B","Defend_B","Defend_B","Defend_B","Defend_B","Zap+1","Dualcast+1","AscendersBane","Turbo","Leap","Go for the Eyes","Doubt","Cold Snap","Machine Learning","Doom and Gloom","Chill"],"special_seed":0,"relics":["Cracked Core","Bag of Marbles","DataDisk","Vajra"],"potions_floor_usage":[],"damage_taken":[{"damage":7.0,"enemies":"Jaw Worm","floor":1.0,"turns":2.0},{"damage":0.0,"enemies":"2 Louse","floor":4.0,"turns":2.0},{"damage":4.0,"enemies":"Small Slimes","floor":5.0,"turns":3.0},{"damage":35.0,"enemies":"Lagavulin","floor":8.0,"turns":10.0},{"damage":5.0,"enemies":"3 Louse","floor":11.0,"turns":3.0},{"damage":17.0,"enemies":"Large Slime","floor":12.0,"turns":5.0},{"damage":7.0,"enemies":"3 Sentries","floor":13.0,"turns":5.0},{"damage":8,"enemies":"Exordium Wildlife","floor":14,"turns":2}],"seed_played":"-6733981056314398224","potions_obtained":[{"floor":1.0,"key":"Explosive Potion"},{"floor":5.0,"key":"Swift Potion"},{"floor":12.0,"key":"Weak Potion"}],"is_trial":false,"path_per_floor":["M","?","?","M","M","R","?","E","T","R","M","M","E"],"character_chosen":"DEFECT","items_purchased":[],"campfire_rested":0,"item_purchase_floors":[],"current_hp_per_floor":[71,76,76,76,72,72,72,37,37,37,32,15,8,0],"gold":435,"neow_bonus":"TWENTY_PERCENT_HP_BONUS","is_prod":false,"is_daily":false,"chose_seed":false,"campfire_upgraded":2,"win_rate":0,"timestamp":1538460940,"path_taken":["M","?","?","M","?","R","?","E","T","R","M","M","E","M"],"build_version":"2018-09-27","purchased_purges":0,"victory":false,"max_hp_per_floor":[85,90,87,87,87,87,87,87,87,87,87,87,87,87],"card_choices":[{"not_picked":["Coolheaded","Storm"],"picked":"Turbo","floor":1.0},{"not_picked":["Skim","Barrage"],"picked":"Leap","floor":4.0},{"not_picked":["Rebound","Static Discharge"],"picked":"Go for the Eyes","floor":5.0},{"not_picked":["Fusion","Turbo"],"picked":"Cold Snap","floor":8.0},{"not_picked":["Double Energy","Rebound"],"picked":"Machine Learning","floor":11.0},{"not_picked":["Conserve Battery","White Noise"],"picked":"Doom and Gloom","floor":12.0},{"not_picked":["Chaos","Sweeping Beam"],"picked":"Chill","floor":13.0}],"player_experience":797404,"relics_obtained":[{"floor":8.0,"key":"Bag of Marbles"},{"floor":9.0,"key":"DataDisk"},{"floor":13.0,"key":"Vajra"}],"event_choices":[{"event_name":"Big Fish","player_choice":"Donut","floor":2.0,"damage_taken":0.0},{"event_name":"Living Wall","player_choice":"Forget","floor":3.0,"damage_taken":0.0},{"event_name":"Liars Game","player_choice":"agreed","floor":7.0,"damage_taken":0.0}],"is_beta":false,"boss_relics":[],"items_purged_floors":[],"is_endless":false,"potions_floor_spawned":[1,5,12],"killed_by":"Exordium Wildlife","ascension_level":17}