{"gold_per_floor":[112,128,128,139,150,150,166,166,245,245,420,420,420,455,455,576,576,592,613,613,613,738,738],"floor_reached":23,"playtime":852,"items_purged":[],"score":284,"play_id":"ed5edc83-4e68-4d8e-b77c-251556785962","local_time":"20190210004529","is_ascension_mode":true,"campfire_choices":[{"data":"Terror","floor":6.0,"key":"SMITH"},{"data":"Poisoned Stab","floor":8.0,"key":"SMITH"},{"data":"Caltrops","floor":10.0,"key":"SMITH"},{"data":"Neutralize","floor":12.0,"key":"SMITH"},{"data":"Dash","floor":15.0,"key":"SMITH"}],"neow_cost":"NONE","seed_source_timestamp":0,"circlet_count":0,"master_deck":["AscendersBane","Defend_G","Defend_G","Defend_G","Defend_G","Strike_G","Strike_G","Strike_G","Strike_G","Strike_G","Survivor","Neutralize+1","Caltrops+1","Poisoned Stab+1","Terror+1","Escape Plan","Dodge and Roll","Doubt","Dash+1","Glass Knife","Caltrops+1","Infinite Blades","Prepared","RitualDagger","Malaise"],"special_seed":0,"relics":["Ring of the Snake","Bottled Lightning","Golden Idol","Prayer Wheel","WristBlade","Nunchaku","Dodecahedron"],"potions_floor_usage":[],"damage_taken":[{"damage":1.0,"enemies":"Cultist","floor":1.0,"turns":5.0},{"damage":1.0,"enemies":"Small Slimes","floor":2.0,"turns":4.0},{"damage":0.0,"enemies":"Jaw Worm","floor":4.0,"turns":3.0},{"damage":1.0,"enemies":"3 Louse","floor":5.0,"turns":2.0},{"damage":4.0,"enemies":"Blue Slaver","floor":7.0,"turns":4.0},{"damage":23.0,"enemies":"Lagavulin","floor":14.0,"turns":8.0},{"damage":26.0,"enemies":"Hexaghost","floor":16.0,"turns":9.0},{"damage":8.0,"enemies":"Chosen","floor":18.0,"turns":4.0},{"damage":3.0,"enemies":"2 Thieves","floor":19.0,"turns":4.0},{"damage":16.0,"enemies":"Colosseum Slavers","floor":22.0,"turns":6.0},{"damage":17.0,"enemies":"Colosseum Nobs","floor":22.0,"turns":4.0},{"damage":42,"enemies":"Slavers","floor":23,"turns":4}],"seed_played":"7476535356306929679","potions_obtained":[{"floor":1.0,"key":"Explosive Potion"},{"floor":4.0,"key":"Energy Potion"},{"floor":14.0,"key":"Fire Potion"},{"floor":18.0,"key":"PowerPotion"}],"is_trial":false,"path_per_floor":["M","M","?","M","M","R","M","R","T","R","?","R","?","E","R","B",null,"M","M","?","?","?","E"],"character_chosen":"THE_SILENT","items_purchased":[],"campfire_rested":0,"item_purchase_floors":[],"current_hp_per_floor":[62,61,80,80,79,79,75,75,75,75,75,75,74,51,51,25,62,54,51,45,69,36,0],"gold":738,"neow_bonus":"TRANSFORM_CARD","is_prod":false,"is_daily":false,"chose_seed":false,"campfire_upgraded":5,"win_rate":0,"timestamp":1549755929,"path_taken":["M","?","?","?","M","R","M","R","T","R","?","R","?","E","R","BOSS","M","M","?","?","?","E"],"build_version":"2019-01-23","purchased_purges":0,"victory":false,"max_hp_per_floor":[70,70,80,80,80,80,80,80,80,80,80,80,74,74,74,74,74,74,74,74,74,74,74],"card_choices":[{"not_picked":["Acrobatics","Concentrate"],"picked":"Caltrops","floor":1.0},{"not_picked":["Sucker Punch","Catalyst"],"picked":"Poisoned Stab","floor":2.0},{"not_picked":["Bane","Dagger Throw"],"picked":"Terror","floor":4.0},{"not_picked":["Outmaneuver","Riddle With Holes"],"picked":"Escape Plan","floor":5.0},{"not_picked":["Flying Knee","Terror"],"picked":"Dodge and Roll","floor":7.0},{"not_picked":["Choke","PiercingWail"],"picked":"Dash","floor":14.0},{"not_picked":["Tools of the Trade","A Thousand Cuts"],"picked":"Glass Knife","floor":16.0},{"not_picked":["Outmaneuver","Underhanded Strike"],"picked":"Caltrops+1","floor":18.0},{"not_picked":["Dagger Throw","Cloak And Dagger"],"picked":"Infinite Blades","floor":18.0},{"not_picked":["Accuracy","Poisoned Stab"],"picked":"Prepared","floor":19.0},{"not_picked":["Underhanded Strike","Caltrops","Quick Slash"],"picked":"SKIP","floor":19.0},{"not_picked":["Riddle With Holes","Heel Hook+1"],"picked":"Malaise","floor":22.0}],"player_experience":1017240,"relics_obtained":[{"floor":9.0,"key":"Bottled Lightning"},{"floor":14.0,"key":"Prayer Wheel"},{"floor":22.0,"key":"Nunchaku"},{"floor":22.0,"key":"Dodecahedron"}],"event_choices":[{"cards_removed":["Wraith Form v2"],"damage_healed":9.0,"max_hp_gain":10.0,"max_hp_loss":0.0,"gold_gain":0.0,"event_name":"Bonfire Elementals","player_choice":"Offered Rare","floor":3.0,"gold_loss":0.0,"damage_taken":0.0},{"damage_healed":0.0,"max_hp_gain":0.0,"max_hp_loss":0.0,"gold_gain":175.0,"event_name":"Liars Game","player_choice":"AGREE","floor":11.0,"gold_loss":0.0,"damage_taken":0.0,"cards_obtained":["Doubt"]},{"damage_healed":0.0,"max_hp_gain":0.0,"max_hp_loss":6.0,"gold_gain":0.0,"event_name":"Golden Idol","player_choice":"Lose Max HP","floor":13.0,"gold_loss":0.0,"damage_taken":0.0,"relics_obtained":["Golden Idol"]},{"damage_healed":0.0,"max_hp_gain":0.0,"max_hp_loss":0.0,"gold_gain":0.0,"event_name":"Nest","player_choice":"Joined the Cult","floor":20.0,"gold_loss":0.0,"damage_taken":6.0,"cards_obtained":["RitualDagger"]},{"damage_healed":24.0,"max_hp_gain":0.0,"max_hp_loss":0.0,"gold_gain":0.0,"event_name":"The Library","player_choice":"Heal","floor":21.0,"gold_loss":0.0,"damage_taken":0.0},{"damage_healed":0.0,"max_hp_gain":0.0,"max_hp_loss":0.0,"gold_gain":0.0,"event_name":"Colosseum","player_choice":"Fight","floor":22.0,"gold_loss":0.0,"damage_taken":0.0},{"damage_healed":0.0,"max_hp_gain":0.0,"max_hp_loss":0.0,"gold_gain":0.0,"event_name":"Colosseum","player_choice":"Fought Nobs","floor":22.0,"gold_loss":0.0,"damage_taken":0.0}],"is_beta":false,"boss_relics":[{"not_picked":["White Beast Statue","Pandora\u0027s Box"],"picked":"WristBlade"}],"items_purged_floors":[],"is_endless":false,"potions_floor_spawned":[1,4,14,18,22],"killed_by":"Slavers","ascension_level":10}