{"gold_per_floor":[109,119,16,34,109,109,123,140,140,151,167,185,237,268,268,366,366,335,353,7,7,21,21,35,55,55,55],"floor_reached":27,"playtime":4936,"items_purged":[],"score":221,"play_id":"b6512e75-9a90-4253-8b7d-6f4b62c72327","local_time":"20180626002246","is_ascension_mode":false,"campfire_choices":[{"data":"Strike_R","floor":6.0,"key":"SMITH"},{"floor":15,"key":"REST"},{"data":"Anger","floor":23,"key":"SMITH"}],"neow_cost":"","seed_source_timestamp":0,"circlet_count":0,"master_deck":["Strike_R","Strike_R+1","Strike_R","Strike_R","Strike_R","Defend_R","Defend_R","Defend_R","Defend_R","Bash","Rupture","Intimidate+1","Finesse","Uppercut","Cleave","Iron Wave","Shrug It Off","Anger+1","Shrug It Off","Iron Wave","Barricade","Perfected Strike+1","Whirlwind","Apotheosis+1","Thunderclap+1","Dropkick","Clothesline+1"],"special_seed":0,"relics":["Burning Blood","Pear","Peace Pipe","Mark of Pain","Bag of Preparation","War Paint"],"potions_floor_usage":[14,16,16],"damage_taken":[{"damage":10.0,"enemies":"2 Louse","floor":1.0,"turns":3.0},{"damage":8.0,"enemies":"Small Slimes","floor":2.0,"turns":3.0},{"damage":6.0,"enemies":"Jaw Worm","floor":4.0,"turns":4.0},{"damage":8.0,"enemies":"Large Slime","floor":7.0,"turns":5.0},{"damage":2.0,"enemies":"3 Louse","floor":8.0,"turns":2.0},{"damage":18.0,"enemies":"Exordium Thugs","floor":10.0,"turns":5.0},{"damage":10.0,"enemies":"Red Slaver","floor":11.0,"turns":3.0},{"damage":13.0,"enemies":"3 Louse","floor":12.0,"turns":5.0},{"damage":27,"enemies":"Gremlin Nob","floor":14,"turns":5},{"damage":55,"enemies":"The Guardian","floor":16,"turns":12},{"damage":15,"enemies":"2 Thieves","floor":18,"turns":5},{"damage":26,"enemies":"3 Byrds","floor":19,"turns":7},{"damage":7,"enemies":"Centurion and Healer","floor":22,"turns":7},{"damage":34,"enemies":"Cultist and Chosen","floor":24,"turns":7},{"damage":31,"enemies":"3 Cultists","floor":25,"turns":5},{"damage":10,"enemies":"Snake Plant","floor":27,"turns":1}],"seed_played":"-1874830827419590528","potions_obtained":[{"floor":4.0,"key":"FearPotion"},{"floor":10.0,"key":"AttackPotion"},{"floor":11.0,"key":"Poison Potion"},{"floor":14,"key":"SpeedPotion"},{"floor":24,"key":"PowerPotion"},{"floor":25,"key":"SteroidPotion"}],"is_trial":false,"path_per_floor":["M","M","$","M","?","R","M","M","T","M","M","M","?","E","R","B",null,"M","M","$","$","M","R","M","M","T"],"character_chosen":"IRONCLAD","items_purchased":["Finesse","Apotheosis","Bag of Preparation"],"campfire_rested":1,"item_purchase_floors":[],"current_hp_per_floor":[76,74,74,74,63,63,61,65,75,63,59,52,52,31,58,9,90,81,61,61,61,60,60,32,7,7,0],"gold":55,"neow_bonus":"","is_prod":false,"is_daily":false,"chose_seed":false,"campfire_upgraded":2,"win_rate":0.0,"timestamp":1529986966,"path_taken":["M","M","$","M","?","R","M","M","T","M","M","M","?","E","R","BOSS","M","M","?","$","M","R","M","M","T","M"],"build_version":"2018-06-21v2","purchased_purges":0,"victory":false,"max_hp_per_floor":[80,80,80,80,80,80,80,80,90,90,90,90,90,90,90,90,90,90,90,90,90,90,90,90,90,90,90],"card_choices":[{"not_picked":["Clash","Flex"],"picked":"Rupture","floor":1.0},{"not_picked":["Perfected Strike","Thunderclap"],"picked":"Intimidate","floor":2.0},{"not_picked":["Infernal Blade","Fire Breathing"],"picked":"Uppercut","floor":4.0},{"not_picked":["Warcry","True Grit"],"picked":"Cleave","floor":7.0},{"not_picked":["Perfected Strike","Shrug It Off"],"picked":"Iron Wave","floor":8.0},{"not_picked":["Infernal Blade","Power Through"],"picked":"Shrug It Off","floor":10.0},{"not_picked":["Flex","Iron Wave"],"picked":"Anger","floor":11.0},{"not_picked":["Infernal Blade","Clash"],"picked":"Shrug It Off","floor":12},{"not_picked":["Inflame","Bloodletting"],"picked":"Iron Wave","floor":14},{"not_picked":["Juggernaut","Feed"],"picked":"Barricade","floor":16},{"not_picked":["Shrug It Off","Thunderclap"],"picked":"Perfected Strike+1","floor":18},{"not_picked":["Twin Strike+1","Perfected Strike"],"picked":"Whirlwind","floor":19},{"not_picked":["Cleave","True Grit"],"picked":"Thunderclap+1","floor":22},{"not_picked":["Warcry","Pummel"],"picked":"Dropkick","floor":24},{"not_picked":["Body Slam+1","Armaments"],"picked":"Clothesline+1","floor":25}],"player_experience":0,"relics_obtained":[{"floor":9.0,"key":"Pear"},{"floor":14,"key":"Peace Pipe"},{"floor":26,"key":"War Paint"}],"event_choices":[{"event_name":"World of Goop","player_choice":"Gather Gold","floor":5.0,"damage_taken":0.0},{"event_name":"Golden Wing","player_choice":"Gained Gold","floor":13,"damage_taken":0}],"boss_relics":[{"not_picked":["Busted Crown","Sozu"],"picked":"Mark of Pain"}],"items_purged_floors":[],"is_endless":false,"potions_floor_spawned":[4,10,11,12,14,24,25],"killed_by":"Snake Plant","ascension_level":0}