{"gold_per_floor":[114,114,114,79,97,97,117,145,145,145,157,176,211,286,286,363,363,379,379,0,17,67,67,82,82,82,82,102,121,121,146,146,219,219,239,249,31,47,147,147,179,179,179,212,212,212,212,212,212,212,212],"floor_reached":52,"playtime":2171,"items_purged":["Strike_B","Parasite"],"score":1907,"play_id":"8c6195f6-e771-4417-a3e5-3a14e4aa484e","local_time":"20190115023431","is_ascension_mode":true,"campfire_choices":[{"data":"Zap","floor":6.0,"key":"SMITH"},{"data":"Dualcast","floor":10.0,"key":"SMITH"},{"data":"Conserve Battery","floor":15.0,"key":"SMITH"},{"data":"Ball Lightning","floor":23.0,"key":"SMITH"},{"data":"Ball Lightning","floor":25.0,"key":"SMITH"},{"data":"Self Repair","floor":27.0,"key":"SMITH"},{"data":"Hologram","floor":32.0,"key":"SMITH"},{"data":"Stack","floor":40.0,"key":"SMITH"},{"data":"Defragment","floor":42.0,"key":"SMITH"},{"data":"Buffer","floor":45.0,"key":"SMITH"},{"floor":49.0,"key":"DIG"}],"neow_cost":"NONE","seed_source_timestamp":457166546378814,"circlet_count":0,"master_deck":["AscendersBane","Defend_B","Defend_B+1","Defend_B","Defend_B+1","Zap+1","Dualcast+1","Ball Lightning+1","Conserve Battery+1","Ball Lightning+1","Cold Snap","Core Surge","Echo Form","Hologram+1","Glacier","Electrodynamics","Melter+1","Redo+1","Auto Shields+1","Stack+1","Defragment+1","Doubt","Buffer+1","Writhe"],"special_seed":0,"relics":["Cracked Core","NeowsBlessing","Matryoshka","Meat on the Bone","Bronze Scales","The Courier","Cursed Key","ClockworkSouvenir","Anchor","Darkstone Periapt","Mummified Hand","Shuriken","Astrolabe","Strawberry","Shovel","Sundial","Pear","Ornamental Fan","Bottled Tornado"],"potions_floor_usage":[],"damage_taken":[{"damage":0.0,"enemies":"Small Slimes","floor":1.0,"turns":1.0},{"damage":0.0,"enemies":"2 Louse","floor":5.0,"turns":1.0},{"damage":0.0,"enemies":"Jaw Worm","floor":7.0,"turns":1.0},{"damage":43.0,"enemies":"Gremlin Nob","floor":8.0,"turns":5.0},{"damage":13.0,"enemies":"Blue Slaver","floor":11.0,"turns":2.0},{"damage":0.0,"enemies":"2 Fungi Beasts","floor":12.0,"turns":2.0},{"damage":15.0,"enemies":"Lagavulin","floor":13.0,"turns":5.0},{"damage":31.0,"enemies":"The Guardian","floor":16.0,"turns":9.0},{"damage":21.0,"enemies":"2 Thieves","floor":18.0,"turns":4.0},{"damage":10.0,"enemies":"Shell Parasite","floor":21.0,"turns":3.0},{"damage":8.0,"enemies":"Snake Plant","floor":24.0,"turns":4.0},{"damage":16.0,"enemies":"Chosen and Byrds","floor":28.0,"turns":4.0},{"damage":11.0,"enemies":"Snecko","floor":29.0,"turns":4.0},{"damage":3.0,"enemies":"Gremlin Leader","floor":31.0,"turns":7.0},{"damage":39.0,"enemies":"Champ","floor":33.0,"turns":11.0},{"damage":46.0,"enemies":"3 Darklings","floor":35.0,"turns":4.0},{"damage":12.0,"enemies":"Orb Walker","floor":36.0,"turns":4.0},{"damage":30.0,"enemies":"Writhing Mass","floor":38.0,"turns":6.0},{"damage":0.0,"enemies":"Mind Bloom Boss Battle","floor":39.0,"turns":9.0},{"damage":53.0,"enemies":"Reptomancer","floor":41.0,"turns":7.0},{"damage":17.0,"enemies":"Nemesis","floor":44.0,"turns":9.0},{"damage":0.0,"enemies":"Giant Head","floor":46.0,"turns":8.0},{"damage":38.0,"enemies":"Donu and Deca","floor":50.0,"turns":16.0},{"damage":57,"enemies":"Time Eater","floor":51,"turns":14}],"seed_played":"5843823079831970869","potions_obtained":[{"floor":1.0,"key":"Energy Potion"},{"floor":7.0,"key":"Ancient Potion"},{"floor":12.0,"key":"Regen Potion"},{"floor":13.0,"key":"Dexterity Potion"},{"floor":21.0,"key":"SteroidPotion"},{"floor":24.0,"key":"Fire Potion"},{"floor":36.0,"key":"SmokeBomb"},{"floor":39.0,"key":"SneckoOil"},{"floor":41.0,"key":"Dexterity Potion"}],"is_trial":false,"path_per_floor":["M","?","?","?","M","R","M","E","T","R","M","M","E","?","R","B",null,"M","?","$","M","?","R","M","R","T","R","M","M","?","E","R","B",null,"M","M","$","M","?","R","E","R","T","E","R","E","?","?","R","B","B",null],"character_chosen":"DEFECT","items_purchased":["ClockworkSouvenir","Anchor","Strawberry"],"campfire_rested":0,"item_purchase_floors":[20,20,37],"current_hp_per_floor":[64,69,46,65,65,65,65,22,22,22,21,40,46,35,35,23,63,49,49,49,39,39,39,57,57,57,57,51,50,50,57,57,40,67,43,53,60,52,62,62,41,41,57,62,62,72,97,97,97,59,14],"gold":212,"neow_bonus":"THREE_ENEMY_KILL","is_prod":false,"is_daily":false,"chose_seed":false,"campfire_upgraded":10,"win_rate":0,"timestamp":1547516071,"path_taken":["M","?","?","?","M","R","M","E","T","R","M","M","E","?","R","BOSS","M","?","$","M","?","R","M","R","T","R","M","M","?","E","R","BOSS","M","M","$","M","?","R","E","R","T","E","R","E","?","?","R","BOSS","BOSS"],"build_version":"2019-01-10","purchased_purges":2,"victory":true,"max_hp_per_floor":[71,76,76,76,76,76,76,76,76,76,76,76,76,76,76,76,76,76,76,76,76,76,76,76,76,76,76,76,76,76,76,76,76,76,76,76,80,80,80,80,80,80,96,96,96,96,102,102,102,102,102],"card_choices":[{"not_picked":["Redo","Hello World"],"picked":"Self Repair","floor":1.0},{"not_picked":["Barrage","Rebound"],"picked":"Ball Lightning","floor":5.0},{"not_picked":["Gash","Go for the Eyes"],"picked":"Conserve Battery","floor":7.0},{"not_picked":["Heatsinks","Blizzard"],"picked":"Ball Lightning","floor":8.0},{"not_picked":["Compile Driver","Lockon","Stack"],"picked":"SKIP","floor":11.0},{"not_picked":["Streamline","Hologram"],"picked":"Cold Snap","floor":12.0},{"not_picked":["Doom and Gloom","Hello World"],"picked":"Core Surge","floor":13.0},{"not_picked":["Multi-Cast","Meteor Strike"],"picked":"Echo Form","floor":16.0},{"not_picked":["Stack","Darkness","Consume"],"picked":"SKIP","floor":18.0},{"not_picked":["Turbo","Conserve Battery+1","Rebound"],"picked":"SKIP","floor":21.0},{"not_picked":["Hello World","Recycle","Streamline"],"picked":"SKIP","floor":24.0},{"not_picked":["Gash","Ball Lightning"],"picked":"Hologram","floor":28.0},{"not_picked":["Lockon","Steam","Streamline"],"picked":"SKIP","floor":29.0},{"not_picked":["Barrage","Auto Shields"],"picked":"Glacier","floor":31.0},{"not_picked":["Seek","Reboot"],"picked":"Electrodynamics","floor":33.0},{"not_picked":["Coolheaded+1","Gash+1","Sweeping Beam"],"picked":"SKIP","floor":35.0},{"not_picked":["Genetic Algorithm","Ball Lightning"],"picked":"Stack","floor":36.0},{"not_picked":["Darkness+1","Ball Lightning","Hyperbeam"],"picked":"SKIP","floor":38.0},{"not_picked":["Stack","Buffer"],"picked":"Defragment","floor":41.0},{"not_picked":["Self Repair","Double Energy"],"picked":"Buffer","floor":44.0}],"player_experience":910456,"relics_obtained":[{"floor":8.0,"key":"Matryoshka"},{"floor":9.0,"key":"Meat on the Bone"},{"floor":9.0,"key":"Bronze Scales"},{"floor":13.0,"key":"The Courier"},{"floor":26.0,"key":"Darkstone Periapt"},{"floor":26.0,"key":"Mummified Hand"},{"floor":31.0,"key":"Shuriken"},{"floor":39.0,"key":"Shovel"},{"floor":41.0,"key":"Sundial"},{"floor":43.0,"key":"Pear"},{"floor":44.0,"key":"Ornamental Fan"},{"floor":49.0,"key":"Bottled Tornado"}],"event_choices":[{"damage_healed":0.0,"max_hp_gain":5.0,"max_hp_loss":0.0,"gold_gain":0.0,"event_name":"Big Fish","player_choice":"Donut","floor":2.0,"gold_loss":0.0,"damage_taken":0.0},{"damage_healed":0.0,"max_hp_gain":0.0,"max_hp_loss":0.0,"gold_gain":0.0,"event_name":"Shining Light","player_choice":"Entered Light","floor":3.0,"gold_loss":0.0,"damage_taken":23.0,"cards_upgraded":["Defend_B","Defend_B"]},{"damage_healed":19.0,"max_hp_gain":0.0,"max_hp_loss":0.0,"gold_gain":0.0,"event_name":"The Cleric","player_choice":"Healed","floor":4.0,"gold_loss":35.0,"damage_taken":0.0},{"damage_healed":0.0,"max_hp_gain":0.0,"max_hp_loss":0.0,"gold_gain":75.0,"event_name":"World of Goop","player_choice":"Gather Gold","floor":14.0,"gold_loss":0.0,"damage_taken":11.0},{"damage_healed":0.0,"max_hp_gain":0.0,"max_hp_loss":0.0,"gold_gain":0.0,"event_name":"Ghosts","player_choice":"Ignored","floor":19.0,"gold_loss":0.0,"damage_taken":0.0},{"damage_healed":0.0,"max_hp_gain":0.0,"max_hp_loss":0.0,"gold_gain":50.0,"event_name":"Nest","player_choice":"Stole From Cult","floor":22.0,"gold_loss":0.0,"damage_taken":0.0},{"damage_healed":0.0,"max_hp_gain":0.0,"max_hp_loss":0.0,"gold_gain":0.0,"event_name":"Vampires","player_choice":"Ignored","floor":30.0,"gold_loss":0.0,"damage_taken":0.0},{"damage_healed":0.0,"max_hp_gain":0.0,"max_hp_loss":0.0,"gold_gain":0.0,"event_name":"MindBloom","player_choice":"Fight","floor":39.0,"gold_loss":0.0,"damage_taken":0.0},{"damage_healed":19.0,"max_hp_gain":0.0,"max_hp_loss":0.0,"gold_gain":0.0,"event_name":"Winding Halls","player_choice":"Writhe","floor":47.0,"gold_loss":0.0,"damage_taken":0.0,"cards_obtained":["Writhe"]},{"cards_removed":["Self Repair"],"damage_healed":0.0,"max_hp_gain":0.0,"max_hp_loss":0.0,"gold_gain":0.0,"event_name":"Falling","player_choice":"Removed Power","floor":48.0,"gold_loss":0.0,"damage_taken":0.0}],"is_beta":false,"boss_relics":[{"not_picked":["Eternal Feather","Pandora\u0027s Box"],"picked":"Cursed Key"},{"not_picked":["FrozenCore","Philosopher\u0027s Stone"],"picked":"Astrolabe"}],"items_purged_floors":[20,37],"is_endless":false,"potions_floor_spawned":[1,7,12,13,21,24,28,36,39,41],"ascension_level":20}