{"gold_per_floor":[213,16,46,60,60,60,78,94,121,121,141,3,3,38,38,143,143,153,66,66,83,101,101,115,115,115,115,127,146,161,161,161,256,256,266,284,284,384,397,425,425,725,725,725,292,392,42,56,56,56],"floor_reached":50,"playtime":1376,"items_purged":["Regret","Strike_G","Pain","Writhe"],"score":522,"play_id":"2bc9fd09-2612-4832-af94-4eef94b0e5f3","local_time":"20190313162501","is_ascension_mode":false,"campfire_choices":[{"data":"Neutralize","floor":6.0,"key":"SMITH"},{"data":"Caltrops","floor":13.0,"key":"SMITH"},{"data":"Poisoned Stab","floor":15.0,"key":"SMITH"},{"data":"Phantasmal Killer","floor":23.0,"key":"SMITH"},{"data":"Catalyst","floor":25.0,"key":"SMITH"},{"data":"Cloak And Dagger","floor":27.0,"key":"SMITH"},{"floor":32.0,"key":"REST"},{"floor":41.0,"key":"REST"},{"floor":49.0,"key":"REST"}],"neow_cost":"NONE","seed_source_timestamp":5213257866395,"circlet_count":0,"master_deck":["Defend_G+1","Defend_G+1","Defend_G+1","Defend_G+1","Defend_G+1","Strike_G+1","Strike_G+1","Strike_G+1","Strike_G+1","Survivor","Neutralize+1","Cloak And Dagger+1","Backflip","Poisoned Stab+1","Caltrops+1","Poisoned Stab+1","Glass Knife+1","Poisoned Stab+1","Catalyst+1","Phantasmal Killer+1","Quick Slash+1","Skewer+1","Riddle With Holes+1","Cloak And Dagger+1","Sucker Punch+1","Dagger Spray+1","Dagger Throw+1","Cloak And Dagger+1","Adrenaline","Poisoned Stab+1","Deflect+1","Accuracy","Backflip"],"special_seed":0,"relics":["Ring of the Snake","Membership Card","Tiny Chest","Boot","Molten Egg 2","Regal Pillow","Runic Dome","Pear","Whetstone","Cursed Key","Shuriken","Old Coin","Bronze Scales","Snake Skull","Pantograph","Toolbox","Unceasing Top","Mummified Hand","Turnip"],"potions_floor_usage":[50,50,50],"damage_taken":[{"damage":0.0,"enemies":"Cultist","floor":1.0,"turns":5.0},{"damage":7.0,"enemies":"Small Slimes","floor":4.0,"turns":5.0},{"damage":2.0,"enemies":"Jaw Worm","floor":7.0,"turns":5.0},{"damage":3.0,"enemies":"Exordium Wildlife","floor":8.0,"turns":9.0},{"damage":5.0,"enemies":"2 Fungi Beasts","floor":11.0,"turns":4.0},{"damage":11.0,"enemies":"Lagavulin","floor":14.0,"turns":6.0},{"damage":36.0,"enemies":"Slime Boss","floor":16.0,"turns":9.0},{"damage":8.0,"enemies":"Shell Parasite","floor":18.0,"turns":3.0},{"damage":4.0,"enemies":"2 Thieves","floor":21.0,"turns":3.0},{"damage":6.0,"enemies":"Snake Plant","floor":22.0,"turns":3.0},{"damage":8.0,"enemies":"Chosen and Byrds","floor":24.0,"turns":5.0},{"damage":4.0,"enemies":"3 Cultists","floor":28.0,"turns":3.0},{"damage":0.0,"enemies":"Snecko","floor":29.0,"turns":4.0},{"damage":11.0,"enemies":"Centurion and Healer","floor":30.0,"turns":4.0},{"damage":91.0,"enemies":"Champ","floor":33.0,"turns":11.0},{"damage":7.0,"enemies":"3 Shapes","floor":35.0,"turns":5.0},{"damage":15.0,"enemies":"3 Darklings","floor":36.0,"turns":5.0},{"damage":2.0,"enemies":"Sphere and 2 Shapes","floor":39.0,"turns":3.0},{"damage":19.0,"enemies":"Nemesis","floor":40.0,"turns":4.0},{"damage":11.0,"enemies":"Mind Bloom Boss Battle","floor":46.0,"turns":5.0},{"damage":0.0,"enemies":"Jaw Worm Horde","floor":48.0,"turns":3.0},{"damage":81,"enemies":"Time Eater","floor":50,"turns":8}],"seed_played":"-738477229065247536","potions_obtained":[{"floor":4.0,"key":"Block Potion"},{"floor":16.0,"key":"Regen Potion"},{"floor":21.0,"key":"Regen Potion"},{"floor":29.0,"key":"Ancient Potion"},{"floor":33.0,"key":"SpeedPotion"},{"floor":35.0,"key":"Dexterity Potion"}],"is_trial":false,"path_per_floor":["M","$","?","M","?","R","M","M","T","T","M","$","R","E","R","B",null,"M","$","?","M","M","R","M","R","T","R","M","M","M","T","R","B",null,"M","M","?","?","M","E","R","T","T","?","$","?","$","M","R","B"],"character_chosen":"THE_SILENT","items_purchased":["Membership Card","Glass Knife+1","Poisoned Stab+1","Skewer+1","Snake Skull","Pantograph","Toolbox","Accuracy","Backflip","Mummified Hand","Turnip"],"campfire_rested":3,"item_purchase_floors":[2,12,12,19,45,45,45,45,45,47,47],"current_hp_per_floor":[70,70,70,63,63,63,61,58,58,58,53,53,53,42,42,6,70,62,62,62,58,52,52,44,44,54,54,50,50,39,39,78,21,80,73,58,58,58,56,37,76,76,76,76,76,65,65,65,76,0],"gold":56,"neow_bonus":"HUNDRED_GOLD","is_prod":false,"is_daily":false,"chose_seed":false,"campfire_upgraded":6,"win_rate":0,"timestamp":1552515901,"path_taken":["M","$","?","M","?","R","?","M","T","?","M","$","R","E","R","BOSS","M","$","?","M","M","R","M","R","T","R","M","M","M","?","R","BOSS","M","M","?","?","?","E","R","?","T","?","$","?","?","M","R","BOSS"],"build_version":"2019-01-23","purchased_purges":4,"victory":false,"max_hp_per_floor":[70,70,70,70,70,70,70,70,70,70,70,70,70,70,70,70,70,70,70,70,70,70,70,70,70,80,80,80,80,80,80,80,80,80,80,80,80,80,80,80,80,80,80,76,76,76,76,76,76,76],"card_choices":[{"not_picked":["Dagger Throw","Heel Hook"],"picked":"Cloak And Dagger","floor":1.0},{"not_picked":["Tactician","Bane"],"picked":"Backflip","floor":4.0},{"not_picked":["Flying Knee","Dagger Spray"],"picked":"Poisoned Stab","floor":7.0},{"not_picked":["Deadly Poison","Blade Dance"],"picked":"Caltrops","floor":8.0},{"not_picked":["Heel Hook+1","Blur"],"picked":"Poisoned Stab+1","floor":11.0},{"not_picked":["Setup","Dagger Throw+1"],"picked":"Catalyst","floor":14.0},{"not_picked":["Burst","Tools of the Trade"],"picked":"Phantasmal Killer","floor":16.0},{"not_picked":["Masterful Stab+1","Endless Agony+1"],"picked":"Quick Slash+1","floor":18.0},{"not_picked":["Blur","Bane+1"],"picked":"Riddle With Holes+1","floor":21.0},{"not_picked":["Slice+1","Deflect"],"picked":"Cloak And Dagger+1","floor":22.0},{"not_picked":["Endless Agony+1","Prepared+1"],"picked":"Sucker Punch+1","floor":24.0},{"not_picked":["Acrobatics","Bane+1"],"picked":"Dagger Spray+1","floor":28.0},{"not_picked":["Bane+1","Sucker Punch+1"],"picked":"Dagger Throw+1","floor":29.0},{"not_picked":["Blade Dance+1","Backstab+1"],"picked":"Cloak And Dagger+1","floor":30.0},{"not_picked":["Grand Finale+1","Wraith Form v2"],"picked":"Adrenaline","floor":33.0},{"not_picked":["Concentrate","Underhanded Strike+1"],"picked":"Poisoned Stab+1","floor":35.0},{"not_picked":["Caltrops","Flechettes+1","Sucker Punch+1"],"picked":"SKIP","floor":36.0},{"not_picked":["Blade Dance","Prepared","Underhanded Strike+1"],"picked":"SKIP","floor":39.0},{"not_picked":["Setup+1","Flechettes+1"],"picked":"Deflect+1","floor":40.0},{"not_picked":["Prepared+1","Outmaneuver+1","Cloak And Dagger"],"picked":"SKIP","floor":48.0}],"player_experience":1049433,"relics_obtained":[{"floor":9.0,"key":"Boot"},{"floor":10.0,"key":"Molten Egg 2"},{"floor":14.0,"key":"Regal Pillow"},{"floor":26.0,"key":"Pear"},{"floor":31.0,"key":"Whetstone"},{"floor":40.0,"key":"Shuriken"},{"floor":42.0,"key":"Old Coin"},{"floor":43.0,"key":"Bronze Scales"},{"floor":46.0,"key":"Unceasing Top"}],"event_choices":[{"damage_healed":0.0,"max_hp_gain":0.0,"max_hp_loss":0.0,"gold_gain":0.0,"event_name":"Big Fish","player_choice":"Box","floor":3.0,"gold_loss":0.0,"damage_taken":0.0,"relics_obtained":["Tiny Chest"],"cards_obtained":["Regret"]},{"damage_healed":0.0,"max_hp_gain":0.0,"max_hp_loss":0.0,"gold_gain":0.0,"event_name":"The Woman in Blue","player_choice":"Bought 0 Potions","floor":5.0,"gold_loss":0.0,"damage_taken":0.0},{"damage_healed":0.0,"max_hp_gain":0.0,"max_hp_loss":0.0,"gold_gain":0.0,"event_name":"Back to Basics","player_choice":"Simplicity","floor":20.0,"gold_loss":0.0,"damage_taken":0.0,"cards_upgraded":["Defend_G","Defend_G","Defend_G","Defend_G","Defend_G","Strike_G","Strike_G","Strike_G","Strike_G"]},{"damage_healed":0.0,"max_hp_gain":0.0,"max_hp_loss":0.0,"gold_gain":0.0,"event_name":"SensoryStone","player_choice":"Memory 1","floor":37.0,"gold_loss":0.0,"damage_taken":0.0},{"damage_healed":0.0,"max_hp_gain":0.0,"max_hp_loss":0.0,"gold_gain":100.0,"event_name":"Golden Shrine","player_choice":"Pray","floor":38.0,"gold_loss":0.0,"damage_taken":0.0},{"damage_healed":0.0,"max_hp_gain":0.0,"max_hp_loss":4.0,"gold_gain":0.0,"event_name":"Winding Halls","player_choice":"Max HP","floor":44.0,"gold_loss":0.0,"damage_taken":0.0},{"damage_healed":0.0,"max_hp_gain":0.0,"max_hp_loss":0.0,"gold_gain":0.0,"event_name":"MindBloom","player_choice":"Fight","floor":46.0,"gold_loss":0.0,"damage_taken":0.0}],"is_beta":false,"boss_relics":[{"not_picked":["Pandora\u0027s Box","WristBlade"],"picked":"Runic Dome"},{"not_picked":["Black Star","Ring of the Serpent"],"picked":"Cursed Key"}],"items_purged_floors":[12,19,45,47],"is_endless":false,"potions_floor_spawned":[4,16,21,29,33,35,40,46],"killed_by":"Time Eater","ascension_level":0}