{"gold_per_floor":[112,112,128,53,53,53,78,92,92,92,119,119,69,95,95,168,168,179,179,194,210,210],"floor_reached":22,"playtime":866,"items_purged":[],"score":454,"play_id":"73ee4aed-6e18-47ad-9819-785c67a7cb67","local_time":"20190309032014","is_ascension_mode":true,"campfire_choices":[{"data":"Reckless Charge","floor":6.0,"key":"SMITH"},{"data":"Searing Blow","floor":10.0,"key":"SMITH"},{"data":"Searing Blow+1","floor":12.0,"key":"SMITH"},{"data":"Searing Blow+2","floor":15,"key":"SMITH"}],"neow_cost":"NONE","seed_source_timestamp":907918170271039,"circlet_count":0,"master_deck":["AscendersBane","Strike_R","Defend_R","Defend_R","Defend_R","Bash","Reckless Charge+1","Flame Barrier","Thunderclap","Searing Blow+3","Dropkick","Armaments+1","Headbutt","Bludgeon","Rampage+1","Carnage+1","True Grit+1","Writhe"],"special_seed":0,"relics":["Burning Blood","NeowsBlessing","Gambling Chip","Bird Faced Urn","Toxic Egg 2","Regal Pillow","Astrolabe","Meat on the Bone"],"potions_floor_usage":[18,20,21],"damage_taken":[{"damage":0.0,"enemies":"2 Louse","floor":1.0,"turns":1.0},{"damage":0.0,"enemies":"Jaw Worm","floor":3.0,"turns":1.0},{"damage":0.0,"enemies":"Gremlin Nob","floor":7.0,"turns":1.0},{"damage":7.0,"enemies":"Small Slimes","floor":8.0,"turns":4.0},{"damage":33.0,"enemies":"Lagavulin","floor":11.0,"turns":6.0},{"damage":8,"enemies":"Gremlin Nob","floor":14,"turns":3},{"damage":43,"enemies":"Slime Boss","floor":16,"turns":10},{"damage":1,"enemies":"Spheric Guardian","floor":18,"turns":3},{"damage":19,"enemies":"Shell Parasite","floor":20,"turns":6},{"damage":50,"enemies":"Shelled Parasite and Fungi","floor":21,"turns":6},{"damage":23,"enemies":"Colosseum Slavers","floor":22,"turns":2}],"seed_played":"2825071581452574586","potions_obtained":[{"floor":1.0,"key":"Block Potion"},{"floor":8.0,"key":"PowerPotion"},{"floor":11.0,"key":"Explosive Potion"},{"floor":18,"key":"SkillPotion"},{"floor":20,"key":"GamblersBrew"}],"is_trial":false,"path_per_floor":["M","?","M","?","$","R","E","M","T","R","E","R","$","E","R","B",null,"M","?","M","M","?"],"character_chosen":"IRONCLAD","items_purchased":["Armaments+1"],"campfire_rested":0,"item_purchase_floors":[13],"current_hp_per_floor":[74,74,75,75,75,75,75,74,74,74,47,47,47,45,45,8,58,63,63,50,20,0],"gold":210,"neow_bonus":"THREE_ENEMY_KILL","is_prod":false,"is_daily":false,"chose_seed":false,"campfire_upgraded":4,"win_rate":0,"timestamp":1552098014,"path_taken":["M","?","M","?","?","R","E","M","T","R","E","R","$","E","R","BOSS","M","?","M","M","?"],"build_version":"2019-01-23","purchased_purges":0,"victory":false,"max_hp_per_floor":[75,75,75,75,75,75,75,75,75,75,75,75,75,75,75,75,75,75,75,75,75,75],"card_choices":[{"not_picked":["Intimidate","Flex"],"picked":"Reckless Charge","floor":1.0},{"not_picked":["Armaments","Seeing Red"],"picked":"Flame Barrier","floor":3.0},{"not_picked":["Pommel Strike","Clothesline"],"picked":"Thunderclap","floor":7.0},{"not_picked":["Armaments","Cleave"],"picked":"Searing Blow","floor":8.0},{"not_picked":["Immolate","Pommel Strike"],"picked":"Dropkick","floor":11.0},{"not_picked":["Wild Strike","Twin Strike"],"picked":"Headbutt","floor":14},{"not_picked":["Demon Form","Exhume+1"],"picked":"Bludgeon","floor":16},{"not_picked":["Clothesline","Body Slam","Heavy Blade"],"picked":"SKIP","floor":18},{"not_picked":["Carnage","Wild Strike","Clothesline"],"picked":"SKIP","floor":20},{"not_picked":["Spot Weakness+1","Uppercut+1","Thunderclap+1"],"picked":"SKIP","floor":21}],"player_experience":1173854,"relics_obtained":[{"floor":7.0,"key":"Gambling Chip"},{"floor":9.0,"key":"Bird Faced Urn"},{"floor":11.0,"key":"Toxic Egg 2"},{"floor":14,"key":"Regal Pillow"}],"event_choices":[{"cards_removed":["Strike_R"],"damage_healed":0.0,"max_hp_gain":0.0,"max_hp_loss":0.0,"gold_gain":0.0,"event_name":"Living Wall","player_choice":"Forget","floor":2.0,"gold_loss":0.0,"damage_taken":0.0},{"cards_removed":["Defend_R"],"damage_healed":0.0,"max_hp_gain":0.0,"max_hp_loss":0.0,"gold_gain":0.0,"event_name":"The Cleric","player_choice":"Card Removal","floor":4.0,"gold_loss":75.0,"damage_taken":0.0},{"damage_healed":0,"gold_gain":0,"player_choice":"Opened","damage_taken":0,"relics_obtained":["Meat on the Bone"],"max_hp_gain":0,"max_hp_loss":0,"event_name":"The Mausoleum","floor":19,"gold_loss":0,"cards_obtained":["Writhe"]},{"damage_healed":0,"gold_gain":0,"player_choice":"Fight","damage_taken":0,"max_hp_gain":0,"max_hp_loss":0,"event_name":"Colosseum","floor":22,"gold_loss":0}],"is_beta":false,"boss_relics":[{"not_picked":["Pandora\u0027s Box","Orrery"],"picked":"Astrolabe"}],"items_purged_floors":[],"is_endless":false,"potions_floor_spawned":[1,8,11,16,18,20],"killed_by":"Colosseum Slavers","ascension_level":20}