{"gold_per_floor":[114,130,149,22,41,41,74,74,74,85,103,36,36,55,55,153,153,167,184,203,118,118],"floor_reached":22,"playtime":2336,"items_purged":[],"score":190,"play_id":"e280e977-1582-4c9a-a441-5a31ab671e45","local_time":"20190124190212","is_ascension_mode":false,"campfire_choices":[{"data":"Accuracy","floor":6,"key":"SMITH"},{"floor":8,"key":"REST"},{"floor":15,"key":"REST"}],"neow_cost":"NONE","seed_source_timestamp":1206903519295326,"circlet_count":0,"master_deck":["Defend_G","Defend_G","Defend_G","Defend_G","Defend_G","Strike_G","Strike_G","Strike_G","Strike_G","Strike_G","Survivor","Neutralize","Accuracy+1","Slice","Blade Dance","Noxious Fumes","Poisoned Stab","Crippling Poison","Storm of Steel","Bandage Up","Cloak And Dagger","Venomology","Terror","Blur+1"],"relics":["Ring of the Snake","The Courier","Unceasing Top","StoneCalendar","Runic Pyramid","Omamori"],"potions_floor_usage":[16,18,19,20,22,22,22,22],"damage_taken":[{"damage":5,"enemies":"2 Louse","floor":1,"turns":3},{"damage":0,"enemies":"Small Slimes","floor":2,"turns":4},{"damage":4,"enemies":"Jaw Worm","floor":3,"turns":6},{"damage":9,"enemies":"2 Fungi Beasts","floor":5,"turns":4},{"damage":23,"enemies":"3 Sentries","floor":7,"turns":8},{"damage":0,"enemies":"3 Louse","floor":10,"turns":3},{"damage":12,"enemies":"Looter","floor":11,"turns":3},{"damage":4,"enemies":"Blue Slaver","floor":14,"turns":4},{"damage":14,"enemies":"Slime Boss","floor":16,"turns":7},{"damage":12,"enemies":"Chosen","floor":18,"turns":5},{"damage":10,"enemies":"2 Thieves","floor":19,"turns":4},{"damage":26,"enemies":"Centurion and Healer","floor":20,"turns":3},{"damage":46,"enemies":"Cultist and Chosen","floor":22,"turns":6}],"seed_played":"-2332574870570696342","potions_obtained":[{"floor":0,"key":"Weak Potion"},{"floor":0,"key":"Weak Potion"},{"floor":0,"key":"Poison Potion"},{"floor":10,"key":"LiquidBronze"},{"floor":16,"key":"Block Potion"},{"floor":19,"key":"SteroidPotion"},{"floor":20,"key":"PowerPotion"}],"is_trial":false,"path_per_floor":["M","M","M","$","M","R","E","R","T","M","M","$","?","M","R","B",null,"M","M","M","?","M"],"character_chosen":"THE_SILENT","items_purchased":["Blade Dance","Noxious Fumes","Bandage Up"],"campfire_rested":2,"item_purchase_floors":[4,4,12],"current_hp_per_floor":[65,65,61,61,52,52,29,50,50,50,38,38,31,31,52,42,70,58,52,26,26,0],"gold":118,"neow_bonus":"THREE_SMALL_POTIONS","is_prod":false,"is_daily":false,"chose_seed":false,"campfire_upgraded":1,"win_rate":0.0,"timestamp":1548316932,"path_taken":["M","M","M","$","M","R","E","R","T","M","M","$","?","M","R","BOSS","M","M","M","?","M"],"build_version":"2019-01-23","purchased_purges":0,"victory":false,"max_hp_per_floor":[70,70,70,70,70,70,70,70,70,70,70,70,70,70,70,70,70,70,70,70,70,70],"card_choices":[{"not_picked":["PiercingWail","Poisoned Stab"],"picked":"Accuracy","floor":1},{"not_picked":["Prepared","Dagger Throw","Outmaneuver"],"picked":"SKIP","floor":2},{"not_picked":["Finisher","Outmaneuver"],"picked":"Slice","floor":3},{"not_picked":["Footwork","Blur"],"picked":"Poisoned Stab","floor":5},{"not_picked":["Underhanded Strike","Riddle With Holes"],"picked":"Crippling Poison","floor":7},{"not_picked":["Dodge and Roll","Catalyst"],"picked":"Storm of Steel","floor":10},{"not_picked":["Outmaneuver","Underhanded Strike","Dagger Throw"],"picked":"SKIP","floor":11},{"not_picked":["Tactician","Dagger Spray"],"picked":"Cloak And Dagger","floor":14},{"not_picked":["Burst","Die Die Die"],"picked":"Venomology","floor":16},{"not_picked":["Dagger Spray","Caltrops","Quick Slash"],"picked":"SKIP","floor":18},{"not_picked":["Finisher","Blur"],"picked":"Terror","floor":19},{"not_picked":["Catalyst","Acrobatics"],"picked":"Blur+1","floor":20}],"player_experience":98062,"relics_obtained":[{"floor":7,"key":"The Courier"},{"floor":9,"key":"Unceasing Top"}],"event_choices":[{"damage_healed":0,"gold_gain":0,"player_choice":"Success","damage_taken":7,"relics_obtained":["StoneCalendar"],"max_hp_gain":0,"max_hp_loss":0,"event_name":"Scrap Ooze","floor":13,"gold_loss":0},{"damage_healed":0,"gold_gain":0,"player_choice":"Obtained Relic","damage_taken":0,"relics_obtained":["Omamori"],"max_hp_gain":0,"max_hp_loss":0,"event_name":"Addict","floor":21,"gold_loss":85}],"is_beta":false,"boss_relics":[{"not_picked":["Lizard Tail","Velvet Choker"],"picked":"Runic Pyramid"}],"items_purged_floors":[],"is_endless":false,"potions_floor_spawned":[5,7,10,11,16,19,20],"killed_by":"Cultist and Chosen","ascension_level":0}