{"gold_per_floor":[116,191,191,191,204,237,237,271,271,284,284,312,331,256,256,328,328,341,361,361,372,24,59,59,59,59,59,79,79,79,79,79,79],"floor_reached":33,"playtime":2643,"items_purged":["Strike_R"],"score":464,"play_id":"e1432829-9315-4253-8735-3a856fe08bd9","local_time":"20190304004604","is_ascension_mode":true,"campfire_choices":[{"floor":7,"key":"REST"},{"data":"Bludgeon","floor":15,"key":"SMITH"},{"floor":24,"key":"REST"},{"data":"Cleave","floor":27,"key":"SMITH"},{"floor":29,"key":"REST"},{"data":"Demon Form","floor":32,"key":"SMITH"}],"neow_cost":"CURSE","seed_source_timestamp":1479954732879494,"circlet_count":0,"master_deck":["AscendersBane","Strike_R","Strike_R","Defend_R","Defend_R","Defend_R+1","Defend_R","Bash","Bludgeon+1","Shrug It Off","Flex","Iron Wave","Evolve","Rampage","Cleave+1","Demon Form+1","Rage+1","Bludgeon","Disarm","Bash","Clothesline"],"relics":["Black Blood","Letter Opener","Omamori","Anchor","Happy Flower","Brimstone","War Paint","The Courier","Nunchaku"],"potions_floor_usage":[6,16,19,23],"damage_taken":[{"damage":7,"enemies":"Jaw Worm","floor":1,"turns":3},{"damage":0,"enemies":"Small Slimes","floor":5,"turns":3},{"damage":25,"enemies":"Lagavulin","floor":6,"turns":5},{"damage":26,"enemies":"Gremlin Nob","floor":8,"turns":4},{"damage":0,"enemies":"2 Louse","floor":10,"turns":3},{"damage":17,"enemies":"3 Sentries","floor":12,"turns":8},{"damage":4,"enemies":"2 Fungi Beasts","floor":13,"turns":3},{"damage":22,"enemies":"Slime Boss","floor":16,"turns":8},{"damage":1,"enemies":"Spheric Guardian","floor":18,"turns":3},{"damage":16,"enemies":"3 Byrds","floor":19,"turns":6},{"damage":28,"enemies":"Snecko","floor":21,"turns":4},{"damage":51,"enemies":"Book of Stabbing","floor":23,"turns":4},{"damage":26,"enemies":"Chosen and Byrds","floor":28,"turns":4},{"damage":109,"enemies":"Automaton","floor":33,"turns":6}],"seed_played":"3748630698992123223","potions_obtained":[{"floor":1,"key":"EssenceOfSteel"},{"floor":8,"key":"Energy Potion"},{"floor":10,"key":"Block Potion"},{"floor":21,"key":"Regen Potion"},{"floor":23,"key":"SteroidPotion"},{"floor":28,"key":"Fire Potion"}],"is_trial":false,"path_per_floor":["M","?","?","?","M","E","R","E","T","M","?","E","M","$","R","B",null,"M","M","?","M","$","E","R","?","T","R","M","R","?","?","R","B"],"character_chosen":"IRONCLAD","items_purchased":["Brimstone","War Paint"],"campfire_rested":3,"item_purchase_floors":[22,22],"current_hp_per_floor":[71,60,53,53,59,40,64,44,44,50,76,65,67,67,67,51,73,80,74,74,56,56,20,44,44,44,44,28,52,78,78,78,0],"gold":79,"neow_bonus":"THREE_RARE_CARDS","is_prod":false,"is_daily":false,"chose_seed":false,"campfire_upgraded":3,"win_rate":0,"timestamp":1551678364,"path_taken":["M","?","?","?","M","E","R","E","T","M","?","E","M","$","R","BOSS","M","M","?","M","$","E","R","?","T","R","?","R","?","?","R","BOSS"],"build_version":"2019-01-23","purchased_purges":1,"victory":false,"max_hp_per_floor":[80,80,80,80,80,80,80,80,80,80,80,80,80,80,80,80,80,80,80,80,80,80,80,80,80,80,80,80,80,80,80,80,80],"card_choices":[{"not_picked":["Reaper","Limit Break"],"picked":"Bludgeon","floor":0},{"not_picked":["Warcry","Bloodletting"],"picked":"Shrug It Off","floor":1},{"not_picked":["Armaments","Sword Boomerang"],"picked":"Flex","floor":5},{"not_picked":["Sentinel","Reckless Charge"],"picked":"Iron Wave","floor":6},{"not_picked":["Body Slam","Ghostly Armor","Fire Breathing"],"picked":"SKIP","floor":8},{"not_picked":["Havoc","Second Wind"],"picked":"Evolve","floor":10},{"not_picked":["Searing Blow","Sentinel"],"picked":"Rampage","floor":12},{"not_picked":["Clash","Bloodletting"],"picked":"Cleave","floor":13},{"not_picked":["Juggernaut","Feed"],"picked":"Demon Form","floor":16},{"not_picked":["Combust","Iron Wave","Havoc"],"picked":"SKIP","floor":18},{"not_picked":["Warcry","Sever Soul","Body Slam"],"picked":"SKIP","floor":19},{"not_picked":["Havoc","Shrug It Off","Blood for Blood"],"picked":"SKIP","floor":21},{"not_picked":["Shrug It Off","Cleave"],"picked":"Disarm","floor":23},{"not_picked":["Intimidate","Heavy Blade"],"picked":"Clothesline","floor":28}],"player_experience":590672,"relics_obtained":[{"floor":6,"key":"Letter Opener"},{"floor":8,"key":"Omamori"},{"floor":9,"key":"Anchor"},{"floor":12,"key":"Happy Flower"},{"floor":23,"key":"The Courier"},{"floor":26,"key":"Nunchaku"}],"event_choices":[{"damage_healed":0,"gold_gain":75,"player_choice":"Gather Gold","damage_taken":11,"max_hp_gain":0,"max_hp_loss":0,"event_name":"World of Goop","floor":2,"gold_loss":0},{"cards_removed":["Normality"],"damage_healed":0,"gold_gain":0,"player_choice":"Card Removal","damage_taken":7,"max_hp_gain":0,"max_hp_loss":0,"event_name":"Golden Wing","floor":3,"gold_loss":0},{"damage_healed":0,"gold_gain":0,"player_choice":"Ignored","damage_taken":0,"max_hp_gain":0,"max_hp_loss":0,"event_name":"Liars Game","floor":4,"gold_loss":0},{"damage_healed":26,"gold_gain":0,"player_choice":"Banana","damage_taken":0,"max_hp_gain":0,"max_hp_loss":0,"event_name":"Big Fish","floor":11,"gold_loss":0},{"damage_healed":0,"gold_gain":0,"cards_transformed":["Strike_R","Strike_R"],"player_choice":"Became Test Subject","damage_taken":0,"max_hp_gain":0,"max_hp_loss":0,"event_name":"Drug Dealer","floor":20,"gold_loss":0,"cards_obtained":["Rage","Bludgeon"]},{"damage_healed":0,"gold_gain":0,"player_choice":"1 cards matched","damage_taken":0,"max_hp_gain":0,"max_hp_loss":0,"event_name":"Match and Keep!","floor":25,"gold_loss":0,"cards_obtained":["Bash"]},{"damage_healed":26,"gold_gain":0,"player_choice":"Heal","damage_taken":0,"max_hp_gain":0,"max_hp_loss":0,"event_name":"The Library","floor":30,"gold_loss":0},{"damage_healed":0,"gold_gain":0,"player_choice":"Ignored","damage_taken":0,"max_hp_gain":0,"max_hp_loss":0,"event_name":"Vampires","floor":31,"gold_loss":0}],"is_beta":false,"boss_relics":[{"not_picked":["Ectoplasm","White Beast Statue"],"picked":"Black Blood"}],"items_purged_floors":[14],"is_endless":false,"potions_floor_spawned":[1,8,10,12,13,21,23,28],"killed_by":"Automaton","ascension_level":13}