{"gold_per_floor":[112,112,112,112,37,37,97,97,122,142,165,115,129,140,140,237,237,253,253,273,25,42,53,63,81,152,152],"floor_reached":27,"playtime":1496,"items_purged":["Defend_R","Defend_R","Strike_R"],"score":424,"play_id":"3300ea7a-466f-4ca5-8216-0adbd93800a0","local_time":"20190309190551","is_ascension_mode":true,"campfire_choices":[{"data":"True Grit","floor":6.0,"key":"SMITH"},{"data":"Bash","floor":8.0,"key":"SMITH"},{"data":"Shrug It Off","floor":15.0,"key":"SMITH"}],"neow_cost":"NONE","seed_source_timestamp":0,"circlet_count":0,"master_deck":["AscendersBane","Strike_R","Strike_R","Strike_R","Defend_R","Defend_R","Bash+1","True Grit+1","Shrug It Off+1","Evolve","Barricade","Shrug It Off","Body Slam"],"special_seed":0,"relics":["Burning Blood","NeowsBlessing","Sundial","Smiling Mask","Tiny Chest","Pen Nib","Lantern","Sozu","Paper Frog","Orichalcum","Blue Candle"],"potions_floor_usage":[],"damage_taken":[{"damage":0.0,"enemies":"Cultist","floor":1.0,"turns":1.0},{"damage":0.0,"enemies":"Gremlin Nob","floor":7.0,"turns":1.0},{"damage":0.0,"enemies":"Small Slimes","floor":10.0,"turns":1.0},{"damage":2.0,"enemies":"2 Louse","floor":13.0,"turns":3.0},{"damage":6.0,"enemies":"Looter","floor":14.0,"turns":3.0},{"damage":53.0,"enemies":"Hexaghost","floor":16.0,"turns":13.0},{"damage":28.0,"enemies":"3 Byrds","floor":18.0,"turns":8.0},{"damage":6.0,"enemies":"Spheric Guardian","floor":20.0,"turns":13.0},{"damage":13.0,"enemies":"Snake Plant","floor":22.0,"turns":6.0},{"damage":9.0,"enemies":"Shelled Parasite and Fungi","floor":23.0,"turns":6.0},{"damage":20.0,"enemies":"Centurion and Healer","floor":24.0,"turns":8.0},{"damage":12.0,"enemies":"3 Cultists","floor":25.0,"turns":8.0},{"damage":19,"enemies":"Snake Plant","floor":27,"turns":1}],"seed_played":"5268316698933356715","potions_obtained":[{"floor":7.0,"key":"SkillPotion"},{"floor":14.0,"key":"SkillPotion"},{"floor":16.0,"key":"Block Potion"}],"is_trial":false,"path_per_floor":["M","T","?","?","$","R","E","R","T","M","T","$","M","M","R","B",null,"M","T","M","$","M","M","M","M","T","M"],"character_chosen":"IRONCLAD","items_purchased":["Shrug It Off","Body Slam","Orichalcum"],"campfire_rested":0,"item_purchase_floors":[5,21,21],"current_hp_per_floor":[78,78,60,53,53,53,59,59,59,65,65,65,69,69,69,22,66,44,44,44,44,37,34,20,14,14,0],"gold":152,"neow_bonus":"THREE_ENEMY_KILL","is_prod":false,"is_daily":false,"chose_seed":false,"campfire_upgraded":3,"win_rate":0,"timestamp":1552187151,"path_taken":["M","?","?","?","$","R","E","R","T","M","?","?","M","M","R","BOSS","M","?","M","$","M","M","M","M","T","M"],"build_version":"2019-01-23","purchased_purges":3,"victory":false,"max_hp_per_floor":[80,80,80,80,80,80,80,80,80,80,80,80,80,80,80,80,80,80,80,80,80,80,80,80,80,80,80],"card_choices":[{"not_picked":["Body Slam","Warcry"],"picked":"True Grit","floor":1.0},{"not_picked":["Anger","Dark Embrace","Wild Strike"],"picked":"SKIP","floor":7.0},{"not_picked":["Perfected Strike","Intimidate"],"picked":"Evolve","floor":10.0},{"not_picked":["Sentinel","Hemokinesis","Sword Boomerang"],"picked":"SKIP","floor":13.0},{"not_picked":["Heavy Blade","Flex","Clash"],"picked":"SKIP","floor":14.0},{"not_picked":["Fiend Fire","Juggernaut"],"picked":"Barricade","floor":16.0},{"not_picked":["Dropkick","True Grit"],"picked":"Shrug It Off","floor":18.0},{"not_picked":["Thunderclap","Seeing Red","Shrug It Off"],"picked":"SKIP","floor":20.0},{"not_picked":["Shrug It Off","Evolve","Impervious"],"picked":"SKIP","floor":22.0},{"not_picked":["Perfected Strike","Inflame","Hemokinesis"],"picked":"SKIP","floor":23.0},{"not_picked":["Thunderclap","Wild Strike","Twin Strike"],"picked":"SKIP","floor":24.0},{"not_picked":["Rage","Havoc","Combust"],"picked":"SKIP","floor":25.0}],"player_experience":341073,"relics_obtained":[{"floor":2.0,"key":"Sundial"},{"floor":7.0,"key":"Tiny Chest"},{"floor":9.0,"key":"Pen Nib"},{"floor":11.0,"key":"Lantern"},{"floor":19.0,"key":"Paper Frog"},{"floor":26.0,"key":"Blue Candle"}],"event_choices":[{"damage_healed":0.0,"max_hp_gain":0.0,"max_hp_loss":0.0,"gold_gain":0.0,"event_name":"Scrap Ooze","player_choice":"Success","floor":3.0,"gold_loss":0.0,"damage_taken":18.0,"relics_obtained":["Smiling Mask"]},{"cards_removed":["Strike_R"],"damage_healed":0.0,"max_hp_gain":0.0,"max_hp_loss":0.0,"gold_gain":0.0,"event_name":"Golden Wing","player_choice":"Card Removal","floor":4.0,"gold_loss":0.0,"damage_taken":7.0}],"is_beta":false,"boss_relics":[{"not_picked":["Astrolabe","Eternal Feather"],"picked":"Sozu"}],"items_purged_floors":[5,12,21],"is_endless":false,"potions_floor_spawned":[7,14,16,18,23],"killed_by":"Snake Plant","ascension_level":12}