{"gold_per_floor":[215,233,89,89,39,71,91,126,126,126,143,174,174],"floor_reached":13,"playtime":1096,"items_purged":["Strike_B"],"score":129,"play_id":"9b436095-38da-4c27-8bb3-18c2f9b8654b","local_time":"20190131194036","is_ascension_mode":true,"campfire_choices":[{"floor":10.0,"key":"REST"}],"neow_cost":"NONE","seed_source_timestamp":342646583831186,"circlet_count":0,"master_deck":["Strike_B","Strike_B","Strike_B","Defend_B","Defend_B","Defend_B","Defend_B","Zap","Dualcast","Conserve Battery","Ball Lightning","Melter","Leap","Self Repair"],"special_seed":0,"relics":["Cracked Core","NlothsMask","Boot","StoneCalendar","Blue Candle"],"potions_floor_usage":[],"damage_taken":[{"damage":8.0,"enemies":"2 Louse","floor":1.0,"turns":2.0},{"damage":1.0,"enemies":"Cultist","floor":2.0,"turns":3.0},{"damage":33.0,"enemies":"Lagavulin","floor":6.0,"turns":6.0},{"damage":0.0,"enemies":"Small Slimes","floor":7.0,"turns":2.0},{"damage":20.0,"enemies":"Gremlin Nob","floor":8.0,"turns":3.0},{"damage":2.0,"enemies":"Gremlin Gang","floor":11.0,"turns":4.0},{"damage":23.0,"enemies":"Lagavulin","floor":12.0,"turns":6.0},{"damage":18,"enemies":"3 Louse","floor":13,"turns":2}],"seed_played":"-6615084031244984442","potions_obtained":[{"floor":2.0,"key":"Poison Potion"},{"floor":7.0,"key":"Energy Potion"},{"floor":8.0,"key":"Energy Potion"}],"is_trial":false,"path_per_floor":["M","M","$","?","$","E","M","E","T","R","M","E","M"],"character_chosen":"DEFECT","items_purchased":["Melter","Energy Potion"],"campfire_rested":1,"item_purchase_floors":[3,5],"current_hp_per_floor":[67,66,66,66,66,33,33,13,13,35,33,17,0],"gold":174,"neow_bonus":"HUNDRED_GOLD","is_prod":false,"is_daily":false,"chose_seed":false,"campfire_upgraded":0,"win_rate":0,"timestamp":1548981636,"path_taken":["M","M","$","?","$","E","M","E","T","R","M","E","M"],"build_version":"2019-01-23","purchased_purges":1,"victory":false,"max_hp_per_floor":[75,75,75,75,75,75,75,75,75,75,75,75,75],"card_choices":[{"not_picked":["Stack","Consume"],"picked":"Conserve Battery","floor":1.0},{"not_picked":["Coolheaded","FTL"],"picked":"Ball Lightning","floor":2.0},{"not_picked":["Tempest","Turbo","Rebound"],"picked":"SKIP","floor":6.0},{"not_picked":["Chaos","Rebound"],"picked":"Leap","floor":7.0},{"not_picked":["Consume","Melter","Rebound"],"picked":"SKIP","floor":8.0},{"not_picked":["Compile Driver","Coolheaded"],"picked":"Self Repair","floor":11.0},{"not_picked":["Compile Driver","Turbo","Leap"],"picked":"SKIP","floor":12.0}],"player_experience":349345,"relics_obtained":[{"floor":6.0,"key":"Boot"},{"floor":8.0,"key":"StoneCalendar"},{"floor":12.0,"key":"Blue Candle"}],"event_choices":[{"damage_healed":0.0,"max_hp_gain":0.0,"max_hp_loss":0.0,"gold_gain":0.0,"event_name":"FaceTrader","player_choice":"Trade","floor":4.0,"gold_loss":0.0,"damage_taken":0.0,"relics_obtained":["NlothsMask"]}],"is_beta":false,"boss_relics":[],"items_purged_floors":[3],"is_endless":false,"potions_floor_spawned":[2,7,8],"killed_by":"3 Louse","ascension_level":5}