{"gold_per_floor":[114,289,307,307,76,76,104,104,127,160,160,160,22,32,32,32],"floor_reached":16,"playtime":1049,"items_purged":["Doubt"],"score":148,"play_id":"0a60d62d-b651-468b-ba48-c2ceb96989a7","local_time":"20190211173614","is_ascension_mode":true,"campfire_choices":[{"data":"Bash","floor":6,"key":"SMITH"},{"floor":8,"key":"REST"},{"floor":11,"key":"REST"},{"data":"Immolate","floor":15,"key":"SMITH"}],"neow_cost":"NONE","seed_source_timestamp":1285885800637531,"circlet_count":0,"master_deck":["Strike_R","Strike_R","Strike_R","Strike_R","Strike_R","Defend_R","Defend_R","Defend_R","Defend_R","Bash+1","Brutality","Cleave","Wild Strike","Cleave","Whirlwind","Immolate+1"],"relics":["Burning Blood","Centennial Puzzle","Omamori","Blood Vial","Potion Belt","Lantern"],"potions_floor_usage":[16],"damage_taken":[{"damage":4,"enemies":"Small Slimes","floor":1,"turns":4},{"damage":12,"enemies":"Jaw Worm","floor":3,"turns":2},{"damage":35,"enemies":"Gremlin Nob","floor":7,"turns":4},{"damage":40,"enemies":"Lagavulin","floor":10,"turns":5},{"damage":0,"enemies":"Cultist","floor":14,"turns":2},{"damage":67,"enemies":"Hexaghost","floor":16,"turns":9}],"seed_played":"23403756152154797","potions_obtained":[{"floor":14,"key":"LiquidBronze"}],"is_trial":false,"path_per_floor":["M","?","M","?","$","R","E","R","T","E","R","T","$","M","R","B"],"character_chosen":"IRONCLAD","items_purchased":["Omamori","Whirlwind","Fruit Juice"],"campfire_rested":2,"item_purchase_floors":[5,13,13],"current_hp_per_floor":[74,74,68,65,65,65,36,60,60,28,52,52,52,60,60,0],"gold":32,"neow_bonus":"ONE_RANDOM_RARE_CARD","is_prod":false,"is_daily":false,"chose_seed":false,"campfire_upgraded":2,"win_rate":0,"timestamp":1549924574,"path_taken":["M","?","M","?","$","R","E","R","T","E","R","?","$","M","R","BOSS"],"build_version":"2019-01-23","purchased_purges":1,"victory":false,"max_hp_per_floor":[80,80,80,80,80,80,80,80,80,80,80,80,80,80,80,85],"card_choices":[{"not_picked":["Warcry","Fire Breathing"],"picked":"Cleave","floor":1},{"not_picked":["Feel No Pain","Metallicize"],"picked":"Wild Strike","floor":3},{"not_picked":["Headbutt","Carnage"],"picked":"Cleave","floor":7},{"not_picked":["Infernal Blade","Twin Strike","Feel No Pain"],"picked":"SKIP","floor":10},{"not_picked":["Anger","Sentinel"],"picked":"Immolate","floor":14}],"player_experience":402557,"relics_obtained":[{"floor":7,"key":"Blood Vial"},{"floor":9,"key":"Potion Belt"},{"floor":10,"key":"Lantern"}],"event_choices":[{"damage_healed":0,"gold_gain":175,"player_choice":"AGREE","damage_taken":0,"max_hp_gain":0,"max_hp_loss":0,"event_name":"Liars Game","floor":2,"gold_loss":0,"cards_obtained":["Doubt"]},{"damage_healed":0,"gold_gain":0,"player_choice":"Success","damage_taken":3,"relics_obtained":["Centennial Puzzle"],"max_hp_gain":0,"max_hp_loss":0,"event_name":"Scrap Ooze","floor":4,"gold_loss":0}],"is_beta":false,"boss_relics":[],"items_purged_floors":[5],"is_endless":false,"potions_floor_spawned":[14],"killed_by":"Hexaghost","ascension_level":8}