{"gold_per_floor":[360,510,527,13,29,54,54,54,132,146,146,178,178,188,188,265,265,275,325,345,77,95,95,95,127,174,188,513,144,163,189,189,263,263,280,280,299,319,10,10,44,44,44,58,58,68,93,146,146,146],"floor_reached":50,"playtime":2364,"items_purged":["Doubt","Parasite"],"score":1365,"play_id":"e4a1e837-d93d-4de1-bbb7-3cd685bffb15","local_time":"20190205213001","is_ascension_mode":true,"campfire_choices":[{"data":"Glass Knife","floor":8.0,"key":"SMITH"},{"data":"Backstab","floor":11.0,"key":"SMITH"},{"data":"Night Terror","floor":13.0,"key":"SMITH"},{"data":"Dagger Spray","floor":15.0,"key":"SMITH"},{"data":"Cloak And Dagger","floor":23.0,"key":"SMITH"},{"floor":32.0,"key":"REST"},{"data":"Backstab","floor":40.0,"key":"SMITH"},{"data":"Choke","floor":42.0,"key":"SMITH"},{"data":"Leg Sweep","floor":45.0,"key":"SMITH"},{"floor":49.0,"key":"REST"}],"neow_cost":"CURSE","seed_source_timestamp":0,"circlet_count":0,"master_deck":["AscendersBane","Defend_G+1","Defend_G+1","Defend_G+1","Defend_G+1","Defend_G+1","Strike_G+1","Strike_G+1","Strike_G+1","Strike_G+1","Survivor","Neutralize","Flying Knee","Quick Slash","Glass Knife+1","Dagger Spray+1","Backstab+1","Night Terror+1","Adrenaline+1","Endless Agony","Cloak And Dagger+1","Choke+1","Burst","Impatience+1","Die Die Die","Footwork+1","Dash+1","Parasite","Backstab+1","Deadly Poison+1","Parasite","Leg Sweep+1","Finisher","Deflect"],"special_seed":0,"relics":["Ring of the Snake","TwistedFunnel","Blood Vial","Ninja Scroll","Pear","White Beast Statue","PreservedInsect","Frozen Egg 2","Happy Flower","Old Coin","Kunai","Mercury Hourglass","Cursed Key","Membership Card","War Paint","Anchor","Darkstone Periapt","Bronze Scales","Unceasing Top"],"potions_floor_usage":[50,50],"damage_taken":[{"damage":2.0,"enemies":"Jaw Worm","floor":1.0,"turns":4.0},{"damage":0.0,"enemies":"2 Louse","floor":3.0,"turns":3.0},{"damage":0.0,"enemies":"Cultist","floor":5.0,"turns":3.0},{"damage":17.0,"enemies":"Lagavulin","floor":6.0,"turns":5.0},{"damage":0.0,"enemies":"Exordium Thugs","floor":10.0,"turns":3.0},{"damage":12.0,"enemies":"3 Sentries","floor":12.0,"turns":8.0},{"damage":0.0,"enemies":"Looter","floor":14.0,"turns":2.0},{"damage":0.0,"enemies":"Slime Boss","floor":16.0,"turns":6.0},{"damage":15.0,"enemies":"Shell Parasite","floor":18.0,"turns":3.0},{"damage":3.0,"enemies":"Spheric Guardian","floor":20.0,"turns":3.0},{"damage":6.0,"enemies":"Chosen and Byrds","floor":22.0,"turns":5.0},{"damage":10.0,"enemies":"Gremlin Leader","floor":25.0,"turns":2.0},{"damage":1.0,"enemies":"Centurion and Healer","floor":27.0,"turns":4.0},{"damage":37.0,"enemies":"Book of Stabbing","floor":28.0,"turns":3.0},{"damage":0.0,"enemies":"Cultist and Chosen","floor":30.0,"turns":2.0},{"damage":0.0,"enemies":"Slavers","floor":31.0,"turns":2.0},{"damage":12.0,"enemies":"Automaton","floor":33.0,"turns":5.0},{"damage":0.0,"enemies":"Orb Walker","floor":35.0,"turns":1.0},{"damage":0.0,"enemies":"3 Shapes","floor":37.0,"turns":1.0},{"damage":9.0,"enemies":"Writhing Mass","floor":38.0,"turns":8.0},{"damage":0.0,"enemies":"Nemesis","floor":41.0,"turns":2.0},{"damage":0.0,"enemies":"3 Darklings","floor":44.0,"turns":2.0},{"damage":45.0,"enemies":"Transient","floor":46.0,"turns":6.0},{"damage":23.0,"enemies":"Giant Head","floor":47.0,"turns":5.0},{"damage":0.0,"enemies":"2 Orb Walkers","floor":48.0,"turns":4.0},{"damage":38,"enemies":"Awakened One","floor":50,"turns":6}],"seed_played":"365300428675530652","potions_obtained":[{"floor":6.0,"key":"Weak Potion"},{"floor":12.0,"key":"Dexterity Potion"},{"floor":16.0,"key":"FearPotion"},{"floor":18.0,"key":"Fruit Juice"},{"floor":20.0,"key":"Weak Potion"},{"floor":22.0,"key":"Dexterity Potion"},{"floor":25.0,"key":"Block Potion"},{"floor":27.0,"key":"Regen Potion"},{"floor":28.0,"key":"Explosive Potion"},{"floor":30.0,"key":"EssenceOfSteel"},{"floor":31.0,"key":"EntropicBrew"},{"floor":33.0,"key":"Explosive Potion"},{"floor":35.0,"key":"Fire Potion"},{"floor":37.0,"key":"EssenceOfSteel"},{"floor":38.0,"key":"SteroidPotion"},{"floor":41.0,"key":"Weak Potion"},{"floor":44.0,"key":"EssenceOfSteel"},{"floor":46.0,"key":"GamblersBrew"},{"floor":47.0,"key":"AttackPotion"},{"floor":48.0,"key":"SkillPotion"}],"is_trial":false,"path_per_floor":["M","?","M","$","M","E","?","R","T","M","R","E","R","M","R","B",null,"M","?","M","$","M","R","?","E","T","M","E","$","M","E","R","B",null,"M","?","M","M","$","R","E","R","T","M","R","M","E","?","R","B"],"character_chosen":"THE_SILENT","items_purchased":["TwistedFunnel","Glass Knife","Fire Potion","PreservedInsect","Kunai","Impatience","Membership Card","War Paint"],"campfire_rested":2,"item_purchase_floors":[4,4,4,21,29,29,39,39],"current_hp_per_floor":[57,57,57,57,57,40,31,31,31,33,33,33,33,35,35,37,66,58,58,57,57,53,53,53,45,45,46,11,11,22,24,47,37,68,70,70,72,65,65,65,67,67,67,69,69,26,5,7,30,0],"gold":146,"neow_bonus":"TWO_FIFTY_GOLD","is_prod":false,"is_daily":false,"chose_seed":false,"campfire_upgraded":8,"win_rate":0,"timestamp":1549398601,"path_taken":["M","?","M","$","M","E","?","R","T","?","R","E","R","M","R","BOSS","M","?","M","$","M","R","?","E","T","M","E","?","M","E","R","BOSS","M","?","?","M","$","R","E","R","T","M","R","M","E","?","R","BOSS"],"build_version":"2019-01-23","purchased_purges":2,"victory":false,"max_hp_per_floor":[66,66,66,66,66,66,66,66,66,66,66,76,76,76,76,76,76,81,81,81,78,78,78,78,78,78,78,78,78,78,78,78,78,78,78,78,78,78,78,78,78,78,78,78,78,78,78,78,78,78],"card_choices":[{"not_picked":["Outmaneuver","Blur"],"picked":"Flying Knee","floor":1.0},{"not_picked":["Sucker Punch","Bane"],"picked":"Quick Slash","floor":3.0},{"not_picked":["Reflex","Blur","Poisoned Stab"],"picked":"SKIP","floor":5.0},{"not_picked":["Tactician","Eviscerate"],"picked":"Dagger Spray","floor":6.0},{"not_picked":["All Out Attack","Setup"],"picked":"Backstab","floor":10.0},{"not_picked":["Deadly Poison","Riddle With Holes"],"picked":"Night Terror","floor":12.0},{"not_picked":["Outmaneuver","Flechettes","Crippling Poison"],"picked":"SKIP","floor":14.0},{"not_picked":["A Thousand Cuts","After Image"],"picked":"Adrenaline","floor":16.0},{"not_picked":["Poisoned Stab","Acrobatics"],"picked":"Endless Agony","floor":18.0},{"not_picked":["Prepared","Calculated Gamble"],"picked":"Cloak And Dagger","floor":20.0},{"not_picked":["Escape Plan","Blade Dance"],"picked":"Choke","floor":22.0},{"not_picked":["Distraction","Eviscerate"],"picked":"Burst","floor":25.0},{"not_picked":["Cloak And Dagger","Deflect","Slice"],"picked":"SKIP","floor":27.0},{"not_picked":["Flying Knee","Sucker Punch","Catalyst"],"picked":"SKIP","floor":28.0},{"not_picked":["Heel Hook","Skewer","Outmaneuver"],"picked":"SKIP","floor":30.0},{"not_picked":["Poisoned Stab","Bane+1","Calculated Gamble"],"picked":"SKIP","floor":31.0},{"not_picked":["Glass Knife","Corpse Explosion"],"picked":"Die Die Die","floor":33.0},{"not_picked":["Slice+1","Catalyst+1"],"picked":"Footwork+1","floor":35.0},{"not_picked":["Predator","Deadly Poison"],"picked":"Dash+1","floor":37.0},{"not_picked":["Eviscerate","Sucker Punch"],"picked":"Backstab","floor":38.0},{"not_picked":["Outmaneuver+1","Blade Dance"],"picked":"Deadly Poison+1","floor":41.0},{"not_picked":["Deflect","Outmaneuver"],"picked":"Leg Sweep","floor":44.0},{"not_picked":["Catalyst","All Out Attack"],"picked":"Finisher","floor":46.0},{"not_picked":["Eviscerate+1","Riddle With Holes+1","Masterful Stab"],"picked":"SKIP","floor":47.0},{"not_picked":["Well Laid Plans+1","Catalyst+1"],"picked":"Deflect","floor":48.0}],"player_experience":986334,"relics_obtained":[{"floor":6.0,"key":"Blood Vial"},{"floor":9.0,"key":"Ninja Scroll"},{"floor":12.0,"key":"Pear"},{"floor":25.0,"key":"Frozen Egg 2"},{"floor":26.0,"key":"Happy Flower"},{"floor":28.0,"key":"Old Coin"},{"floor":31.0,"key":"Mercury Hourglass"},{"floor":41.0,"key":"Anchor"},{"floor":43.0,"key":"Darkstone Periapt"},{"floor":47.0,"key":"Bronze Scales"},{"floor":48.0,"key":"Unceasing Top"}],"event_choices":[{"damage_healed":0.0,"max_hp_gain":0.0,"max_hp_loss":0.0,"gold_gain":150.0,"event_name":"Liars Game","player_choice":"AGREE","floor":2.0,"gold_loss":0.0,"damage_taken":0.0,"cards_obtained":["Doubt"]},{"damage_healed":0.0,"max_hp_gain":0.0,"max_hp_loss":0.0,"gold_gain":0.0,"event_name":"Wheel of Change","player_choice":"Damaged","floor":7.0,"gold_loss":0.0,"damage_taken":9.0},{"damage_healed":0.0,"max_hp_gain":0.0,"max_hp_loss":0.0,"gold_gain":50.0,"event_name":"Nest","player_choice":"Stole From Cult","floor":19.0,"gold_loss":0.0,"damage_taken":0.0},{"damage_healed":0.0,"max_hp_gain":0.0,"max_hp_loss":0.0,"gold_gain":0.0,"event_name":"Back to Basics","player_choice":"Simplicity","floor":24.0,"gold_loss":0.0,"damage_taken":0.0,"cards_upgraded":["Defend_G","Defend_G","Defend_G","Defend_G","Defend_G","Strike_G","Strike_G","Strike_G","Strike_G","Strike_G"]},{"cards_removed":["Strike_G"],"damage_healed":0.0,"max_hp_gain":0.0,"max_hp_loss":0.0,"gold_gain":0.0,"event_name":"Bonfire Elementals","player_choice":"Offered Basic","floor":36.0,"gold_loss":0.0,"damage_taken":0.0},{"damage_healed":0.0,"max_hp_gain":0.0,"max_hp_loss":0.0,"gold_gain":0.0,"event_name":"Mysterious Sphere","player_choice":"Fight","floor":48.0,"gold_loss":0.0,"damage_taken":0.0}],"is_beta":false,"boss_relics":[{"not_picked":["HoveringKite","Velvet Choker"],"picked":"White Beast Statue"},{"not_picked":["Astrolabe","Tiny House"],"picked":"Cursed Key"}],"items_purged_floors":[4,21],"is_endless":false,"potions_floor_spawned":[6,12,16,18,20,22,25,27,28,30,31,33,35,37,38,41,44,46,47,48],"killed_by":"Awakened One","ascension_level":20}