{"gold_per_floor":[163,179,179,129,149,149,179,198,222,240,268,268,285,298,298,396,396,414,414,424,443,443,443,468,137,211,211,211,211,226,240,240,240],"floor_reached":33,"playtime":2053,"items_purged":["Writhe"],"score":279,"play_id":"2ccb40df-2d9e-4846-bc35-48de49eda4de","local_time":"20181023233336","is_ascension_mode":false,"campfire_choices":[{"data":"Neutralize","floor":6,"key":"SMITH"},{"data":"Dagger Spray","floor":12,"key":"SMITH"},{"data":"Survivor","floor":15,"key":"SMITH"},{"data":"Dagger Spray","floor":23,"key":"SMITH"},{"floor":27,"key":"REST"},{"floor":32,"key":"REST"}],"neow_cost":"NONE","seed_source_timestamp":0,"circlet_count":0,"master_deck":["Defend_G","Defend_G+1","Defend_G","Strike_G","Strike_G","Strike_G","Strike_G","Survivor+1","Neutralize+1","Flying Knee","Dagger Spray+1","Sucker Punch","Acrobatics","Underhanded Strike","Dagger Spray+1","Quick Slash","PiercingWail+1"],"special_seed":0,"relics":["Tiny House","Vajra","Pen Nib","Oddly Smooth Stone","Empty Cage","Sundial","MutagenicStrength","Peace Pipe","Matryoshka","Toxic Egg 2","Bottled Flame"],"potions_floor_usage":[7,7,7,7,11,20,21,33,33],"damage_taken":[{"damage":0,"enemies":"2 Louse","floor":1,"turns":3},{"damage":0,"enemies":"Small Slimes","floor":2,"turns":4},{"damage":0,"enemies":"Jaw Worm","floor":5,"turns":4},{"damage":9,"enemies":"Gremlin Nob","floor":7,"turns":4},{"damage":0,"enemies":"2 Fungi Beasts","floor":8,"turns":4},{"damage":0,"enemies":"Blue Slaver","floor":10,"turns":4},{"damage":2,"enemies":"3 Sentries","floor":11,"turns":5},{"damage":0,"enemies":"Exordium Thugs","floor":13,"turns":4},{"damage":1,"enemies":"Exordium Wildlife","floor":14,"turns":3},{"damage":27,"enemies":"Slime Boss","floor":16,"turns":8},{"damage":8,"enemies":"Shell Parasite","floor":18,"turns":4},{"damage":0,"enemies":"3 Byrds","floor":20,"turns":4},{"damage":15,"enemies":"3 Cultists","floor":21,"turns":5},{"damage":31,"enemies":"Book of Stabbing","floor":24,"turns":6},{"damage":20,"enemies":"Centurion and Healer","floor":30,"turns":4},{"damage":5,"enemies":"Snecko","floor":31,"turns":6},{"damage":41,"enemies":"Collector","floor":33,"turns":6}],"seed_played":"-6017723757541990707","potions_obtained":[{"floor":0,"key":"EntropicBrew"},{"floor":1,"key":"Poison Potion"},{"floor":5,"key":"SkillPotion"},{"floor":10,"key":"Explosive Potion"},{"floor":14,"key":"FearPotion"},{"floor":20,"key":"Ancient Potion"},{"floor":30,"key":"SmokeBomb"}],"is_trial":false,"path_per_floor":["M","M","?","?","M","R","E","M","T","M","E","R","M","M","R","B",null,"M","?","M","M","?","R","E","$","T","R","?","?","M","M","R"],"character_chosen":"THE_SILENT","items_purchased":["Matryoshka"],"campfire_rested":2,"item_purchase_floors":[25],"current_hp_per_floor":[75,75,75,75,75,75,66,66,66,66,64,64,64,63,63,36,75,67,67,67,52,52,52,21,21,21,43,43,29,9,4,28,0],"gold":240,"neow_bonus":"BOSS_RELIC","is_prod":false,"is_daily":false,"chose_seed":false,"campfire_upgraded":4,"win_rate":0,"timestamp":1540352016,"path_taken":["M","M","?","?","?","R","E","M","T","M","E","R","M","M","R","BOSS","M","?","M","M","?","R","E","$","T","R","?","?","M","M","R","BOSS"],"build_version":"2018-10-18","purchased_purges":1,"victory":false,"max_hp_per_floor":[75,75,75,75,75,75,75,75,75,75,75,75,75,75,75,75,75,75,75,75,75,75,75,75,75,75,75,75,80,80,80,80,80],"card_choices":[{"not_picked":["Accuracy","Predator"],"picked":"Flying Knee","floor":0},{"not_picked":["Footwork","Infinite Blades"],"picked":"Dagger Spray","floor":1},{"not_picked":["Terror","Outmaneuver","Accuracy"],"picked":"SKIP","floor":2},{"not_picked":["Slice","Outmaneuver"],"picked":"Sucker Punch","floor":5},{"not_picked":["Noxious Fumes","Burst"],"picked":"Acrobatics","floor":7},{"not_picked":["Sucker Punch","Deflect","Flying Knee"],"picked":"SKIP","floor":8},{"not_picked":["Predator","Calculated Gamble","Masterful Stab"],"picked":"SKIP","floor":10},{"not_picked":["Flying Knee","Acrobatics","Poisoned Stab"],"picked":"SKIP","floor":11},{"not_picked":["Reflex","Slice","Prepared"],"picked":"SKIP","floor":13},{"not_picked":["Poisoned Stab","Concentrate"],"picked":"Underhanded Strike","floor":14},{"not_picked":["Sucker Punch","Terror","Prepared"],"picked":"SKIP","floor":18},{"not_picked":["Acrobatics","Reflex"],"picked":"Dagger Spray","floor":20},{"not_picked":["Flechettes","Heel Hook","Backstab+1"],"picked":"SKIP","floor":21},{"not_picked":["Deflect","Acrobatics","Catalyst"],"picked":"SKIP","floor":24},{"not_picked":["Predator+1","Acrobatics+1"],"picked":"PiercingWail+1","floor":30},{"not_picked":["Noxious Fumes","Poisoned Stab","Outmaneuver+1"],"picked":"SKIP","floor":31}],"player_experience":229464,"relics_obtained":[{"floor":7,"key":"Vajra"},{"floor":9,"key":"Pen Nib"},{"floor":11,"key":"Oddly Smooth Stone"},{"floor":24,"key":"Peace Pipe"},{"floor":26,"key":"Toxic Egg 2"},{"floor":26,"key":"Bottled Flame"}],"event_choices":[{"damage_healed":0,"gold_gain":0,"player_choice":"Ignored","damage_taken":0,"max_hp_gain":0,"max_hp_loss":0,"event_name":"Liars Game","floor":3,"gold_loss":0},{"cards_removed":["Strike_G"],"damage_healed":0,"gold_gain":0,"player_choice":"Card Removal","damage_taken":0,"max_hp_gain":0,"max_hp_loss":0,"event_name":"The Cleric","floor":4,"gold_loss":50},{"damage_healed":0,"gold_gain":0,"player_choice":"Opened","damage_taken":0,"relics_obtained":["Sundial"],"max_hp_gain":0,"max_hp_loss":0,"event_name":"The Mausoleum","floor":19,"gold_loss":0,"cards_obtained":["Writhe"]},{"damage_healed":0,"gold_gain":0,"player_choice":"Inject Mutagens","damage_taken":0,"relics_obtained":["MutagenicStrength"],"max_hp_gain":0,"max_hp_loss":0,"event_name":"Drug Dealer","floor":22,"gold_loss":0},{"damage_healed":0,"gold_gain":0,"player_choice":"1 cards matched","damage_taken":0,"max_hp_gain":0,"max_hp_loss":0,"event_name":"Match and Keep!","floor":28,"gold_loss":0,"cards_obtained":["Quick Slash"]},{"damage_healed":0,"gold_gain":0,"player_choice":"Shed Blood","damage_taken":19,"max_hp_gain":5,"max_hp_loss":0,"event_name":"Forgotten Altar","floor":29,"gold_loss":0}],"is_beta":false,"boss_relics":[{"not_picked":["Runic Pyramid","Velvet Choker"],"picked":"Empty Cage"}],"items_purged_floors":[25],"is_endless":false,"potions_floor_spawned":[1,5,10,14,20,30],"killed_by":"Collector","ascension_level":0}