{"gold_per_floor":[119,44,44,61,79,79,154,154,154,183,183,195,205,220,220,292,292,311,328,278,278],"floor_reached":21,"playtime":701,"items_purged":[],"score":353,"play_id":"c15e0168-f5b3-4633-9916-cb9e003ee05e","local_time":"20181007213346","is_ascension_mode":true,"campfire_choices":[{"data":"Cloak And Dagger","floor":6,"key":"SMITH"},{"data":"Neutralize","floor":8,"key":"SMITH"},{"data":"All Out Attack","floor":11,"key":"SMITH"},{"data":"Bouncing Flask","floor":15,"key":"SMITH"}],"neow_cost":"","seed_source_timestamp":773066308786365,"circlet_count":0,"master_deck":["Defend_G","Defend_G","Defend_G","Defend_G","Defend_G","Strike_G","Strike_G","Strike_G","Strike_G+1","Survivor","Neutralize+1","AscendersBane","All Out Attack+1","Cloak And Dagger+1","Blur","Prepared","Bouncing Flask+1","Dagger Spray","Unload","Crippling Poison+1","Deadly Poison"],"relics":["Ring of the Snake","Dodecahedron","Strawberry","Bag of Marbles","Eternal Feather"],"potions_floor_usage":[10,13,16,16,19,21],"damage_taken":[{"damage":7,"enemies":"Small Slimes","floor":1,"turns":4},{"damage":3,"enemies":"Jaw Worm","floor":4,"turns":3},{"damage":1,"enemies":"Cultist","floor":5,"turns":4},{"damage":23,"enemies":"Gremlin Nob","floor":10,"turns":4},{"damage":7,"enemies":"Large Slime","floor":12,"turns":5},{"damage":1,"enemies":"Exordium Thugs","floor":13,"turns":3},{"damage":0,"enemies":"Looter","floor":14,"turns":3},{"damage":23,"enemies":"Hexaghost","floor":16,"turns":10},{"damage":12,"enemies":"Spheric Guardian","floor":18,"turns":4},{"damage":16,"enemies":"Shell Parasite","floor":19,"turns":6},{"damage":31,"enemies":"Centurion and Healer","floor":21,"turns":5}],"seed_played":"2498433012636520458","potions_obtained":[{"floor":3,"key":"Energy Potion"},{"floor":3,"key":"SpeedPotion"},{"floor":5,"key":"SteroidPotion"},{"floor":12,"key":"Regen Potion"},{"floor":13,"key":"GhostInAJar"},{"floor":18,"key":"Block Potion"},{"floor":19,"key":"AttackPotion"}],"is_trial":false,"path_per_floor":["M","?","?","M","M","R","T","R","T","E","R","M","M","M","R","B",null,"M","M","?"],"character_chosen":"THE_SILENT","items_purchased":[],"campfire_rested":0,"item_purchase_floors":[],"current_hp_per_floor":[52,52,52,49,48,48,48,48,55,32,32,25,24,24,24,16,59,47,31,31,0],"gold":278,"neow_bonus":"","is_prod":false,"is_daily":false,"chose_seed":false,"campfire_upgraded":4,"win_rate":0,"timestamp":1538940826,"path_taken":["M","?","?","M","M","R","?","R","T","E","R","M","?","M","R","BOSS","M","M","?","M"],"build_version":"2018-10-04v2","purchased_purges":0,"victory":false,"max_hp_per_floor":[66,66,66,66,66,66,66,66,73,73,73,73,73,73,73,73,73,73,73,73,73],"card_choices":[{"not_picked":["Underhanded Strike","Reflex"],"picked":"All Out Attack","floor":1},{"not_picked":["Dodge and Roll","Footwork"],"picked":"Cloak And Dagger","floor":4},{"not_picked":["Caltrops","Poisoned Stab"],"picked":"Blur","floor":5},{"not_picked":["Sucker Punch","Wraith Form v2"],"picked":"Prepared","floor":10},{"not_picked":["Skewer","Flying Knee"],"picked":"Bouncing Flask","floor":12},{"not_picked":["Predator","Sucker Punch"],"picked":"Dagger Spray","floor":13},{"not_picked":["Acrobatics","Deflect","Slice"],"picked":"SKIP","floor":14},{"not_picked":["Envenom","Bullet Time"],"picked":"Unload","floor":16},{"not_picked":["Backflip","Acrobatics+1"],"picked":"Crippling Poison","floor":18},{"not_picked":["Dagger Spray","Prepared+1"],"picked":"Deadly Poison","floor":19}],"player_experience":816107,"relics_obtained":[{"floor":7,"key":"Dodecahedron"},{"floor":9,"key":"Strawberry"},{"floor":10,"key":"Bag of Marbles"}],"event_choices":[{"event_name":"The Cleric","player_choice":"Card Removal","floor":2,"damage_taken":0},{"event_name":"The Lab","player_choice":"Got Potions","floor":3,"damage_taken":0},{"event_name":"Designer","player_choice":"Upgrade 2 Random Cards","floor":20,"damage_taken":0}],"is_beta":false,"boss_relics":[{"not_picked":["HoveringKite","Coffee Dripper"],"picked":"Eternal Feather"}],"items_purged_floors":[],"is_endless":false,"potions_floor_spawned":[5,12,13,18,19],"killed_by":"Centurion and Healer","ascension_level":19}