{"gold_per_floor":[119,119,119,136,149,179,179,191,239,239,259,259,287,301,301,397,397,413,21,39,59,59,59,34,134,134,56,56,56,56,66,66,162,162,174,189,44,44,70,70,104,104,128,128,128,28,0,19,19,19],"floor_reached":51,"playtime":4282,"items_purged":["Strike_G","Writhe"],"score":1060,"play_id":"74268e4d-be05-4384-8695-a49ddc816129","local_time":"20190301011241","is_ascension_mode":true,"campfire_choices":[{"floor":7.0,"key":"REST"},{"floor":12.0,"key":"REST"},{"floor":15.0,"key":"REST"},{"floor":23.0,"key":"REST"},{"floor":28.0,"key":"REST"},{"data":"A Thousand Cuts","floor":30.0,"key":"SMITH"},{"floor":32.0,"key":"REST"},{"data":"Choke","floor":40.0,"key":"SMITH"},{"data":"Finisher","floor":44.0,"key":"SMITH"},{"data":"Bullet Time","floor":49.0,"key":"SMITH"}],"neow_cost":"NONE","seed_source_timestamp":1219787499812688,"circlet_count":0,"master_deck":["AscendersBane","Defend_G+1","Defend_G+1","Defend_G+1","Defend_G+1","Strike_G+1","Strike_G+1","Strike_G+1","Strike_G+1","Survivor+1","Neutralize+1","Footwork+1","Sucker Punch+1","Infinite Blades+1","Heel Hook+1","Predator+1","Neutralize+1","Slice+1","Quick Slash+1","Backflip+1","Quick Slash+1","Endless Agony+1","A Thousand Cuts+1","Blade Dance+1","All Out Attack+1","Slice+1","Leg Sweep+1","Dagger Spray+1","Prepared+1","Finisher+1","Panache+1","Slice+1","Glass Knife+1","Slice+1","Choke+1","Backstab+1","Phantasmal Killer+1","Calculated Gamble+1","Backflip+1","Bandage Up+1","Bullet Time+1"],"special_seed":0,"relics":["Ring of the Snake","NeowsBlessing","Ornamental Fan","Juzu Bracelet","Dream Catcher","Blood Vial","Orrery","FossilizedHelix","Mummified Hand","Bottled Tornado","Pocketwatch","Coffee Dripper","Vajra","Ancient Tea Set","Happy Flower","Omamori","Mark of the Bloom","Red Mask"],"potions_floor_usage":[50,50],"damage_taken":[{"damage":0.0,"enemies":"Small Slimes","floor":1.0,"turns":1.0},{"damage":0.0,"enemies":"Jaw Worm","floor":4.0,"turns":1.0},{"damage":0.0,"enemies":"2 Louse","floor":5.0,"turns":1.0},{"damage":51.0,"enemies":"Gremlin Nob","floor":6.0,"turns":6.0},{"damage":11.0,"enemies":"Red Slaver","floor":8.0,"turns":6.0},{"damage":0.0,"enemies":"Exordium Wildlife","floor":11.0,"turns":3.0},{"damage":21.0,"enemies":"Lagavulin","floor":13.0,"turns":7.0},{"damage":4.0,"enemies":"Large Slime","floor":14.0,"turns":6.0},{"damage":19.0,"enemies":"The Guardian","floor":16.0,"turns":16.0},{"damage":1.0,"enemies":"3 Byrds","floor":18.0,"turns":4.0},{"damage":18.0,"enemies":"2 Thieves","floor":20.0,"turns":4.0},{"damage":19.0,"enemies":"Centurion and Healer","floor":21.0,"turns":5.0},{"damage":11.0,"enemies":"Colosseum Slavers","floor":25.0,"turns":4.0},{"damage":4.0,"enemies":"Colosseum Nobs","floor":25.0,"turns":5.0},{"damage":0.0,"enemies":"Snecko","floor":31.0,"turns":4.0},{"damage":37.0,"enemies":"Automaton","floor":33.0,"turns":10.0},{"damage":14.0,"enemies":"3 Darklings","floor":35.0,"turns":3.0},{"damage":0.0,"enemies":"Orb Walker","floor":36.0,"turns":3.0},{"damage":18.0,"enemies":"Nemesis","floor":41.0,"turns":5.0},{"damage":0.0,"enemies":"Maw","floor":48.0,"turns":4.0},{"damage":32,"enemies":"Time Eater","floor":50,"turns":9}],"seed_played":"-356842345242620969","potions_obtained":[{"floor":1.0,"key":"Regen Potion"},{"floor":5.0,"key":"Weak Potion"},{"floor":8.0,"key":"Ancient Potion"},{"floor":20.0,"key":"Strength Potion"},{"floor":21.0,"key":"SpeedPotion"},{"floor":33.0,"key":"GhostInAJar"},{"floor":36.0,"key":"Dexterity Potion"},{"floor":41.0,"key":"GamblersBrew"}],"is_trial":false,"path_per_floor":["M","?","?","M","M","E","R","M","T","?","M","R","E","M","R","B",null,"M","$","M","M","?","R","$","?","T","$","R","?","R","M","R","B",null,"M","M","$","?","T","R","E","?","T","R","?","$","?","M","R","B",null],"character_chosen":"THE_SILENT","items_purchased":["Finisher","Panache","Swift Potion","Slice","Backstab","Vajra"],"campfire_rested":6,"item_purchase_floors":[19,19,19,24,27,37],"current_hp_per_floor":[63,56,38,38,38,2,23,12,12,12,12,33,12,10,31,14,56,57,57,41,24,11,33,33,22,22,22,44,44,44,46,68,33,65,53,55,55,55,55,55,39,39,39,39,39,39,39,39,39,7],"gold":19,"neow_bonus":"THREE_ENEMY_KILL","is_prod":false,"is_daily":false,"chose_seed":false,"campfire_upgraded":4,"win_rate":0,"timestamp":1551420761,"path_taken":["M","?","?","M","M","E","R","M","T","?","M","R","E","M","R","BOSS","M","$","M","M","?","R","$","?","T","$","R","?","R","M","R","BOSS","M","M","$","?","?","R","E","?","T","R","?","?","?","M","R","BOSS"],"build_version":"2019-01-23","purchased_purges":2,"victory":true,"max_hp_per_floor":[70,70,70,70,70,70,70,70,70,70,70,70,70,70,70,70,70,70,70,70,70,75,75,75,75,75,75,75,75,75,75,75,75,75,75,75,75,71,71,71,71,71,71,71,71,71,71,71,71,71],"card_choices":[{"not_picked":["Terror","Bane"],"picked":"Footwork","floor":1.0},{"not_picked":["Well Laid Plans","Setup"],"picked":"Sucker Punch","floor":4.0},{"not_picked":["Acrobatics","Eviscerate"],"picked":"Infinite Blades","floor":5.0},{"not_picked":["Tactician","Underhanded Strike"],"picked":"Heel Hook","floor":6.0},{"not_picked":["Acrobatics","Finisher"],"picked":"Predator","floor":8.0},{"not_picked":["Slice","Accuracy"],"picked":"Quick Slash","floor":11.0},{"not_picked":["Skewer","Reflex"],"picked":"Backflip","floor":13.0},{"not_picked":["Backflip","Endless Agony"],"picked":"Quick Slash","floor":14.0},{"not_picked":["Riddle With Holes","Skewer"],"picked":"Endless Agony","floor":15.0},{"not_picked":["After Image","Night Terror"],"picked":"A Thousand Cuts","floor":16.0},{"not_picked":["Outmaneuver","Predator"],"picked":"Blade Dance","floor":17.0},{"not_picked":["Quick Slash","Slice"],"picked":"All Out Attack","floor":17.0},{"not_picked":["Dodge and Roll","Quick Slash"],"picked":"Slice","floor":17.0},{"not_picked":["Escape Plan","Wraith Form v2"],"picked":"Leg Sweep","floor":17.0},{"not_picked":["Poisoned Stab","Bane"],"picked":"Dagger Spray","floor":17.0},{"not_picked":["Dodge and Roll","Sucker Punch"],"picked":"Prepared","floor":18.0},{"not_picked":["Underhanded Strike","Setup","Bane"],"picked":"SKIP","floor":20.0},{"not_picked":["Underhanded Strike","Backflip"],"picked":"Slice","floor":21.0},{"not_picked":["Cloak And Dagger","Noxious Fumes"],"picked":"Glass Knife","floor":23.0},{"not_picked":["Sucker Punch","Setup"],"picked":"Choke","floor":25.0},{"not_picked":["Distraction","Expertise","Backstab"],"picked":"SKIP","floor":31.0},{"not_picked":["A Thousand Cuts","Unload"],"picked":"Phantasmal Killer","floor":33.0},{"not_picked":["Bane","Underhanded Strike+1"],"picked":"Calculated Gamble+1","floor":35.0},{"not_picked":["Poisoned Stab","Blade Dance"],"picked":"Backflip","floor":36.0},{"not_picked":["Concentrate","Deflect","Tactician+1"],"picked":"SKIP","floor":41.0},{"not_picked":["Trip","Flash of Steel"],"picked":"Bandage Up","floor":42.0},{"not_picked":["Deadly Poison","Bouncing Flask"],"picked":"Bullet Time","floor":48.0}],"player_experience":565096,"relics_obtained":[{"floor":6.0,"key":"Juzu Bracelet"},{"floor":9.0,"key":"Dream Catcher"},{"floor":13.0,"key":"Blood Vial"},{"floor":25.0,"key":"FossilizedHelix"},{"floor":25.0,"key":"Mummified Hand"},{"floor":26.0,"key":"Bottled Tornado"},{"floor":39.0,"key":"Ancient Tea Set"},{"floor":41.0,"key":"Happy Flower"},{"floor":43.0,"key":"Omamori"}],"event_choices":[{"cards_removed":["Defend_G"],"damage_healed":0.0,"max_hp_gain":0.0,"max_hp_loss":0.0,"gold_gain":0.0,"event_name":"Golden Wing","player_choice":"Card Removal","floor":2.0,"gold_loss":0.0,"damage_taken":7.0},{"damage_healed":0.0,"max_hp_gain":0.0,"max_hp_loss":0.0,"gold_gain":0.0,"event_name":"Scrap Ooze","player_choice":"Success","floor":3.0,"gold_loss":0.0,"damage_taken":18.0,"relics_obtained":["Ornamental Fan"]},{"damage_healed":0.0,"max_hp_gain":0.0,"max_hp_loss":0.0,"gold_gain":0.0,"event_name":"Match and Keep!","player_choice":"2 cards matched","floor":10.0,"gold_loss":0.0,"damage_taken":0.0,"cards_obtained":["Neutralize","Slice"]},{"damage_healed":0.0,"max_hp_gain":5.0,"max_hp_loss":0.0,"gold_gain":0.0,"event_name":"Forgotten Altar","player_choice":"Shed Blood","floor":22.0,"gold_loss":0.0,"damage_taken":18.0},{"damage_healed":0.0,"max_hp_gain":0.0,"max_hp_loss":0.0,"gold_gain":0.0,"event_name":"Colosseum","player_choice":"Fight","floor":25.0,"gold_loss":0.0,"damage_taken":0.0},{"damage_healed":0.0,"max_hp_gain":0.0,"max_hp_loss":0.0,"gold_gain":0.0,"event_name":"Colosseum","player_choice":"Fought Nobs","floor":25.0,"gold_loss":0.0,"damage_taken":0.0},{"damage_healed":0.0,"max_hp_gain":0.0,"max_hp_loss":0.0,"gold_gain":0.0,"event_name":"The Mausoleum","player_choice":"Opened","floor":29.0,"gold_loss":0.0,"damage_taken":0.0,"relics_obtained":["Pocketwatch"],"cards_obtained":["Writhe"]},{"damage_healed":0.0,"max_hp_gain":0.0,"max_hp_loss":4.0,"gold_gain":0.0,"event_name":"Winding Halls","player_choice":"Max HP","floor":38.0,"gold_loss":0.0,"damage_taken":0.0},{"damage_healed":0.0,"max_hp_gain":0.0,"max_hp_loss":0.0,"gold_gain":0.0,"event_name":"SensoryStone","player_choice":"Memory 1","floor":42.0,"gold_loss":0.0,"damage_taken":0.0},{"damage_healed":0.0,"max_hp_gain":0.0,"max_hp_loss":0.0,"gold_gain":0.0,"event_name":"MindBloom","player_choice":"Upgrade","floor":45.0,"gold_loss":0.0,"damage_taken":0.0,"cards_upgraded":["Defend_G","Defend_G","Defend_G","Defend_G","Strike_G","Strike_G","Strike_G","Strike_G","Survivor","Neutralize","Footwork","Sucker Punch","Infinite Blades","Heel Hook","Predator","Neutralize","Slice","Quick Slash","Backflip","Quick Slash","Endless Agony","Blade Dance","All Out Attack","Slice","Leg Sweep","Dagger Spray","Prepared","Panache","Slice","Glass Knife","Slice","Backstab","Phantasmal Killer","Backflip","Bandage Up"],"relics_obtained":["Mark of the Bloom"]},{"damage_healed":0.0,"max_hp_gain":0.0,"max_hp_loss":0.0,"gold_gain":0.0,"event_name":"Tomb of Lord Red Mask","player_choice":"Paid","floor":47.0,"gold_loss":28.0,"damage_taken":0.0,"relics_obtained":["Red Mask"]}],"is_beta":false,"boss_relics":[{"not_picked":["Runic Pyramid","Tiny House"],"picked":"Orrery"},{"not_picked":["Runic Dome","Snecko Eye"],"picked":"Coffee Dripper"}],"items_purged_floors":[19,46],"is_endless":false,"potions_floor_spawned":[1,5,8,20,21,33,36,41],"ascension_level":12}