{"gold_per_floor":[16,26,40,52,52,52,108,129,152,152,178,178,211,229,229,229],"floor_reached":16,"playtime":490,"items_purged":[],"score":209,"play_id":"1511852b-146d-4081-80c2-2d466ce5a275","local_time":"20181003215830","is_ascension_mode":true,"campfire_choices":[{"data":"Sweeping Beam","floor":6.0,"key":"SMITH"},{"data":"Compile Driver","floor":10.0,"key":"SMITH"},{"floor":12.0,"key":"REST"},{"data":"Darkness","floor":15,"key":"SMITH"}],"neow_cost":"NO_GOLD","seed_source_timestamp":429001228590394,"circlet_count":0,"master_deck":["Strike_B","Strike_B","Strike_B","Defend_B","Defend_B","Defend_B","Zap+1","Dualcast","AscendersBane","Turbo","Darkness+1","Compile Driver+1","Sweeping Beam+1","Self Repair","Darkness","Melter"],"special_seed":0,"relics":["Cracked Core","Tiny Chest","Odd Mushroom","Strawberry","Omamori","Pen Nib"],"potions_floor_usage":[14],"damage_taken":[{"damage":2.0,"enemies":"Cultist","floor":1.0,"turns":4.0},{"damage":9.0,"enemies":"2 Louse","floor":2.0,"turns":3.0},{"damage":7.0,"enemies":"Small Slimes","floor":3.0,"turns":3.0},{"damage":12.0,"enemies":"Looter","floor":4.0,"turns":3.0},{"damage":8.0,"enemies":"Gremlin Nob","floor":7.0,"turns":3.0},{"damage":0.0,"enemies":"The Mushroom Lair","floor":8.0,"turns":2.0},{"damage":39.0,"enemies":"Gremlin Nob","floor":11.0,"turns":4.0},{"damage":40,"enemies":"3 Sentries","floor":13,"turns":6},{"damage":0,"enemies":"3 Louse","floor":14,"turns":1},{"damage":24,"enemies":"The Guardian","floor":16,"turns":4}],"seed_played":"5799140430678333790","potions_obtained":[{"floor":2.0,"key":"PowerPotion"},{"floor":4.0,"key":"SkillPotion"},{"floor":7.0,"key":"Explosive Potion"},{"floor":13,"key":"Explosive Potion"},{"floor":14,"key":"FearPotion"}],"is_trial":false,"path_per_floor":["M","M","M","M","?","R","E","?","T","R","?","R","E","M","R"],"character_chosen":"DEFECT","items_purchased":[],"campfire_rested":1,"item_purchase_floors":[],"current_hp_per_floor":[62,53,46,41,41,41,40,47,54,54,22,45,12,19,19,0],"gold":229,"neow_bonus":"TRANSFORM_TWO_CARDS","is_prod":false,"is_daily":false,"chose_seed":false,"campfire_upgraded":3,"win_rate":0,"timestamp":1538596710,"path_taken":["M","?","M","M","?","R","E","?","T","R","?","R","E","M","R","BOSS"],"build_version":"2018-09-27","purchased_purges":0,"victory":false,"max_hp_per_floor":[71,71,71,71,71,71,71,71,78,78,78,78,78,78,78,78],"card_choices":[{"not_picked":["Capacitor","Ball Lightning"],"picked":"Compile Driver","floor":1.0},{"not_picked":["Ball Lightning","Meteor Strike"],"picked":"Sweeping Beam","floor":2.0},{"not_picked":["Stack","Streamline"],"picked":"Self Repair","floor":3.0},{"not_picked":["Genetic Algorithm","Lockon","Gash"],"picked":"SKIP","floor":4.0},{"not_picked":["Turbo","Leap","Rebound"],"picked":"SKIP","floor":7.0},{"not_picked":["Gash","Coolheaded"],"picked":"Darkness","floor":13},{"not_picked":["Ball Lightning","Streamline"],"picked":"Melter","floor":14}],"player_experience":805644,"relics_obtained":[{"floor":7.0,"key":"Tiny Chest"},{"floor":8.0,"key":"Odd Mushroom"},{"floor":9.0,"key":"Strawberry"},{"floor":11.0,"key":"Omamori"},{"floor":13,"key":"Pen Nib"}],"event_choices":[{"event_name":"Living Wall","player_choice":"Grow","floor":5.0,"damage_taken":0.0},{"event_name":"Mushrooms","player_choice":"Fought Mushrooms","floor":8.0,"damage_taken":0.0},{"event_name":"Dead Adventurer","player_choice":"Searched \u00272\u0027 times","floor":11.0,"damage_taken":0.0}],"is_beta":false,"boss_relics":[],"items_purged_floors":[],"is_endless":false,"potions_floor_spawned":[2,4,7,13,14],"killed_by":"The Guardian","ascension_level":18}