{"gold_per_floor":[113,126,126,136,136,136,153,153,203,203,215,235,248,279,279,354,354,373,389,409,409],"floor_reached":21,"playtime":708,"items_purged":[],"score":361,"play_id":"f3d35c65-578b-4a71-8545-dcf7201590d7","local_time":"20181006101935","is_ascension_mode":true,"campfire_choices":[{"data":"Masterful Stab","floor":6.0,"key":"SMITH"},{"data":"Die Die Die","floor":8.0,"key":"SMITH"},{"data":"Neutralize","floor":10.0,"key":"SMITH"},{"data":"Bouncing Flask","floor":15.0,"key":"SMITH"}],"neow_cost":"TEN_PERCENT_HP_LOSS","seed_source_timestamp":646106626909330,"circlet_count":0,"master_deck":["Defend_G","Defend_G","Defend_G","Defend_G","Defend_G","Strike_G","Strike_G","Survivor","Neutralize+1","AscendersBane","Die Die Die+1","Noxious Fumes+1","Masterful Stab+1","Prepared","Infinite Blades","Bouncing Flask+1","Adrenaline","Heel Hook+1","Accuracy+1","Prepared+1","Backflip","Choke"],"special_seed":0,"relics":["Ring of the Snake","Potion Belt","Strawberry","Astrolabe"],"potions_floor_usage":[16,18,19],"damage_taken":[{"damage":0.0,"enemies":"2 Louse","floor":1.0,"turns":3.0},{"damage":0.0,"enemies":"Small Slimes","floor":2.0,"turns":2.0},{"damage":0.0,"enemies":"Cultist","floor":4.0,"turns":3.0},{"damage":4.0,"enemies":"3 Louse","floor":7.0,"turns":3.0},{"damage":3.0,"enemies":"Exordium Thugs","floor":11.0,"turns":4.0},{"damage":0.0,"enemies":"Exordium Wildlife","floor":12.0,"turns":2.0},{"damage":4.0,"enemies":"Blue Slaver","floor":13.0,"turns":3.0},{"damage":10.0,"enemies":"3 Sentries","floor":14.0,"turns":5.0},{"damage":36,"enemies":"Hexaghost","floor":16,"turns":8},{"damage":1,"enemies":"Chosen","floor":18,"turns":3},{"damage":17,"enemies":"Shell Parasite","floor":19,"turns":4},{"damage":17,"enemies":"Cultist and Chosen","floor":20,"turns":5},{"damage":11,"enemies":"Shelled Parasite and Fungi","floor":21,"turns":2}],"seed_played":"4822223812966043899","potions_obtained":[{"floor":2.0,"key":"Fire Potion"},{"floor":7.0,"key":"SkillPotion"},{"floor":11.0,"key":"Poison Potion"},{"floor":13.0,"key":"Swift Potion"},{"floor":18,"key":"Swift Potion"},{"floor":20,"key":"LiquidBronze"}],"is_trial":false,"path_per_floor":["M","M","?","M","?","R","M","R","T","R","M","M","M","E","R","B",null,"M","M","M"],"character_chosen":"THE_SILENT","items_purchased":[],"campfire_rested":0,"item_purchase_floors":[],"current_hp_per_floor":[59,59,64,64,64,64,60,60,60,60,57,57,53,50,50,14,58,57,40,23,12],"gold":409,"neow_bonus":"THREE_RARE_CARDS","is_prod":false,"is_daily":false,"chose_seed":false,"campfire_upgraded":4,"win_rate":0,"timestamp":1538813975,"path_taken":["M","M","?","M","?","R","M","R","T","R","M","?","M","E","R","BOSS","M","M","M","M"],"build_version":"2018-10-04v2","purchased_purges":0,"victory":false,"max_hp_per_floor":[60,60,65,65,65,65,65,65,65,65,65,65,65,72,72,72,72,72,72,72,72],"card_choices":[{"not_picked":["Night Terror","Venomology"],"picked":"Die Die Die","floor":0.0},{"not_picked":["Prepared","Deadly Poison"],"picked":"Noxious Fumes","floor":1.0},{"not_picked":["Caltrops","Flying Knee"],"picked":"Masterful Stab","floor":2.0},{"not_picked":["Bane","Flying Knee","PiercingWail"],"picked":"SKIP","floor":4.0},{"not_picked":["Eviscerate","Dagger Throw","Outmaneuver"],"picked":"SKIP","floor":7.0},{"not_picked":["Quick Slash","Slice"],"picked":"Prepared","floor":11.0},{"not_picked":["Sucker Punch","Deadly Poison","Bane"],"picked":"SKIP","floor":12.0},{"not_picked":["Bouncing Flask","Dagger Throw"],"picked":"Infinite Blades","floor":13.0},{"not_picked":["Slice","Tools of the Trade"],"picked":"Bouncing Flask","floor":14.0},{"not_picked":["After Image","Malaise"],"picked":"Adrenaline","floor":16},{"not_picked":["Expertise","Dagger Throw+1"],"picked":"Backflip","floor":18},{"not_picked":["Endless Agony","PiercingWail","Bane"],"picked":"SKIP","floor":19},{"not_picked":["Concentrate","Expertise"],"picked":"Choke","floor":20}],"player_experience":810952,"relics_obtained":[{"floor":9.0,"key":"Potion Belt"},{"floor":14.0,"key":"Strawberry"}],"event_choices":[{"event_name":"Big Fish","player_choice":"Donut","floor":3.0,"damage_taken":0.0},{"event_name":"Upgrade Shrine","player_choice":"Upgraded","floor":5.0,"damage_taken":0.0}],"is_beta":false,"boss_relics":[{"not_picked":["Velvet Choker","Ring of the Serpent"],"picked":"Astrolabe"}],"items_purged_floors":[],"is_endless":false,"potions_floor_spawned":[2,7,11,13,18,20],"killed_by":"Shelled Parasite and Fungi","ascension_level":19}