{"gold_per_floor":[109,109,109,109,125,158,158,186,186,186,196,196,206,131,131,202,202,214,129,29,129,129,129,144,144,144,160,180,211,211,231,231,304,304,315,367,18,29,29,29,44,79,79,114,114,37,37,37,37,37],"floor_reached":51,"playtime":1680,"items_purged":["Strike_R","Strike_R","Strike_R"],"score":1547,"play_id":"a9bde33e-cdb0-4ad1-808e-d93e1c8ddbea","local_time":"20190127203100","is_ascension_mode":true,"campfire_choices":[{"floor":7.0,"key":"REST"},{"data":"Bash","floor":10,"key":"SMITH"},{"data":"Bludgeon","floor":15,"key":"SMITH"},{"floor":23,"key":"REST"},{"data":"Intimidate","floor":25,"key":"SMITH"},{"data":"Evolve","floor":32,"key":"SMITH"},{"data":"Double Energy","floor":40,"key":"SMITH"},{"data":"1","floor":45,"key":"LIFT"},{"floor":49,"key":"REST"}],"neow_cost":"PERCENT_DAMAGE","seed_source_timestamp":1558908769399258,"circlet_count":0,"master_deck":["AscendersBane","Strike_R","Strike_R","Defend_R","Defend_R","Defend_R+1","Defend_R","Bash+1","Feed+1","Reckless Charge+1","Evolve+1","Intimidate+1","Twin Strike","Bludgeon+1","Power Through","Necronomicurse","Uppercut+1","Bludgeon+1","Impervious","Double Energy+1","Feel No Pain"],"special_seed":0,"relics":["Burning Blood","Dodecahedron","Anchor","Pen Nib","Bottled Lightning","Mark of Pain","Oddly Smooth Stone","Calipers","Mercury Hourglass","Necronomicon","StoneCalendar","Girya","Lizard Tail","Dead Branch","PrismaticShard","Mango","Pear","The Courier"],"potions_floor_usage":[8,11,31,33,44,50,50],"damage_taken":[{"damage":6.0,"enemies":"Cultist","floor":1.0,"turns":4.0},{"damage":7.0,"enemies":"Jaw Worm","floor":5.0,"turns":3.0},{"damage":20.0,"enemies":"3 Sentries","floor":6.0,"turns":8.0},{"damage":41,"enemies":"Lagavulin","floor":8,"turns":7},{"damage":3,"enemies":"2 Louse","floor":11,"turns":3},{"damage":0,"enemies":"Exordium Wildlife","floor":13,"turns":2},{"damage":29,"enemies":"Hexaghost","floor":16,"turns":7},{"damage":51,"enemies":"3 Byrds","floor":18,"turns":6},{"damage":9,"enemies":"Colosseum Slavers","floor":21,"turns":3},{"damage":0,"enemies":"Colosseum Nobs","floor":21,"turns":4},{"damage":0,"enemies":"Chosen","floor":24,"turns":1},{"damage":0,"enemies":"Snake Plant","floor":27,"turns":2},{"damage":13,"enemies":"Snecko","floor":28,"turns":4},{"damage":3,"enemies":"Book of Stabbing","floor":29,"turns":4},{"damage":0,"enemies":"Sentry and Sphere","floor":31,"turns":3},{"damage":64,"enemies":"Champ","floor":33,"turns":7},{"damage":0,"enemies":"Orb Walker","floor":35,"turns":2},{"damage":20,"enemies":"2 Orb Walkers","floor":36,"turns":4},{"damage":6,"enemies":"3 Darklings","floor":38,"turns":7},{"damage":2,"enemies":"Writhing Mass","floor":41,"turns":3},{"damage":24,"enemies":"Nemesis","floor":42,"turns":5},{"damage":0,"enemies":"Giant Head","floor":44,"turns":4},{"damage":49,"enemies":"Donu and Deca","floor":50,"turns":6}],"seed_played":"-6030039621768025080","potions_obtained":[{"floor":5.0,"key":"SteroidPotion"},{"floor":6.0,"key":"Dexterity Potion"},{"floor":8,"key":"BloodPotion"},{"floor":21,"key":"Fire Potion"},{"floor":31,"key":"GamblersBrew"},{"floor":35,"key":"Ancient Potion"},{"floor":41,"key":"Strength Potion"}],"is_trial":false,"path_per_floor":["M","?","?","?","M","E","R","E","T","R","M","T","M","$","R","B",null,"M","?","$","?","?","R","M","R","T","M","M","E","?","M","R","B",null,"M","?","$","M","$","R","M","E","T","E","R","$","?","$","R","B",null],"character_chosen":"IRONCLAD","items_purchased":["PrismaticShard","Feel No Pain","PowerPotion"],"campfire_rested":3,"item_purchase_floors":[37,46,46],"current_hp_per_floor":[53,53,53,30,33,23,48,17,17,17,33,33,43,43,43,20,79,34,34,34,45,24,55,61,61,61,67,64,67,67,77,77,19,90,96,82,82,82,82,82,86,82,92,98,98,98,98,98,131,88],"gold":37,"neow_bonus":"THREE_RARE_CARDS","is_prod":false,"is_daily":false,"chose_seed":false,"campfire_upgraded":5,"win_rate":0,"timestamp":1548617460,"path_taken":["M","?","?","?","M","E","R","E","T","R","M","?","?","?","R","BOSS","M","?","$","?","?","R","?","R","T","M","M","E","?","?","R","BOSS","M","?","$","M","?","R","M","E","T","E","R","$","?","?","R","BOSS"],"build_version":"2019-01-23","purchased_purges":3,"victory":true,"max_hp_per_floor":[78,78,78,78,82,86,86,90,90,90,94,94,98,98,98,98,98,98,98,98,106,106,106,106,106,106,106,110,110,110,114,114,114,114,114,114,114,114,114,114,114,128,138,138,138,138,131,131,131,131],"card_choices":[{"not_picked":["Reaper","Demon Form"],"picked":"Feed","floor":0.0},{"not_picked":["Clothesline","Perfected Strike"],"picked":"Reckless Charge","floor":1.0},{"not_picked":["Warcry","Havoc"],"picked":"Evolve","floor":5.0},{"not_picked":["Offering","Pommel Strike","True Grit"],"picked":"SKIP","floor":6.0},{"not_picked":["Wild Strike","Flex"],"picked":"Intimidate","floor":8},{"not_picked":["Thunderclap","Body Slam"],"picked":"Twin Strike","floor":11},{"not_picked":["Warcry","Havoc"],"picked":"Bludgeon","floor":13},{"not_picked":["Wild Strike","Body Slam+1","Flex"],"picked":"SKIP","floor":18},{"not_picked":["Iron Wave+1","Warcry"],"picked":"Power Through","floor":21},{"not_picked":["Heavy Blade","Bloodletting"],"picked":"Uppercut+1","floor":24},{"not_picked":["Iron Wave","Spot Weakness","Twin Strike"],"picked":"SKIP","floor":27},{"not_picked":["Power Through","Flex","Metallicize"],"picked":"SKIP","floor":28},{"not_picked":["Rage","Flame Barrier","Twin Strike"],"picked":"SKIP","floor":29},{"not_picked":["Clash","Armaments","Searing Blow+1"],"picked":"SKIP","floor":31},{"not_picked":["Offering","Demon Form"],"picked":"Impervious","floor":33},{"not_picked":["Metallicize","Heavy Blade","Battle Trance"],"picked":"SKIP","floor":35},{"not_picked":["Sweeping Beam","Panacea"],"picked":"Double Energy","floor":38},{"not_picked":["Mind Blast","Leap","Dual Wield"],"picked":"SKIP","floor":41},{"not_picked":["Wild Strike","Poisoned Stab","Tactician"],"picked":"SKIP","floor":42},{"not_picked":["Flex","Tempest","Defragment+1"],"picked":"SKIP","floor":44}],"player_experience":951040,"relics_obtained":[{"floor":6.0,"key":"Dodecahedron"},{"floor":8,"key":"Anchor"},{"floor":9,"key":"Pen Nib"},{"floor":12,"key":"Bottled Lightning"},{"floor":21,"key":"Calipers"},{"floor":21,"key":"Mercury Hourglass"},{"floor":22,"key":"Necronomicon"},{"floor":26,"key":"StoneCalendar"},{"floor":29,"key":"Girya"},{"floor":36,"key":"Dead Branch"},{"floor":42,"key":"Mango"},{"floor":43,"key":"Pear"},{"floor":44,"key":"The Courier"}],"event_choices":[{"damage_healed":0.0,"max_hp_gain":0.0,"max_hp_loss":0.0,"gold_gain":0.0,"event_name":"Living Wall","player_choice":"Grow","floor":2.0,"gold_loss":0.0,"damage_taken":0.0,"cards_upgraded":["Feed"]},{"damage_healed":0.0,"max_hp_gain":0.0,"max_hp_loss":0.0,"gold_gain":0.0,"event_name":"Scrap Ooze","player_choice":"Fled","floor":3.0,"gold_loss":0.0,"damage_taken":0.0},{"damage_healed":0.0,"max_hp_gain":0.0,"max_hp_loss":0.0,"gold_gain":0.0,"event_name":"Shining Light","player_choice":"Entered Light","floor":4.0,"gold_loss":0.0,"damage_taken":23.0,"cards_upgraded":["Reckless Charge","Defend_R"]},{"damage_healed":0,"gold_gain":0,"player_choice":"Obtained Relic","damage_taken":0,"relics_obtained":["Oddly Smooth Stone"],"max_hp_gain":0,"max_hp_loss":0,"event_name":"Addict","floor":19,"gold_loss":85},{"damage_healed":0,"gold_gain":0,"player_choice":"Fight","damage_taken":0,"max_hp_gain":0,"max_hp_loss":0,"event_name":"Colosseum","floor":21,"gold_loss":0},{"damage_healed":0,"gold_gain":0,"player_choice":"Fought Nobs","damage_taken":0,"max_hp_gain":0,"max_hp_loss":0,"event_name":"Colosseum","floor":21,"gold_loss":0},{"damage_healed":0,"gold_gain":0,"player_choice":"Obtained Book","damage_taken":21,"max_hp_gain":0,"max_hp_loss":0,"event_name":"Cursed Tome","floor":22,"gold_loss":0},{"damage_healed":0,"gold_gain":0,"player_choice":"Copied","damage_taken":0,"max_hp_gain":0,"max_hp_loss":0,"event_name":"Duplicator","floor":30,"gold_loss":0,"cards_obtained":["Bludgeon"]},{"damage_healed":0,"gold_gain":0,"player_choice":"Fight","damage_taken":0,"max_hp_gain":0,"max_hp_loss":0,"event_name":"Mysterious Sphere","floor":36,"gold_loss":0},{"damage_healed":0,"gold_gain":0,"player_choice":"Max HP","damage_taken":0,"max_hp_gain":0,"max_hp_loss":7,"event_name":"Winding Halls","floor":47,"gold_loss":0}],"is_beta":false,"boss_relics":[{"not_picked":["Runic Pyramid","Black Blood"],"picked":"Mark of Pain"},{"not_picked":["Orrery","Tiny House"],"picked":"Lizard Tail"}],"items_purged_floors":[14,20,37],"is_endless":false,"potions_floor_spawned":[5,6,8,21,21,31,35,41],"ascension_level":19}