{"gold_per_floor":[117,128,5,20,20,20,20,39,39,39,54,83,97,97,97,192,192,208,221,238,238,258,258,283,283,358,389,389,389,389,419,419,419],"floor_reached":33,"playtime":1331,"items_purged":[],"score":458,"play_id":"5b68c391-bc27-4622-93b9-d3a0157143a6","local_time":"20190210233800","is_ascension_mode":true,"campfire_choices":[{"data":"Rip and Tear","floor":6.0,"key":"SMITH"},{"data":"Ball Lightning","floor":10.0,"key":"SMITH"},{"data":"Streamline","floor":15,"key":"SMITH"},{"data":"Tempest","floor":23,"key":"SMITH"},{"floor":28,"key":"REST"},{"data":"Zap","floor":30,"key":"SMITH"},{"data":"Redo","floor":32,"key":"SMITH"}],"neow_cost":"PERCENT_DAMAGE","seed_source_timestamp":677994989774354,"circlet_count":0,"master_deck":["AscendersBane","Defend_B","Defend_B","Zap+1","Dualcast","Turbo","Ball Lightning+1","Rip and Tear+1","Coolheaded","Streamline+1","Glacier","FTL","Thunder Strike","Go for the Eyes+1","Heatsinks+1","Barrage+1","Redo+1","Tempest+1","Ball Lightning+1","Leap+1","White Noise","FTL+1","Creative AI"],"special_seed":0,"relics":["Cracked Core","Turnip","Shuriken","Thread and Needle","Oddly Smooth Stone","Astrolabe","Nilry\u0027s Codex","Molten Egg 2","Darkstone Periapt","Matryoshka","Dead Branch","Potion Belt"],"potions_floor_usage":[16,20,27,27,31,33],"damage_taken":[{"damage":6.0,"enemies":"Cultist","floor":1.0,"turns":3.0},{"damage":3.0,"enemies":"2 Louse","floor":2.0,"turns":2.0},{"damage":0.0,"enemies":"Small Slimes","floor":4.0,"turns":3.0},{"damage":7.0,"enemies":"2 Fungi Beasts","floor":8.0,"turns":3.0},{"damage":0.0,"enemies":"Large Slime","floor":11.0,"turns":4.0},{"damage":11,"enemies":"3 Sentries","floor":12,"turns":5},{"damage":0,"enemies":"Exordium Wildlife","floor":13,"turns":2},{"damage":10,"enemies":"Slime Boss","floor":16,"turns":9},{"damage":0,"enemies":"Shell Parasite","floor":18,"turns":5},{"damage":0,"enemies":"Chosen","floor":19,"turns":5},{"damage":0,"enemies":"Centurion and Healer","floor":20,"turns":6},{"damage":0,"enemies":"3 Cultists","floor":22,"turns":5},{"damage":14,"enemies":"Gremlin Leader","floor":24,"turns":6},{"damage":9,"enemies":"Book of Stabbing","floor":27,"turns":6},{"damage":7,"enemies":"Gremlin Leader","floor":31,"turns":6},{"damage":58,"enemies":"Champ","floor":33,"turns":7}],"seed_played":"-143336453379201160","potions_obtained":[{"floor":4.0,"key":"Weak Potion"},{"floor":11.0,"key":"SkillPotion"},{"floor":13,"key":"Swift Potion"},{"floor":19,"key":"GamblersBrew"},{"floor":24,"key":"Swift Potion"},{"floor":31,"key":"AttackPotion"}],"is_trial":false,"path_per_floor":["M","M","$","M","?","R","$","M","T","R","M","E","M","?","R","B",null,"M","M","M","?","M","R","E","?","T","E","R","?","R","E","R","B"],"character_chosen":"DEFECT","items_purchased":["Ball Lightning","Rip and Tear"],"campfire_rested":1,"item_purchase_floors":[3,3],"current_hp_per_floor":[44,41,41,41,41,41,41,34,34,34,34,23,23,23,23,13,60,60,60,60,44,44,44,30,30,30,21,43,43,43,36,36,0],"gold":419,"neow_bonus":"ONE_RARE_RELIC","is_prod":false,"is_daily":false,"chose_seed":false,"campfire_upgraded":6,"win_rate":0,"timestamp":1549838280,"path_taken":["M","M","$","?","?","R","?","M","T","R","M","E","M","?","R","BOSS","M","M","M","?","M","R","E","?","T","E","R","?","R","E","R","BOSS"],"build_version":"2019-01-23","purchased_purges":0,"victory":false,"max_hp_per_floor":[75,75,75,75,75,75,75,75,75,75,75,75,75,75,75,75,75,75,75,75,75,75,75,75,75,75,75,75,75,75,75,75,75],"card_choices":[{"not_picked":["Gash","Stack"],"picked":"Sweeping Beam","floor":1.0},{"not_picked":["Sweeping Beam","Barrage"],"picked":"Turbo","floor":2.0},{"not_picked":["Scrape","Cold Snap","Storm"],"picked":"SKIP","floor":4.0},{"not_picked":["Rebound","Hologram"],"picked":"Coolheaded","floor":8.0},{"not_picked":["Sweeping Beam","Coolheaded"],"picked":"Streamline","floor":11.0},{"not_picked":["Recycle","Hologram"],"picked":"Glacier","floor":12},{"not_picked":["Leap","Sunder"],"picked":"FTL","floor":13},{"not_picked":["Biased Cognition","Rainbow"],"picked":"Thunder Strike","floor":16},{"not_picked":["White Noise","Reprogram+1"],"picked":"Redo","floor":18},{"not_picked":["Coolheaded","Consume","Go for the Eyes+1"],"picked":"SKIP","floor":19},{"not_picked":["Ball Lightning","Rip and Tear"],"picked":"Tempest","floor":20},{"not_picked":["Undo","Coolheaded","Stack"],"picked":"SKIP","floor":22},{"not_picked":["Rebound","Turbo"],"picked":"Ball Lightning","floor":24},{"not_picked":["Turbo","Hologram"],"picked":"Leap+1","floor":27},{"not_picked":["Gash+1","Turbo+1"],"picked":"Creative AI","floor":31}],"player_experience":1036583,"relics_obtained":[{"floor":9.0,"key":"Thread and Needle"},{"floor":12,"key":"Oddly Smooth Stone"},{"floor":21,"key":"Nilry\u0027s Codex"},{"floor":24,"key":"Molten Egg 2"},{"floor":26,"key":"Matryoshka"},{"floor":27,"key":"Dead Branch"},{"floor":31,"key":"Potion Belt"}],"event_choices":[{"cards_removed":["Sweeping Beam"],"damage_healed":0.0,"max_hp_gain":0.0,"max_hp_loss":0.0,"gold_gain":0.0,"event_name":"WeMeetAgain","player_choice":"Gave Card","floor":5.0,"gold_loss":0.0,"damage_taken":0.0,"relics_obtained":["Shuriken"]},{"cards_removed":["Strike_B"],"damage_healed":0,"gold_gain":0,"player_choice":"Forget","damage_taken":0,"max_hp_gain":0,"max_hp_loss":0,"event_name":"Living Wall","floor":14,"gold_loss":0},{"damage_healed":0,"gold_gain":0,"player_choice":"Obtained Book","damage_taken":16,"max_hp_gain":0,"max_hp_loss":0,"event_name":"Cursed Tome","floor":21,"gold_loss":0},{"damage_healed":0,"gold_gain":0,"player_choice":"Opened","damage_taken":0,"relics_obtained":["Darkstone Periapt"],"max_hp_gain":0,"max_hp_loss":0,"event_name":"The Mausoleum","floor":25,"gold_loss":0},{"damage_healed":0,"gold_gain":0,"cards_transformed":["Defend_B","Defend_B"],"player_choice":"Became Test Subject","damage_taken":0,"max_hp_gain":0,"max_hp_loss":0,"event_name":"Drug Dealer","floor":29,"gold_loss":0,"cards_obtained":["White Noise","FTL"]}],"is_beta":false,"boss_relics":[{"not_picked":["Runic Dome","Snecko Eye"],"picked":"Astrolabe"}],"items_purged_floors":[],"is_endless":false,"potions_floor_spawned":[4,11,13,19,24,31],"killed_by":"Champ","ascension_level":10}