{"gold_per_floor":[109,119,136,147,147,147,179,179,179,179,179,179,104,125,125,125],"floor_reached":16,"playtime":1670,"items_purged":["Injury"],"score":115,"play_id":"ce11cfb8-f232-4879-9dfd-a2e2d9aa47e5","local_time":"20190216175125","is_ascension_mode":true,"campfire_choices":[{"data":"Battle Trance","floor":6,"key":"SMITH"},{"floor":8,"key":"REST"},{"data":"Spot Weakness","floor":10,"key":"SMITH"},{"data":"Disarm","floor":15,"key":"SMITH"}],"neow_cost":"NONE","seed_source_timestamp":16045022790088,"circlet_count":0,"master_deck":["Strike_R","Strike_R","Strike_R","Strike_R","Defend_R","Defend_R","Defend_R","Defend_R","Bash","Battle Trance+1","Spot Weakness+1","Shrug It Off+1","Disarm+1"],"relics":["Burning Blood","Gambling Chip","Sundial","Mummified Hand","Golden Idol"],"potions_floor_usage":[16],"damage_taken":[{"damage":5,"enemies":"Small Slimes","floor":1,"turns":3},{"damage":4,"enemies":"2 Louse","floor":2,"turns":3},{"damage":6,"enemies":"Cultist","floor":3,"turns":3},{"damage":7,"enemies":"Looter","floor":4,"turns":4},{"damage":50,"enemies":"3 Sentries","floor":7,"turns":11},{"damage":1,"enemies":"Large Slime","floor":14,"turns":5},{"damage":68,"enemies":"Slime Boss","floor":16,"turns":13}],"seed_played":"8554002107407012011","potions_obtained":[{"floor":1,"key":"Ancient Potion"},{"floor":4,"key":"SpeedPotion"}],"is_trial":false,"path_per_floor":["M","M","M","M","?","R","E","R","T","R","?","?","$","M","R","B"],"character_chosen":"IRONCLAD","items_purchased":[],"campfire_rested":1,"item_purchase_floors":[],"current_hp_per_floor":[80,80,80,79,76,76,32,56,56,56,56,56,56,61,61,0],"gold":125,"neow_bonus":"REMOVE_CARD","is_prod":false,"is_daily":false,"chose_seed":false,"campfire_upgraded":3,"win_rate":0,"timestamp":1550299885,"path_taken":["M","M","M","M","?","R","E","R","T","R","?","?","$","?","R","BOSS"],"build_version":"2019-01-23","purchased_purges":1,"victory":false,"max_hp_per_floor":[80,80,80,80,80,80,80,80,80,80,80,80,80,80,80,80],"card_choices":[{"not_picked":["Burning Pact","Sword Boomerang"],"picked":"Battle Trance","floor":1},{"not_picked":["Thunderclap","Body Slam"],"picked":"Spot Weakness","floor":2},{"not_picked":["Armaments","Corruption","Hemokinesis"],"picked":"SKIP","floor":3},{"not_picked":["Clothesline","Feel No Pain","Thunderclap"],"picked":"SKIP","floor":4},{"not_picked":["Spot Weakness","Anger"],"picked":"Shrug It Off","floor":7},{"not_picked":["Impervious","Combust"],"picked":"Disarm","floor":14}],"player_experience":182280,"relics_obtained":[{"floor":7,"key":"Sundial"},{"floor":9,"key":"Mummified Hand"}],"event_choices":[{"damage_healed":0,"gold_gain":0,"player_choice":"Success","damage_taken":3,"relics_obtained":["Gambling Chip"],"max_hp_gain":0,"max_hp_loss":0,"event_name":"Scrap Ooze","floor":5,"gold_loss":0},{"damage_healed":0,"gold_gain":0,"player_choice":"Take Wound","damage_taken":0,"relics_obtained":["Golden Idol"],"max_hp_gain":0,"max_hp_loss":0,"event_name":"Golden Idol","floor":11,"gold_loss":0,"cards_obtained":["Injury"]},{"damage_healed":0,"gold_gain":0,"player_choice":"Upgraded","damage_taken":0,"max_hp_gain":0,"max_hp_loss":0,"event_name":"Upgrade Shrine","floor":12,"gold_loss":0,"cards_upgraded":["Shrug It Off"]}],"is_beta":false,"boss_relics":[],"items_purged_floors":[13],"is_endless":false,"potions_floor_spawned":[1,4],"killed_by":"Slime Boss","ascension_level":3}