{"gold_per_floor":[114,131,144,155,38,63,63,63,63,101,101,134,134,134,134,223,223,246,266,15,28,28,28,59,59,82,82,95,119,133,149,149,243,243,256,269,394,727,727,727,753,81,104,122,152,152,170,201,201,201],"floor_reached":51,"playtime":4187,"items_purged":["Injury","Strike_R"],"score":1450,"play_id":"15d36e7d-4c0b-44b5-8755-33225a3a082d","local_time":"20190313013106","is_ascension_mode":true,"campfire_choices":[{"data":"Bash","floor":7.0,"key":"SMITH"},{"data":"Shockwave","floor":11.0,"key":"SMITH"},{"data":"True Grit","floor":13.0,"key":"SMITH"},{"data":"Shrug It Off","floor":15.0,"key":"SMITH"},{"data":"Heavy Blade","floor":23.0,"key":"SMITH"},{"data":"Sword Boomerang","floor":25.0,"key":"SMITH"},{"data":"Double Tap","floor":27.0,"key":"SMITH"},{"floor":32,"key":"REST"},{"data":"Reaper","floor":40,"key":"SMITH"},{"data":"Inflame","floor":49,"key":"SMITH"}],"neow_cost":"NONE","seed_source_timestamp":11397156888481,"circlet_count":0,"master_deck":["AscendersBane","Strike_R","Strike_R","Strike_R","Defend_R","Defend_R","Defend_R","Defend_R","Bash+1","Pommel Strike","Shrug It Off+1","Cleave","True Grit+1","Shockwave+1","Thunderclap","Inflame+1","Double Tap+1","Heavy Blade+1","Spot Weakness+1","Cleave","Sword Boomerang+1","Sword Boomerang","Inflame+1","Twin Strike","Battle Trance","Reaper+1","Sword Boomerang+1","Pummel+1","Sword Boomerang+1","Inflame+1"],"special_seed":0,"relics":["Burning Blood","NeowsBlessing","Ancient Tea Set","Red Skull","Gremlin Horn","Pen Nib","Mark of Pain","Anchor","Smiling Mask","Art of War","Busted Crown","Calipers","Pantograph","FossilizedHelix","Molten Egg 2","Bag of Marbles","Frozen Egg 2","Mummified Hand"],"potions_floor_usage":[35,37,48],"damage_taken":[{"damage":0.0,"enemies":"Jaw Worm","floor":1.0,"turns":1.0},{"damage":0.0,"enemies":"Cultist","floor":2.0,"turns":1.0},{"damage":0.0,"enemies":"Small Slimes","floor":3.0,"turns":1.0},{"damage":15.0,"enemies":"Gremlin Gang","floor":4.0,"turns":5.0},{"damage":12.0,"enemies":"Gremlin Nob","floor":6.0,"turns":3.0},{"damage":22.0,"enemies":"3 Sentries","floor":10.0,"turns":8.0},{"damage":19.0,"enemies":"Gremlin Nob","floor":12.0,"turns":4.0},{"damage":30.0,"enemies":"The Guardian","floor":16.0,"turns":11.0},{"damage":0.0,"enemies":"3 Byrds","floor":18.0,"turns":5.0},{"damage":1.0,"enemies":"Spheric Guardian","floor":19.0,"turns":3.0},{"damage":6.0,"enemies":"Cultist and Chosen","floor":21.0,"turns":5.0},{"damage":20.0,"enemies":"Book of Stabbing","floor":24.0,"turns":4.0},{"damage":21.0,"enemies":"Snake Plant","floor":28.0,"turns":3.0},{"damage":5.0,"enemies":"3 Cultists","floor":29.0,"turns":4.0},{"damage":0.0,"enemies":"Shelled Parasite and Fungi","floor":30.0,"turns":3.0},{"damage":21,"enemies":"Sentry and Sphere","floor":31,"turns":3},{"damage":40,"enemies":"Champ","floor":33,"turns":7},{"damage":27,"enemies":"3 Shapes","floor":35,"turns":3},{"damage":1,"enemies":"Orb Walker","floor":36,"turns":2},{"damage":8,"enemies":"Mind Bloom Boss Battle","floor":37,"turns":5},{"damage":15,"enemies":"Nemesis","floor":41,"turns":5},{"damage":0,"enemies":"Spire Growth","floor":44,"turns":4},{"damage":0,"enemies":"Giant Head","floor":45,"turns":6},{"damage":18,"enemies":"Jaw Worm Horde","floor":47,"turns":3},{"damage":0,"enemies":"Nemesis","floor":48,"turns":3},{"damage":72,"enemies":"Donu and Deca","floor":50,"turns":5}],"seed_played":"4755819536811151500","potions_obtained":[{"floor":3.0,"key":"PowerPotion"},{"floor":12.0,"key":"SteroidPotion"},{"floor":19.0,"key":"SteroidPotion"},{"floor":21.0,"key":"Fire Potion"},{"floor":30.0,"key":"Ancient Potion"},{"floor":36,"key":"AttackPotion"},{"floor":45,"key":"Strength Potion"},{"floor":48,"key":"Strength Potion"}],"is_trial":false,"path_per_floor":["M","M","M","M","$","E","R","?","T","E","R","E","R","?","R","B",null,"M","M","$","M","?","R","E","R","T","R","M","M","M","M","R","B",null,"M","M","?","?","?","R","E","$","T","M","E","?","M","E","R","B",null],"character_chosen":"IRONCLAD","items_purchased":["Shockwave","Explosive Potion","Anchor","Cleave","FossilizedHelix","Molten Egg 2","Pummel+1"],"campfire_rested":1,"item_purchase_floors":[5,5,20,20,42,42,42],"current_hp_per_floor":[74,75,75,66,66,60,60,60,60,44,44,31,31,31,31,7,58,64,69,69,69,69,69,55,55,55,55,40,41,47,32,54,20,61,54,59,65,65,65,65,75,75,75,75,75,75,63,69,69,50],"gold":201,"neow_bonus":"THREE_ENEMY_KILL","is_prod":false,"is_daily":false,"chose_seed":false,"campfire_upgraded":9,"win_rate":0,"timestamp":1552455066,"path_taken":["M","M","M","M","$","E","R","?","T","E","R","E","R","?","R","BOSS","M","?","?","M","?","R","E","R","T","R","M","M","?","M","R","BOSS","M","M","?","?","?","R","E","$","T","M","E","?","M","E","R","BOSS"],"build_version":"2019-01-23","purchased_purges":2,"victory":true,"max_hp_per_floor":[75,75,75,75,75,75,75,75,75,75,75,75,75,75,75,75,75,75,75,75,75,75,75,75,75,75,75,75,75,75,75,75,75,75,75,75,75,75,75,75,75,75,75,75,75,75,75,75,75,75],"card_choices":[{"not_picked":["Iron Wave","Corruption"],"picked":"Pommel Strike","floor":1.0},{"not_picked":["Armaments","Clothesline"],"picked":"Shrug It Off","floor":2.0},{"not_picked":["Inflame","Havoc"],"picked":"Cleave","floor":3.0},{"not_picked":["Whirlwind","Headbutt"],"picked":"True Grit","floor":4.0},{"not_picked":["Wild Strike","Sever Soul","Flex"],"picked":"SKIP","floor":6.0},{"not_picked":["Clothesline","Cleave"],"picked":"Thunderclap","floor":10.0},{"not_picked":["Demon Form","Entrench"],"picked":"Inflame","floor":12.0},{"not_picked":["Berserk","Fiend Fire"],"picked":"Double Tap","floor":16.0},{"not_picked":["Burning Pact+1","Searing Blow"],"picked":"Heavy Blade","floor":18.0},{"not_picked":["Sword Boomerang","Iron Wave"],"picked":"Spot Weakness+1","floor":19.0},{"not_picked":["Headbutt","Infernal Blade"],"picked":"Sword Boomerang","floor":21.0},{"not_picked":["Shockwave","True Grit"],"picked":"Sword Boomerang","floor":24.0},{"not_picked":["Headbutt","Warcry+1"],"picked":"Inflame","floor":28.0},{"not_picked":["Wild Strike","Headbutt"],"picked":"Twin Strike","floor":29.0},{"not_picked":["Perfected Strike","Clothesline+1"],"picked":"Battle Trance","floor":30.0},{"not_picked":["Flex","Warcry","Pommel Strike"],"picked":"SKIP","floor":31},{"not_picked":["Berserk","Fiend Fire"],"picked":"Reaper","floor":33},{"not_picked":["Body Slam+1"],"picked":"SKIP","floor":35},{"not_picked":["Twin Strike"],"picked":"SKIP","floor":36},{"not_picked":[],"picked":"Sword Boomerang+1","floor":41},{"not_picked":[],"picked":"Sword Boomerang+1","floor":44},{"not_picked":["Rampage+1"],"picked":"SKIP","floor":45},{"not_picked":["Perfected Strike+1"],"picked":"SKIP","floor":47},{"not_picked":["Brutality+1"],"picked":"SKIP","floor":48}],"player_experience":699327,"relics_obtained":[{"floor":6.0,"key":"Ancient Tea Set"},{"floor":9.0,"key":"Red Skull"},{"floor":10.0,"key":"Gremlin Horn"},{"floor":12.0,"key":"Pen Nib"},{"floor":24.0,"key":"Smiling Mask"},{"floor":26.0,"key":"Art of War"},{"floor":37,"key":"Calipers"},{"floor":41,"key":"Pantograph"},{"floor":43,"key":"Bag of Marbles"},{"floor":45,"key":"Frozen Egg 2"},{"floor":48,"key":"Mummified Hand"}],"event_choices":[{"damage_healed":0.0,"max_hp_gain":0.0,"max_hp_loss":0.0,"gold_gain":0.0,"event_name":"Golden Idol","player_choice":"Take Wound","floor":8.0,"gold_loss":0.0,"damage_taken":0.0,"relics_obtained":["Golden Idol"],"cards_obtained":["Injury"]},{"damage_healed":0.0,"max_hp_gain":0.0,"max_hp_loss":0.0,"gold_gain":0.0,"event_name":"Upgrade Shrine","player_choice":"Upgraded","floor":14.0,"gold_loss":0.0,"damage_taken":0.0,"cards_upgraded":["Inflame"]},{"cards_removed":["Strike_R"],"damage_healed":0.0,"max_hp_gain":0.0,"max_hp_loss":0.0,"gold_gain":0.0,"event_name":"Purifier","player_choice":"Purged","floor":22.0,"gold_loss":0.0,"damage_taken":0.0},{"damage_healed":0,"gold_gain":0,"player_choice":"Fight","damage_taken":0,"max_hp_gain":0,"max_hp_loss":0,"event_name":"MindBloom","floor":37,"gold_loss":0},{"damage_healed":0,"gold_gain":333,"player_choice":"Gave Idol","damage_taken":0,"max_hp_gain":0,"max_hp_loss":0,"event_name":"The Moai Head","floor":38,"relics_lost":["Golden Idol"],"gold_loss":0},{"damage_healed":0,"gold_gain":0,"player_choice":"Ignored","damage_taken":0,"max_hp_gain":0,"max_hp_loss":0,"event_name":"Tomb of Lord Red Mask","floor":39,"gold_loss":0},{"damage_healed":0,"gold_gain":0,"player_choice":"Copied","damage_taken":0,"max_hp_gain":0,"max_hp_loss":0,"event_name":"Duplicator","floor":46,"gold_loss":0,"cards_obtained":["Inflame"]}],"is_beta":false,"boss_relics":[{"not_picked":["Ectoplasm","Runic Dome"],"picked":"Mark of Pain"},{"not_picked":["Snecko Eye","Tiny House"],"picked":"Busted Crown"}],"items_purged_floors":[20,42],"is_endless":false,"potions_floor_spawned":[3,12,19,21,30,31,33,36,45,48],"ascension_level":15}