{"gold_per_floor":[116,116,136,86,100,134,134,162,162,39,39,54,54,54,54,155,155,171,271,289,304,304,304,338,357,357,377,26,41,41,3,3,98,98,109,29,79,99,115,115,115,149,149,177,177,206,30,57,57,57],"floor_reached":51,"playtime":5686,"items_purged":["Defend_R","Defend_R"],"score":1102,"play_id":"9e6dcf0e-daef-4b8e-a152-a8fc3e126070","local_time":"20190204024319","is_ascension_mode":true,"campfire_choices":[{"floor":7.0,"key":"REST"},{"data":"Uppercut","floor":11.0,"key":"SMITH"},{"data":"Evolve","floor":13.0,"key":"SMITH"},{"floor":15.0,"key":"REST"},{"floor":23.0,"key":"REST"},{"floor":32.0,"key":"REST"},{"floor":40.0,"key":"REST"},{"data":"Heavy Blade","floor":45.0,"key":"SMITH"},{"floor":49.0,"key":"REST"}],"neow_cost":"NONE","seed_source_timestamp":0,"circlet_count":0,"master_deck":["Strike_R","Strike_R","Strike_R","Strike_R+1","Defend_R","Defend_R+1","Bash","Cleave","Uppercut+1","Armaments","Evolve+1","Offering","Shrug It Off","Infernal Blade","Seeing Red","Rupture+1","Shrug It Off","Limit Break","Inflame+1","Offering","Inflame+1","Twin Strike","Dark Embrace+1","Thunderclap+1","Infernal Blade+1","Heavy Blade+1","Heavy Blade+1","Combust+1","Feel No Pain+1","Fiend Fire","Flex+1"],"special_seed":0,"relics":["Burning Blood","Pen Nib","Vajra","FossilizedHelix","Frozen Egg 2","Orrery","Ginger","The Courier","Self Forming Clay","Anchor","Bird Faced Urn","Lizard Tail","Dead Branch","Regal Pillow","Happy Flower","Question Card","Strawberry","Bag of Marbles"],"potions_floor_usage":[50,50,50],"damage_taken":[{"damage":9.0,"enemies":"Cultist","floor":1.0,"turns":5.0},{"damage":5.0,"enemies":"Small Slimes","floor":3.0,"turns":3.0},{"damage":12.0,"enemies":"Jaw Worm","floor":5.0,"turns":2.0},{"damage":25.0,"enemies":"Lagavulin","floor":6.0,"turns":5.0},{"damage":22.0,"enemies":"Gremlin Nob","floor":8.0,"turns":4.0},{"damage":0.0,"enemies":"Looter","floor":12.0,"turns":2.0},{"damage":18.0,"enemies":"Slime Boss","floor":16.0,"turns":5.0},{"damage":12.0,"enemies":"2 Thieves","floor":18.0,"turns":4.0},{"damage":34.0,"enemies":"Colosseum Slavers","floor":19.0,"turns":4.0},{"damage":13.0,"enemies":"Colosseum Nobs","floor":19.0,"turns":3.0},{"damage":6.0,"enemies":"Chosen","floor":20.0,"turns":4.0},{"damage":11.0,"enemies":"Snecko","floor":21.0,"turns":5.0},{"damage":22.0,"enemies":"Slavers","floor":24.0,"turns":6.0},{"damage":19.0,"enemies":"Snake Plant","floor":25.0,"turns":4.0},{"damage":7.0,"enemies":"Centurion and Healer","floor":27.0,"turns":5.0},{"damage":6.0,"enemies":"Sentry and Sphere","floor":29.0,"turns":3.0},{"damage":27.0,"enemies":"Collector","floor":33.0,"turns":5.0},{"damage":10.0,"enemies":"Orb Walker","floor":35.0,"turns":4.0},{"damage":37.0,"enemies":"2 Orb Walkers","floor":37.0,"turns":3.0},{"damage":24.0,"enemies":"3 Darklings","floor":38.0,"turns":3.0},{"damage":22.0,"enemies":"Sphere and 2 Shapes","floor":39.0,"turns":4.0},{"damage":6.0,"enemies":"Nemesis","floor":42.0,"turns":3.0},{"damage":18.0,"enemies":"Giant Head","floor":44.0,"turns":1.0},{"damage":39.0,"enemies":"Nemesis","floor":46.0,"turns":3.0},{"damage":30.0,"enemies":"Reptomancer","floor":48.0,"turns":5.0},{"damage":80,"enemies":"Awakened One","floor":50,"turns":7}],"seed_played":"8369573194978819265","potions_obtained":[{"floor":3.0,"key":"FearPotion"},{"floor":5.0,"key":"PowerPotion"},{"floor":8.0,"key":"Swift Potion"},{"floor":16.0,"key":"Strength Potion"},{"floor":19.0,"key":"SpeedPotion"},{"floor":24.0,"key":"Fire Potion"},{"floor":33.0,"key":"BloodPotion"},{"floor":35.0,"key":"PowerPotion"},{"floor":37.0,"key":"AttackPotion"},{"floor":41.0,"key":"Explosive Potion"},{"floor":41.0,"key":"Poison Potion"},{"floor":46.0,"key":"FearPotion"}],"is_trial":false,"path_per_floor":["M","?","M","?","M","E","R","E","T","$","R","M","R","?","R","B",null,"M","?","M","M","?","R","E","M","T","M","$","M","?","$","R","B",null,"M","$","?","M","M","R","?","E","T","E","R","E","$","E","R","B",null],"character_chosen":"IRONCLAD","items_purchased":["Shrug It Off","Bird Faced Urn","PowerPotion","Inflame+1","Twin Strike","Feel No Pain+1","Fiend Fire"],"campfire_rested":6,"item_purchase_floors":[10,28,28,28,31,47,47],"current_hp_per_floor":[69,74,75,75,69,50,75,59,59,59,59,65,65,48,73,61,79,73,38,38,33,33,58,42,29,29,28,28,34,34,34,59,46,75,79,79,60,48,36,61,61,67,67,59,59,41,41,27,69,12],"gold":57,"neow_bonus":"RANDOM_COMMON_RELIC","is_prod":false,"is_daily":false,"chose_seed":false,"campfire_upgraded":3,"win_rate":0,"timestamp":1549266199,"path_taken":["M","?","M","?","M","E","R","E","T","$","R","M","R","?","R","BOSS","M","?","M","M","?","R","E","M","T","M","$","M","?","$","R","BOSS","M","?","?","M","M","R","?","E","T","E","R","E","$","E","R","BOSS"],"build_version":"2019-01-23","purchased_purges":2,"victory":true,"max_hp_per_floor":[80,85,85,85,85,85,85,85,85,85,85,85,85,85,85,85,85,85,85,85,85,85,85,85,85,85,85,85,85,85,85,85,85,85,85,85,85,85,85,85,85,85,85,85,85,92,92,92,92,92],"card_choices":[{"not_picked":["Anger","Headbutt"],"picked":"Cleave","floor":1.0},{"not_picked":["True Grit","Burning Pact"],"picked":"Uppercut","floor":3.0},{"not_picked":["Havoc","Sword Boomerang"],"picked":"Armaments","floor":5.0},{"not_picked":["Thunderclap","Second Wind"],"picked":"Evolve","floor":6.0},{"not_picked":["Body Slam","Uppercut"],"picked":"Offering","floor":8.0},{"not_picked":["Sentinel","Clash","Flex"],"picked":"SKIP","floor":12.0},{"not_picked":["Anger","Clash"],"picked":"Infernal Blade","floor":17.0},{"not_picked":["Pummel","Fire Breathing+1"],"picked":"Seeing Red","floor":17.0},{"not_picked":["Iron Wave","Infernal Blade"],"picked":"Rupture+1","floor":17.0},{"not_picked":["Twin Strike","Entrench"],"picked":"Shrug It Off","floor":17.0},{"not_picked":["Iron Wave","Heavy Blade"],"picked":"Limit Break","floor":17.0},{"not_picked":["Thunderclap","Havoc"],"picked":"Inflame+1","floor":18.0},{"not_picked":["Metallicize+1","Intimidate","Headbutt"],"picked":"SKIP","floor":20.0},{"not_picked":["Perfected Strike+1","Dropkick","Flame Barrier"],"picked":"SKIP","floor":21.0},{"not_picked":["Entrench","Second Wind+1","Sword Boomerang+1"],"picked":"SKIP","floor":24.0},{"not_picked":["Entrench","Infernal Blade","Flame Barrier"],"picked":"SKIP","floor":25.0},{"not_picked":["True Grit+1","Dropkick"],"picked":"Offering","floor":27.0},{"not_picked":["Headbutt","Battle Trance+1","True Grit"],"picked":"SKIP","floor":29.0},{"not_picked":["Reaper","Berserk+1"],"picked":"Dark Embrace+1","floor":33.0},{"not_picked":["Cleave+1","Dropkick"],"picked":"Thunderclap+1","floor":35.0},{"not_picked":["Pommel Strike","Warcry"],"picked":"Infernal Blade+1","floor":37.0},{"not_picked":["Headbutt+1","Havoc","Intimidate"],"picked":"SKIP","floor":38.0},{"not_picked":["Headbutt+1","Armaments"],"picked":"Heavy Blade+1","floor":39.0},{"not_picked":["Thunderclap+1","Burning Pact","Sword Boomerang"],"picked":"SKIP","floor":42.0},{"not_picked":["Anger","Shrug It Off+1"],"picked":"Heavy Blade","floor":44.0},{"not_picked":["Blood for Blood+1","Demon Form+1","Headbutt+1"],"picked":"Combust+1","floor":46.0},{"not_picked":["Body Slam","Blood for Blood","Rage"],"picked":"Flex+1","floor":48.0}],"player_experience":357919,"relics_obtained":[{"floor":6.0,"key":"Vajra"},{"floor":8.0,"key":"FossilizedHelix"},{"floor":9.0,"key":"Frozen Egg 2"},{"floor":19.0,"key":"Ginger"},{"floor":19.0,"key":"The Courier"},{"floor":24.0,"key":"Self Forming Clay"},{"floor":26.0,"key":"Anchor"},{"floor":37.0,"key":"Dead Branch"},{"floor":42.0,"key":"Regal Pillow"},{"floor":43.0,"key":"Happy Flower"},{"floor":44.0,"key":"Question Card"},{"floor":46.0,"key":"Strawberry"},{"floor":48.0,"key":"Bag of Marbles"}],"event_choices":[{"damage_healed":0.0,"max_hp_gain":5.0,"max_hp_loss":0.0,"gold_gain":0.0,"event_name":"Big Fish","player_choice":"Donut","floor":2.0,"gold_loss":0.0,"damage_taken":0.0},{"cards_removed":["Strike_R"],"damage_healed":0.0,"max_hp_gain":0.0,"max_hp_loss":0.0,"gold_gain":0.0,"event_name":"The Cleric","player_choice":"Card Removal","floor":4.0,"gold_loss":50.0,"damage_taken":0.0},{"damage_healed":0.0,"max_hp_gain":0.0,"max_hp_loss":0.0,"gold_gain":0.0,"event_name":"Shining Light","player_choice":"Entered Light","floor":14.0,"gold_loss":0.0,"damage_taken":17.0,"cards_upgraded":["Defend_R","Strike_R"]},{"damage_healed":0.0,"max_hp_gain":0.0,"max_hp_loss":0.0,"gold_gain":0.0,"event_name":"Colosseum","player_choice":"Fight","floor":19.0,"gold_loss":0.0,"damage_taken":0.0},{"damage_healed":0.0,"max_hp_gain":0.0,"max_hp_loss":0.0,"gold_gain":0.0,"event_name":"Colosseum","player_choice":"Fought Nobs","floor":19.0,"gold_loss":0.0,"damage_taken":0.0},{"damage_healed":0.0,"max_hp_gain":0.0,"max_hp_loss":0.0,"gold_gain":0.0,"event_name":"Vampires","player_choice":"Ignored","floor":22.0,"gold_loss":0.0,"damage_taken":0.0},{"damage_healed":0.0,"max_hp_gain":0.0,"max_hp_loss":0.0,"gold_gain":0.0,"event_name":"N\u0027loth","player_choice":"Ignored","floor":30.0,"gold_loss":0.0,"damage_taken":0.0},{"damage_healed":0.0,"max_hp_gain":0.0,"max_hp_loss":0.0,"gold_gain":0.0,"event_name":"Mysterious Sphere","player_choice":"Fight","floor":37.0,"gold_loss":0.0,"damage_taken":0.0},{"damage_healed":0.0,"max_hp_gain":0.0,"max_hp_loss":0.0,"gold_gain":0.0,"event_name":"Lab","player_choice":"Got Potions","floor":41.0,"gold_loss":0.0,"damage_taken":0.0}],"is_beta":false,"boss_relics":[{"not_picked":["Snecko Eye","Coffee Dripper"],"picked":"Orrery"},{"not_picked":["Runic Dome","Mark of Pain"],"picked":"Lizard Tail"}],"items_purged_floors":[10,36],"is_endless":false,"potions_floor_spawned":[3,5,8,16,18,19,24,33,35,37,46],"ascension_level":7}