{"gold_per_floor":[110,129,129,129,129,158,177,177,177,227,128,154,165,184,184,184],"floor_reached":16,"playtime":1020,"items_purged":[],"score":193,"play_id":"1bc03064-27bf-4173-ac2f-36994d4071ad","local_time":"20190312212940","is_ascension_mode":true,"campfire_choices":[{"floor":8,"key":"REST"},{"data":"True Grit","floor":15,"key":"SMITH"}],"neow_cost":"TEN_PERCENT_HP_LOSS","seed_source_timestamp":97144491152,"circlet_count":0,"master_deck":["AscendersBane","Strike_R","Strike_R","Strike_R","Strike_R","Strike_R","Defend_R+1","Defend_R","Defend_R","Defend_R","Bash","Enlightenment+1","Impatience","Burning Pact","Perfected Strike","Rage","Infernal Blade","Thunderclap","True Grit+1","Twin Strike"],"special_seed":0,"relics":["Burning Blood","Charon\u0027s Ashes","Mummified Hand","Paper Frog","Mango"],"potions_floor_usage":[13,16],"damage_taken":[{"damage":13.0,"enemies":"Jaw Worm","floor":1.0,"turns":4.0},{"damage":0.0,"enemies":"2 Louse","floor":2.0,"turns":3.0},{"damage":40,"enemies":"Lagavulin","floor":6,"turns":5},{"damage":0,"enemies":"Cultist","floor":7,"turns":3},{"damage":30,"enemies":"Gremlin Nob","floor":12,"turns":4},{"damage":16,"enemies":"Exordium Thugs","floor":13,"turns":4},{"damage":0,"enemies":"3 Louse","floor":14,"turns":4},{"damage":21,"enemies":"Hexaghost","floor":16,"turns":5}],"seed_played":"3394616147472474276","potions_obtained":[{"floor":2.0,"key":"LiquidBronze"},{"floor":13,"key":"FearPotion"}],"is_trial":false,"path_per_floor":["M","M","?","T","?","E","M","R","T","?","$","E","M","M","R","B"],"character_chosen":"IRONCLAD","items_purchased":["Thunderclap","PowerPotion"],"campfire_rested":1,"item_purchase_floors":[11,11],"current_hp_per_floor":[61,67,47,47,47,13,19,39,39,33,33,23,13,19,19,0],"gold":184,"neow_bonus":"RANDOM_COLORLESS_2","is_prod":false,"is_daily":false,"chose_seed":false,"campfire_upgraded":1,"win_rate":0,"timestamp":1552440580,"path_taken":["M","M","?","?","?","E","M","R","T","?","$","E","?","M","R","BOSS"],"build_version":"2019-01-23","purchased_purges":0,"victory":false,"max_hp_per_floor":[68,68,68,68,68,68,68,68,68,68,68,82,82,82,82,82],"card_choices":[{"not_picked":["Fire Breathing","Flex"],"picked":"Burning Pact","floor":1.0},{"not_picked":["Fire Breathing","Battle Trance"],"picked":"Perfected Strike","floor":2.0},{"not_picked":["Body Slam","Ghostly Armor"],"picked":"Rage","floor":6},{"not_picked":["Shrug It Off","Blood for Blood"],"picked":"Infernal Blade","floor":7},{"not_picked":["Sentinel","Pommel Strike","Armaments"],"picked":"SKIP","floor":12},{"not_picked":["Havoc","Heavy Blade"],"picked":"True Grit","floor":13},{"not_picked":["Whirlwind","Entrench"],"picked":"Twin Strike","floor":14}],"player_experience":694198,"relics_obtained":[{"floor":4.0,"key":"Charon\u0027s Ashes"},{"floor":6,"key":"Mummified Hand"},{"floor":9,"key":"Paper Frog"},{"floor":12,"key":"Mango"}],"event_choices":[{"damage_healed":0.0,"max_hp_gain":0.0,"max_hp_loss":0.0,"gold_gain":0.0,"event_name":"Shining Light","player_choice":"Entered Light","floor":3.0,"gold_loss":0.0,"damage_taken":20.0,"cards_upgraded":["Enlightenment","Defend_R"]},{"damage_healed":0.0,"max_hp_gain":0.0,"max_hp_loss":0.0,"gold_gain":0.0,"event_name":"Golden Idol","player_choice":"Ignored","floor":5.0,"gold_loss":0.0,"damage_taken":0.0},{"damage_healed":0,"gold_gain":50,"player_choice":"Touch","damage_taken":6,"max_hp_gain":0,"max_hp_loss":0,"event_name":"FaceTrader","floor":10,"gold_loss":0}],"is_beta":false,"boss_relics":[],"items_purged_floors":[],"is_endless":false,"potions_floor_spawned":[2,13],"killed_by":"Hexaghost","ascension_level":15}