{"gold_per_floor":[115,127,144,144,144,177,194,209,209,223,223,242,242,282,282,372,372,372],"floor_reached":18,"playtime":849,"items_purged":[],"score":322,"play_id":"a61eb31d-e8a0-42a0-8544-d31df1fec20f","local_time":"20181220144531","is_ascension_mode":true,"campfire_choices":[{"data":"Carnage","floor":11.0,"key":"SMITH"},{"floor":15.0,"key":"REST"}],"neow_cost":"CURSE","seed_source_timestamp":0,"circlet_count":0,"master_deck":["AscendersBane","Strike_R","Strike_R","Strike_R","Strike_R","Strike_R","Defend_R","Defend_R","Defend_R","Defend_R","Bash","Doubt","Offering","Thunderclap","Body Slam+1","Carnage+1","Dropkick","Shrug It Off","Shrug It Off","Iron Wave","Barricade"],"special_seed":0,"relics":["Burning Blood","Shuriken","Paper Frog","Golden Idol","Smiling Mask","White Beast Statue"],"potions_floor_usage":[18],"damage_taken":[{"damage":8.0,"enemies":"Cultist","floor":1.0,"turns":4.0},{"damage":0.0,"enemies":"Small Slimes","floor":2.0,"turns":2.0},{"damage":8.0,"enemies":"2 Louse","floor":3.0,"turns":2.0},{"damage":43.0,"enemies":"3 Sentries","floor":6.0,"turns":8.0},{"damage":16.0,"enemies":"Gremlin Gang","floor":7.0,"turns":5.0},{"damage":8.0,"enemies":"Looter","floor":8.0,"turns":3.0},{"damage":0.0,"enemies":"3 Louse","floor":10.0,"turns":3.0},{"damage":8.0,"enemies":"Exordium Thugs","floor":12.0,"turns":3.0},{"damage":18.0,"enemies":"Lagavulin","floor":14.0,"turns":5.0},{"damage":30.0,"enemies":"Slime Boss","floor":16.0,"turns":10.0},{"damage":58,"enemies":"Shell Parasite","floor":18,"turns":5}],"seed_played":"-3609940099615772683","potions_obtained":[{"floor":1.0,"key":"Weak Potion"},{"floor":7.0,"key":"SpeedPotion"},{"floor":8.0,"key":"EssenceOfSteel"},{"floor":14.0,"key":"FearPotion"},{"floor":16.0,"key":"EssenceOfSteel"}],"is_trial":false,"path_per_floor":["M","M","M","?","?","E","M","M","T","M","R","M","?","E","R","B",null,"M"],"character_chosen":"IRONCLAD","items_purchased":[],"campfire_rested":1,"item_purchase_floors":[],"current_hp_per_floor":[66,72,70,70,70,33,23,21,21,27,27,25,25,13,33,9,53,0],"gold":372,"neow_bonus":"THREE_RARE_CARDS","is_prod":false,"is_daily":false,"chose_seed":false,"campfire_upgraded":1,"win_rate":0,"timestamp":1545313531,"path_taken":["M","?","?","?","?","E","M","M","T","M","R","?","?","E","R","BOSS","M"],"build_version":"2018-12-13","purchased_purges":0,"victory":false,"max_hp_per_floor":[75,75,75,75,75,75,75,75,75,75,75,75,68,68,68,68,68,68],"card_choices":[{"not_picked":["Barricade","Reaper"],"picked":"Offering","floor":0.0},{"not_picked":["Perfected Strike","True Grit"],"picked":"Thunderclap","floor":1.0},{"not_picked":["Clash","Pommel Strike"],"picked":"Body Slam","floor":2.0},{"not_picked":["Headbutt","Clothesline"],"picked":"Carnage","floor":3.0},{"not_picked":["Perfected Strike","Demon Form","Entrench"],"picked":"SKIP","floor":6.0},{"not_picked":["Rupture","Feel No Pain","Entrench"],"picked":"SKIP","floor":7.0},{"not_picked":["Heavy Blade","Sever Soul"],"picked":"Dropkick","floor":8.0},{"not_picked":["Anger","Clothesline"],"picked":"Shrug It Off","floor":10.0},{"not_picked":["Havoc","Rupture"],"picked":"Shrug It Off","floor":12.0},{"not_picked":["Anger","Shrug It Off"],"picked":"Iron Wave","floor":14.0},{"not_picked":["Impervious","Reaper"],"picked":"Barricade","floor":16.0}],"player_experience":904246,"relics_obtained":[{"floor":6.0,"key":"Shuriken"},{"floor":9.0,"key":"Paper Frog"},{"floor":14.0,"key":"Smiling Mask"}],"event_choices":[{"damage_healed":0.0,"max_hp_gain":0.0,"max_hp_loss":0.0,"gold_gain":0.0,"event_name":"Living Wall","player_choice":"Grow","floor":4.0,"gold_loss":0.0,"damage_taken":0.0,"cards_upgraded":["Body Slam"]},{"damage_healed":0.0,"max_hp_gain":0.0,"max_hp_loss":0.0,"gold_gain":0.0,"event_name":"Match and Keep!","player_choice":"0 cards matched","floor":5.0,"gold_loss":0.0,"damage_taken":0.0,"cards_obtained":[]},{"damage_healed":0.0,"max_hp_gain":0.0,"max_hp_loss":7.0,"gold_gain":0.0,"event_name":"Golden Idol","player_choice":"Lose Max HP","floor":13.0,"gold_loss":0.0,"damage_taken":0.0,"relics_obtained":["Golden Idol"]}],"is_beta":false,"boss_relics":[{"not_picked":["Orrery","Astrolabe"],"picked":"White Beast Statue"}],"items_purged_floors":[],"is_endless":false,"potions_floor_spawned":[1,7,8,14,16],"killed_by":"Shell Parasite","ascension_level":17}