{"gold_per_floor":[11,61,76,226,41,41,52,63,86,86,106,135,153,165,165,240,240,255,170,170,170,189,189,206,206],"floor_reached":25,"playtime":836,"items_purged":["Doubt"],"score":410,"play_id":"01a82d41-2477-4d5c-912b-2221606cf2a5","local_time":"20190129104811","is_ascension_mode":true,"campfire_choices":[{"data":"Double Tap","floor":6.0,"key":"SMITH"},{"data":"Infernal Blade","floor":10.0,"key":"SMITH"},{"data":"Blood for Blood","floor":15.0,"key":"SMITH"},{"data":"Uppercut","floor":23.0,"key":"SMITH"}],"neow_cost":"NO_GOLD","seed_source_timestamp":1697708934311465,"circlet_count":0,"master_deck":["AscendersBane","Strike_R","Strike_R+1","Strike_R+1","Strike_R","Strike_R","Defend_R","Defend_R","Defend_R+1","Defend_R+1","Bash","Double Tap+1","Shrug It Off","Infernal Blade+1","Perfected Strike","Combust","Pommel Strike","Dropkick","Blood for Blood+1","Immolate","Uppercut+1","Twin Strike","Shrug It Off","True Grit+1"],"special_seed":0,"relics":["Burning Blood","Whetstone","War Paint","Orrery","Thread and Needle"],"potions_floor_usage":[24],"damage_taken":[{"damage":0.0,"enemies":"2 Louse","floor":1.0,"turns":4.0},{"damage":12.0,"enemies":"Cultist","floor":3.0,"turns":4.0},{"damage":2.0,"enemies":"Jaw Worm","floor":7.0,"turns":2.0},{"damage":9.0,"enemies":"3 Louse","floor":8.0,"turns":3.0},{"damage":11.0,"enemies":"Blue Slaver","floor":11.0,"turns":2.0},{"damage":13.0,"enemies":"Lagavulin","floor":12.0,"turns":5.0},{"damage":0.0,"enemies":"2 Fungi Beasts","floor":13.0,"turns":3.0},{"damage":7.0,"enemies":"Gremlin Gang","floor":14.0,"turns":3.0},{"damage":47.0,"enemies":"The Guardian","floor":16.0,"turns":8.0},{"damage":27.0,"enemies":"Shell Parasite","floor":18.0,"turns":4.0},{"damage":21.0,"enemies":"2 Thieves","floor":22.0,"turns":4.0},{"damage":0,"enemies":"Snake Plant","floor":24,"turns":2},{"damage":17,"enemies":"Slavers","floor":25,"turns":3}],"seed_played":"4517736481130130785","potions_obtained":[{"floor":8.0,"key":"EssenceOfSteel"},{"floor":11.0,"key":"LiquidBronze"},{"floor":13.0,"key":"AttackPotion"},{"floor":21.0,"key":"FearPotion"},{"floor":21.0,"key":"LiquidBronze"}],"is_trial":false,"path_per_floor":["M","?","M","?","$","R","M","M","T","R","M","E","M","M","R","B",null,"M","?","?","?","M","R","M","E"],"character_chosen":"IRONCLAD","items_purchased":["Perfected Strike","PowerPotion"],"campfire_rested":0,"item_purchase_floors":[5,5],"current_hp_per_floor":[74,74,68,68,68,68,72,69,69,69,64,57,63,62,62,21,62,41,41,41,41,26,26,32,15],"gold":206,"neow_bonus":"THREE_RARE_CARDS","is_prod":false,"is_daily":false,"chose_seed":false,"campfire_upgraded":4,"win_rate":0,"timestamp":1548755291,"path_taken":["M","?","?","?","$","R","M","M","T","R","M","E","M","M","R","BOSS","M","?","?","?","M","R","M","E"],"build_version":"2019-01-23","purchased_purges":1,"victory":false,"max_hp_per_floor":[75,75,75,75,75,75,75,75,75,75,75,75,75,75,75,75,75,75,75,75,75,75,75,75,75],"card_choices":[{"not_picked":["Limit Break","Impervious"],"picked":"Double Tap","floor":0.0},{"not_picked":["Blood for Blood","Shockwave"],"picked":"Shrug It Off","floor":1.0},{"not_picked":["Pommel Strike","Body Slam"],"picked":"Infernal Blade","floor":3.0},{"not_picked":["Armaments","Clash","Anger"],"picked":"SKIP","floor":7.0},{"not_picked":["Blood for Blood","Cleave"],"picked":"Combust","floor":8.0},{"not_picked":["Bloodletting","Iron Wave"],"picked":"Pommel Strike","floor":11.0},{"not_picked":["Brutality","Power Through","Rampage"],"picked":"SKIP","floor":12.0},{"not_picked":["Rupture","Warcry"],"picked":"Dropkick","floor":13.0},{"not_picked":["Rupture","Heavy Blade"],"picked":"Blood for Blood","floor":14.0},{"not_picked":["Impervious","Brutality"],"picked":"Immolate","floor":16.0},{"not_picked":["Dual Wield","Warcry"],"picked":"Uppercut","floor":17.0},{"not_picked":["Armaments","Flex"],"picked":"Twin Strike","floor":17.0},{"not_picked":["Heavy Blade","Flame Barrier"],"picked":"Shrug It Off","floor":17.0},{"not_picked":["Perfected Strike","Burning Pact"],"picked":"True Grit+1","floor":18.0},{"not_picked":["Seeing Red","Pommel Strike","Twin Strike"],"picked":"SKIP","floor":22.0},{"not_picked":["Demon Form","Warcry","Armaments"],"picked":"SKIP","floor":24}],"player_experience":967798,"relics_obtained":[{"floor":9.0,"key":"Whetstone"},{"floor":12.0,"key":"War Paint"}],"event_choices":[{"damage_healed":0.0,"max_hp_gain":0.0,"max_hp_loss":0.0,"gold_gain":50.0,"event_name":"Golden Shrine","player_choice":"Pray","floor":2.0,"gold_loss":0.0,"damage_taken":0.0},{"damage_healed":0.0,"max_hp_gain":0.0,"max_hp_loss":0.0,"gold_gain":150.0,"event_name":"Liars Game","player_choice":"AGREE","floor":4.0,"gold_loss":0.0,"damage_taken":0.0,"cards_obtained":["Doubt"]},{"damage_healed":0.0,"max_hp_gain":0.0,"max_hp_loss":0.0,"gold_gain":0.0,"event_name":"Addict","player_choice":"Obtained Relic","floor":19.0,"gold_loss":85.0,"damage_taken":0.0,"relics_obtained":["Thread and Needle"]},{"damage_healed":0.0,"max_hp_gain":0.0,"max_hp_loss":0.0,"gold_gain":0.0,"event_name":"Vampires","player_choice":"Ignored","floor":20.0,"gold_loss":0.0,"damage_taken":0.0},{"damage_healed":0.0,"max_hp_gain":0.0,"max_hp_loss":0.0,"gold_gain":0.0,"event_name":"Lab","player_choice":"Got Potions","floor":21.0,"gold_loss":0.0,"damage_taken":0.0}],"is_beta":false,"boss_relics":[{"not_picked":["Coffee Dripper","Busted Crown"],"picked":"Orrery"}],"items_purged_floors":[5],"is_endless":false,"potions_floor_spawned":[8,11,13],"killed_by":"Slavers","ascension_level":20}