{"gold_per_floor":[117,42,58,58,8,36,47,80,134,145,145,111,111,175,175,275,305,322,322,237,237,137,137,150,25,49,49,68,68,86,86,86,190,190,204,204,217,67,67,85,103,103,126,0,19,19,19,37,37,37],"floor_reached":51,"playtime":3755,"items_purged":["Strike_G","Strike_G","Defend_G","Strike_G"],"score":741,"play_id":"008b43ec-ff76-4e21-90ef-8e38f0da9aa4","local_time":"20180718004201","is_ascension_mode":true,"campfire_choices":[{"data":"Noxious Fumes","floor":11,"key":"SMITH"},{"floor":13,"key":"REST"},{"floor":15,"key":"REST"},{"data":"Backflip","floor":23,"key":"SMITH"},{"data":"Neutralize","floor":27,"key":"SMITH"},{"data":"Glass Knife","floor":29,"key":"SMITH"},{"floor":32,"key":"REST"},{"data":"Madness","floor":42,"key":"SMITH"},{"data":"Madness","floor":46,"key":"SMITH"},{"floor":49,"key":"REST"}],"neow_cost":"NONE","seed_source_timestamp":276919932732391,"circlet_count":0,"master_deck":["Defend_G","Defend_G","Strike_G","Survivor","Neutralize+1","Glass Knife+1","Noxious Fumes+1","Well Laid Plans","Backflip","Backflip+1","Bane+1","Madness+1","Madness+1","Escape Plan+1"],"relics":["Ring of the Snake","Singing Bowl","Juzu Bracelet","Bag of Marbles","Omamori","Orichalcum","Tiny House","Necronomicon","Dream Catcher","Anchor","Runic Pyramid","Bronze Scales","Red Mask"],"potions_floor_usage":[8,8,16,16,24,24,30,50,50],"damage_taken":[{"damage":0,"enemies":"2 Louse","floor":1,"turns":2},{"damage":0,"enemies":"Small Slimes","floor":3,"turns":3},{"damage":20,"enemies":"3 Sentries","floor":6,"turns":7},{"damage":0,"enemies":"Cultist","floor":7,"turns":3},{"damage":16,"enemies":"Lagavulin","floor":8,"turns":7},{"damage":9,"enemies":"Large Slime","floor":10,"turns":7},{"damage":12,"enemies":"Gremlin Nob","floor":14,"turns":4},{"damage":40,"enemies":"Slime Boss","floor":16,"turns":12},{"damage":5,"enemies":"Shell Parasite","floor":18,"turns":9},{"damage":0,"enemies":"3 Byrds","floor":24,"turns":3},{"damage":6,"enemies":"Snake Plant","floor":28,"turns":5},{"damage":3,"enemies":"Snecko","floor":30,"turns":5},{"damage":50,"enemies":"Champ","floor":33,"turns":17},{"damage":0,"enemies":"Orb Walker","floor":35,"turns":3},{"damage":10,"enemies":"3 Darklings","floor":37,"turns":6},{"damage":15,"enemies":"Flame Bruiser 2 Orb","floor":40,"turns":7},{"damage":9,"enemies":"Spire Growth","floor":41,"turns":6},{"damage":0,"enemies":"Sphere and 2 Shapes","floor":45,"turns":3},{"damage":4,"enemies":"4 Shapes","floor":48,"turns":5},{"damage":19,"enemies":"Awakened One","floor":50,"turns":8}],"seed_played":"8492560981642199802","potions_obtained":[{"floor":3,"key":"Fire Potion"},{"floor":6,"key":"Dexterity Potion"},{"floor":7,"key":"SteroidPotion"},{"floor":14,"key":"FearPotion"},{"floor":16,"key":"LiquidBronze"},{"floor":17,"key":"Block Potion"},{"floor":28,"key":"AttackPotion"},{"floor":33,"key":"AttackPotion"},{"floor":37,"key":"Block Potion"},{"floor":40,"key":"FearPotion"},{"floor":41,"key":"Strength Potion"},{"floor":45,"key":"FairyPotion"}],"is_trial":false,"path_per_floor":["M","$","M","?","?","E","M","E","T","M","R","?","R","?","R","B",null,"M","?","?","?","$","R","M","$","T","R","M","R","M","?","R","B",null,"M","?","M","$","$","M","M","R","T","?","M","R","?","M","R","B"],"character_chosen":"THE_SILENT","items_purchased":[],"campfire_rested":4,"item_purchase_floors":[],"current_hp_per_floor":[70,70,70,63,63,45,47,33,33,26,26,26,49,39,63,23,85,80,64,64,64,64,64,66,66,66,66,62,62,61,61,88,40,93,95,83,75,75,75,62,55,55,55,55,57,57,57,55,86,67],"gold":37,"neow_bonus":"ONE_RANDOM_RARE_CARD","is_prod":false,"is_daily":false,"chose_seed":false,"campfire_upgraded":6,"win_rate":0,"timestamp":1531888921,"path_taken":["M","$","M","?","?","E","M","E","T","M","R","?","R","?","R","BOSS","M","?","?","?","$","R","M","$","T","R","M","R","M","?","R","BOSS","M","?","M","?","$","M","M","R","T","?","M","R","?","M","R","BOSS"],"build_version":"2018-07-12","purchased_purges":4,"victory":true,"max_hp_per_floor":[70,70,70,70,70,72,74,76,76,78,78,78,78,80,80,80,85,85,85,85,85,85,85,87,87,87,87,89,89,91,91,91,93,93,95,95,97,97,97,99,101,101,101,101,103,103,103,105,105,105],"card_choices":[{"not_picked":["Deadly Poison","Well Laid Plans"],"picked":"Noxious Fumes","floor":1},{"not_picked":["Deflect","Cloak And Dagger"],"picked":"Well Laid Plans","floor":3},{"not_picked":["Dagger Throw","Infinite Blades","Outmaneuver"],"picked":"Singing Bowl","floor":6},{"not_picked":["Cloak And Dagger","Crippling Poison","Deflect"],"picked":"Singing Bowl","floor":7},{"not_picked":["Deflect","Malaise","Dagger Throw"],"picked":"Singing Bowl","floor":8},{"not_picked":["Underhanded Strike","Flying Knee","Deadly Poison"],"picked":"Singing Bowl","floor":10},{"not_picked":["Choke","Flying Knee","Underhanded Strike"],"picked":"Singing Bowl","floor":14},{"not_picked":["Unload","Bullet Time"],"picked":"Tools of the Trade","floor":16},{"not_picked":["Slice","Flechettes"],"picked":"Backflip","floor":17},{"not_picked":["Quick Slash","Choke+1"],"picked":"Backflip","floor":18},{"not_picked":["Acrobatics","Slice+1","Crippling Poison+1"],"picked":"Singing Bowl","floor":24},{"not_picked":["Calculated Gamble","Backstab+1","Masterful Stab"],"picked":"Singing Bowl","floor":28},{"not_picked":["Outmaneuver","Quick Slash+1","Poisoned Stab"],"picked":"Singing Bowl","floor":30},{"not_picked":["Catalyst","Slice+1"],"picked":"Bane+1","floor":32},{"not_picked":["Die Die Die","Tools of the Trade","Corpse Explosion"],"picked":"Singing Bowl","floor":33},{"not_picked":["Blade Dance","Dodge and Roll","Poisoned Stab+1"],"picked":"Singing Bowl","floor":35},{"not_picked":["Accuracy+1","Quick Slash+1","Slice"],"picked":"Singing Bowl","floor":37},{"not_picked":["Quick Slash","Blade Dance","PiercingWail+1"],"picked":"Singing Bowl","floor":40},{"not_picked":["Backflip","Prepared+1","Cloak And Dagger+1"],"picked":"Singing Bowl","floor":41},{"not_picked":["Predator","Deadly Poison","Burst"],"picked":"Singing Bowl","floor":45},{"not_picked":["Poisoned Stab+1","Expertise","Deadly Poison"],"picked":"Singing Bowl","floor":48},{"not_picked":["Deadly Poison","Well Laid Plans"],"picked":"Escape Plan+1","floor":49}],"player_experience":110542,"relics_obtained":[{"floor":6,"key":"Juzu Bracelet"},{"floor":8,"key":"Bag of Marbles"},{"floor":9,"key":"Omamori"},{"floor":14,"key":"Orichalcum"},{"floor":19,"key":"Necronomicon"},{"floor":26,"key":"Anchor"},{"floor":43,"key":"Bronze Scales"}],"event_choices":[{"event_name":"Scrap Ooze","player_choice":"success","floor":4,"damage_taken":7},{"event_name":"The Cleric","player_choice":"Card Removal","floor":5,"damage_taken":0},{"event_name":"World of Goop","player_choice":"Left","floor":12,"damage_taken":0},{"event_name":"Dead Adventurer","player_choice":"Searched \u00271\u0027 times","floor":14,"damage_taken":0},{"event_name":"Cursed Tome","player_choice":"Obtained Book","floor":19,"damage_taken":0},{"event_name":"Addict","player_choice":"Obtained Relic","floor":20,"damage_taken":0},{"event_name":"Bonfire Elementals","player_choice":"BASIC","floor":21,"damage_taken":0},{"event_name":"Back to Basics","player_choice":"Elegance","floor":31,"damage_taken":0},{"event_name":"Winding Halls","player_choice":"Embrace Madness","floor":36,"damage_taken":0},{"event_name":"Tomb of Lord Red Mask","player_choice":"Paid","floor":44,"damage_taken":0},{"event_name":"Falling","player_choice":"Removed Power","floor":47,"damage_taken":0}],"boss_relics":[{"not_picked":["White Beast Statue","Orrery"],"picked":"Tiny House"},{"not_picked":["Eternal Feather","Runic Dome"],"picked":"Runic Pyramid"}],"items_purged_floors":[2,22,25,38],"is_endless":false,"potions_floor_spawned":[3,6,7,14,16,28,33,37,40,41,45],"ascension_level":2}