{"gold_per_floor":[109,126,126,143,157,157,189,189,213,213,239,256,273,273,273,273],"floor_reached":16,"playtime":703,"items_purged":[],"score":129,"play_id":"7790f4a2-fb05-4c7b-95a2-1939e5c642d8","local_time":"20190209080615","is_ascension_mode":true,"campfire_choices":[{"data":"Rampage","floor":6,"key":"SMITH"},{"floor":8,"key":"REST"},{"floor":10,"key":"REST"},{"floor":15,"key":"REST"}],"neow_cost":"NONE","seed_source_timestamp":221607247272802,"circlet_count":0,"master_deck":["Strike_R","Strike_R","Strike_R","Strike_R","Strike_R","Defend_R","Defend_R","Defend_R","Defend_R","Bash","Trip","Rampage+1","Sword Boomerang","Metallicize","Infernal Blade+1","Thunderclap"],"relics":["Burning Blood","Omamori","Art of War","Dream Catcher"],"potions_floor_usage":[16,16],"damage_taken":[{"damage":6,"enemies":"Cultist","floor":1,"turns":3},{"damage":7,"enemies":"Small Slimes","floor":2,"turns":3},{"damage":3,"enemies":"2 Louse","floor":4,"turns":2},{"damage":21,"enemies":"Exordium Thugs","floor":5,"turns":3},{"damage":32,"enemies":"3 Sentries","floor":7,"turns":8},{"damage":50,"enemies":"Lagavulin","floor":11,"turns":6},{"damage":16,"enemies":"2 Fungi Beasts","floor":12,"turns":3},{"damage":8,"enemies":"Blue Slaver","floor":13,"turns":2},{"damage":64,"enemies":"The Guardian","floor":16,"turns":9}],"seed_played":"1691166733330789896","potions_obtained":[{"floor":2,"key":"GamblersBrew"},{"floor":7,"key":"Regen Potion"},{"floor":11,"key":"Dexterity Potion"}],"is_trial":false,"path_per_floor":["M","M","$","M","M","R","E","R","T","R","E","M","M","?","R","B"],"character_chosen":"IRONCLAD","items_purchased":[],"campfire_rested":3,"item_purchase_floors":[],"current_hp_per_floor":[80,79,79,80,65,65,39,63,63,80,36,26,24,24,48,0],"gold":273,"neow_bonus":"RANDOM_COLORLESS","is_prod":false,"is_daily":false,"chose_seed":false,"campfire_upgraded":1,"win_rate":0,"timestamp":1549659975,"path_taken":["M","M","?","M","?","R","E","R","T","R","E","M","M","?","R","BOSS"],"build_version":"2019-01-23","purchased_purges":0,"victory":false,"max_hp_per_floor":[80,80,80,80,80,80,80,80,80,80,80,80,80,80,80,80],"card_choices":[{"not_picked":["Intimidate","Shrug It Off","Second Wind"],"picked":"SKIP","floor":1},{"not_picked":["Wild Strike","Havoc"],"picked":"Rampage","floor":2},{"not_picked":["Searing Blow","Headbutt"],"picked":"Sword Boomerang","floor":4},{"not_picked":["Uppercut","Second Wind"],"picked":"Metallicize","floor":5},{"not_picked":["Uppercut","Feel No Pain","Blood for Blood"],"picked":"SKIP","floor":7},{"not_picked":["Body Slam","Shockwave","Battle Trance"],"picked":"SKIP","floor":11},{"not_picked":["Whirlwind","Disarm"],"picked":"Infernal Blade","floor":12},{"not_picked":["Combust","Rampage"],"picked":"Thunderclap","floor":13}],"player_experience":163586,"relics_obtained":[{"floor":7,"key":"Omamori"},{"floor":9,"key":"Art of War"},{"floor":11,"key":"Dream Catcher"}],"event_choices":[{"damage_healed":0,"gold_gain":0,"player_choice":"Grow","damage_taken":0,"max_hp_gain":0,"max_hp_loss":0,"event_name":"Living Wall","floor":14,"gold_loss":0,"cards_upgraded":["Infernal Blade"]}],"is_beta":false,"boss_relics":[],"items_purged_floors":[],"is_endless":false,"potions_floor_spawned":[2,7,11,13],"killed_by":"The Guardian","ascension_level":3}