{"gold_per_floor":[119,133,147,161,161,161,178,178,178,178,190,203,128,128,128,223,223,242,259,278,278,78,78,177,177,177,177,177,191,66,76,76,181,181,193,193,193,193,43,73,73,85,85,85,97,116,116,116],"floor_reached":48,"playtime":2269,"items_purged":["Strike_R","Reckless Charge","Sentinel","Corruption"],"score":655,"play_id":"85edb2f3-81e6-4f38-bcbe-71f6b7e82611","local_time":"20180811160214","is_ascension_mode":true,"campfire_choices":[{"data":"Bash","floor":6,"key":"SMITH"},{"data":"Clash","floor":8,"key":"SMITH"},{"data":"Seeing Red","floor":10,"key":"SMITH"},{"floor":15,"key":"REST"},{"data":"Infernal Blade","floor":23,"key":"SMITH"},{"floor":25,"key":"REST"},{"data":"Inflame","floor":28,"key":"SMITH"},{"floor":32,"key":"REST"},{"floor":41,"key":"REST"}],"neow_cost":"NONE","seed_source_timestamp":215377107365768,"circlet_count":0,"master_deck":["Bash+1","Seeing Red+1","Clash+1","Thunderclap","Iron Wave","Infernal Blade+1","Iron Wave","Inflame+1","Heavy Blade+1","Flash of Steel","Inflame","Madness+1","Madness+1"],"relics":["Burning Blood","Red Skull","Bag of Marbles","Pandora\u0027s Box","StoneCalendar","Strawberry","Runic Pyramid","Art of War","War Paint","Calipers"],"potions_floor_usage":[11,20,31,33,40,40,45,45],"damage_taken":[{"damage":6,"enemies":"Cultist","floor":1,"turns":3},{"damage":3,"enemies":"Jaw Worm","floor":2,"turns":5},{"damage":5,"enemies":"2 Louse","floor":3,"turns":3},{"damage":24,"enemies":"Large Slime","floor":4,"turns":5},{"damage":1,"enemies":"Looter","floor":7,"turns":2},{"damage":7,"enemies":"Exordium Wildlife","floor":11,"turns":3},{"damage":14,"enemies":"Large Slime","floor":12,"turns":6},{"damage":46,"enemies":"Slime Boss","floor":16,"turns":9},{"damage":25,"enemies":"Spheric Guardian","floor":18,"turns":4},{"damage":2,"enemies":"Chosen","floor":19,"turns":3},{"damage":14,"enemies":"3 Cultists","floor":20,"turns":4},{"damage":16,"enemies":"Cultist and Chosen","floor":29,"turns":4},{"damage":20,"enemies":"Centurion and Healer","floor":31,"turns":3},{"damage":63,"enemies":"Collector","floor":33,"turns":4},{"damage":42,"enemies":"3 Darklings","floor":35,"turns":4},{"damage":3,"enemies":"2 Orb Walkers","floor":40,"turns":2},{"damage":15,"enemies":"3 Shapes","floor":42,"turns":3},{"damage":3,"floor":44,"turns":4},{"damage":19,"enemies":"Maw","floor":45,"turns":5},{"damage":18,"enemies":"Spire Growth","floor":46,"turns":3}],"seed_played":"-8778296713085490358","potions_obtained":[{"floor":1,"key":"Energy Potion"},{"floor":3,"key":"Dexterity Potion"},{"floor":4,"key":"Strength Potion"},{"floor":19,"key":"SkillPotion"},{"floor":33,"key":"Weak Potion"},{"floor":35,"key":"SteroidPotion"},{"floor":40,"key":"Block Potion"},{"floor":42,"key":"SkillPotion"}],"is_trial":false,"path_per_floor":["M","M","M","M","?","R","M","R","T","R","M","M","$","?","R","B",null,"M","M","M","?","$","R","?","R","T","T","R","M","$","M","R","B",null,"M","?","?","?","$","E","R","M","T","?","M","M","?"],"character_chosen":"IRONCLAD","items_purchased":["Flash of Steel"],"campfire_rested":4,"item_purchase_floors":[22],"current_hp_per_floor":[72,75,76,58,58,58,63,63,63,63,62,54,54,54,78,38,70,51,55,47,47,47,47,47,71,71,78,78,68,68,54,80,23,71,35,35,35,24,24,27,53,44,44,47,34,22,22,0],"gold":116,"neow_bonus":"RANDOM_COMMON_RELIC","is_prod":false,"is_daily":false,"chose_seed":false,"campfire_upgraded":5,"win_rate":0,"timestamp":1534017734,"path_taken":["M","M","?","M","?","R","M","R","T","R","?","M","$","?","R","BOSS","M","M","M","?","$","R","?","R","T","?","R","M","?","M","R","BOSS","M","?","?","?","$","E","R","M","T","?","M","?","?","M"],"build_version":"2018-08-09","purchased_purges":4,"victory":false,"max_hp_per_floor":[80,80,80,80,80,80,80,80,80,80,80,80,80,80,80,80,80,80,80,80,80,80,80,80,80,80,87,87,87,87,87,87,87,87,87,87,87,87,87,87,87,87,87,87,87,87,87,87],"card_choices":[{"not_picked":["Entrench","Flex","Bloodletting"],"picked":"SKIP","floor":1},{"not_picked":["Combust","Perfected Strike"],"picked":"Seeing Red","floor":2},{"not_picked":["Pommel Strike","Wild Strike","Burning Pact"],"picked":"SKIP","floor":3},{"not_picked":["Headbutt","Iron Wave"],"picked":"Clash","floor":4},{"not_picked":["Perfected Strike","Hemokinesis","Seeing Red"],"picked":"SKIP","floor":7},{"not_picked":["Corruption","Flex","Dual Wield"],"picked":"SKIP","floor":11},{"not_picked":["Disarm","Rupture","Reckless Charge"],"picked":"SKIP","floor":12},{"not_picked":["Twin Strike","Wild Strike","Rage"],"picked":"SKIP","floor":18},{"not_picked":["Wild Strike","Flex+1","Twin Strike"],"picked":"SKIP","floor":19},{"not_picked":["Pommel Strike","Armaments"],"picked":"Heavy Blade+1","floor":20},{"not_picked":["Ghostly Armor","Berserk","Infernal Blade"],"picked":"SKIP","floor":29},{"not_picked":["Pummel+1","Clothesline"],"picked":"Inflame","floor":31},{"not_picked":["Shrug It Off","Disarm","Evolve"],"picked":"SKIP","floor":35},{"not_picked":["True Grit","Sword Boomerang+1","Corruption+1"],"picked":"SKIP","floor":40},{"not_picked":["Spot Weakness","Wild Strike","Perfected Strike+1"],"picked":"SKIP","floor":42},{"not_picked":["Warcry+1","Shrug It Off","Twin Strike+1"],"picked":"SKIP","floor":45},{"not_picked":["Clothesline","Dual Wield"],"picked":"Flex+1","floor":46}],"player_experience":199174,"relics_obtained":[{"floor":9,"key":"Bag of Marbles"},{"floor":26,"key":"StoneCalendar"},{"floor":27,"key":"Strawberry"},{"floor":40,"key":"Art of War"},{"floor":43,"key":"War Paint"},{"floor":44,"key":"Calipers"}],"event_choices":[{"event_name":"The Woman in Blue","player_choice":"Bought 0 Potions","floor":5,"damage_taken":0},{"event_name":"Transmorgrifier","player_choice":"Transform","floor":14,"damage_taken":0},{"event_name":"Ghosts","player_choice":"Ignored","floor":21,"damage_taken":0},{"event_name":"Nest","player_choice":"Stole From Cult","floor":24,"damage_taken":0},{"event_name":"Mysterious Sphere","player_choice":"Ignore","floor":36,"damage_taken":0},{"event_name":"The Moai Head","player_choice":"Ignored","floor":37,"damage_taken":0},{"event_name":"Winding Halls","player_choice":"Embrace Madness","floor":38,"damage_taken":0},{"event_name":"MindBloom","player_choice":"Fight","floor":44,"damage_taken":0},{"event_name":"Falling","player_choice":"Removed Skill","floor":47,"damage_taken":0}],"is_beta":false,"boss_relics":[{"not_picked":["Calling Bell","Velvet Choker"],"picked":"Pandora\u0027s Box"},{"not_picked":["Coffee Dripper","Black Star"],"picked":"Runic Pyramid"}],"items_purged_floors":[13,22,30,39],"is_endless":false,"potions_floor_spawned":[1,3,4,19,33,35,40,42],"killed_by":"4 Shapes","ascension_level":9}