{"gold_per_floor":[116,135,60,77,77,77,112,112,164,181,206,22,42,101,101,174,174,189,189,189,206,226,226,252,270,316,349,349,378,389,54,54,133,133,148,164,164,181,56,56,85,99,99,99,99,99,118,149,149,149],"floor_reached":51,"playtime":2201,"items_purged":["Defend_B","Strike_B","Defend_B"],"score":1481,"play_id":"b545823e-b136-4dd6-a18b-5986fc38a031","local_time":"20181002234655","is_ascension_mode":true,"campfire_choices":[{"data":"Zap","floor":6.0,"key":"SMITH"},{"data":"Melter","floor":8.0,"key":"SMITH"},{"data":"Beam Cell","floor":15,"key":"SMITH"},{"data":"FTL","floor":23,"key":"SMITH"},{"floor":28,"key":"REST"},{"data":"Buffer","floor":32,"key":"SMITH"},{"data":"Madness","floor":40,"key":"SMITH"},{"data":"Blizzard","floor":44,"key":"SMITH"},{"data":"Glacier","floor":49,"key":"SMITH"}],"neow_cost":"NONE","seed_source_timestamp":347515470111638,"circlet_count":0,"master_deck":["Strike_B","Defend_B","Defend_B","Zap+1","Dualcast","AscendersBane","Glacier+1","Cold Snap","Hologram","Melter+1","FTL+1","All For One","Beam Cell+1","Core Surge","Blizzard+1","Buffer+1","Go for the Eyes","Machine Learning","Madness+1","Madness","Rebound+1","Redo+1"],"special_seed":0,"relics":["Cracked Core","Vajra","Meat on the Bone","Centennial Puzzle","Pantograph","Tiny Chest","Sozu","Shuriken","Bag of Preparation","Omamori","Lantern","Happy Flower","StoneCalendar","Empty Cage","Bottled Tornado","Mango","Singing Bowl","Blood Vial"],"potions_floor_usage":[11,14,14],"damage_taken":[{"damage":1.0,"enemies":"Cultist","floor":1.0,"turns":3.0},{"damage":14.0,"enemies":"Small Slimes","floor":2.0,"turns":3.0},{"damage":0.0,"enemies":"2 Louse","floor":4.0,"turns":2.0},{"damage":25.0,"enemies":"Gremlin Nob","floor":7.0,"turns":4.0},{"damage":0.0,"enemies":"Large Slime","floor":10.0,"turns":4.0},{"damage":13,"enemies":"Lagavulin","floor":11,"turns":6},{"damage":0,"enemies":"Exordium Thugs","floor":13,"turns":4},{"damage":4,"enemies":"3 Sentries","floor":14,"turns":5},{"damage":18,"enemies":"Slime Boss","floor":16,"turns":7},{"damage":10,"enemies":"Chosen","floor":18,"turns":3},{"damage":9,"enemies":"3 Byrds","floor":21,"turns":4},{"damage":6,"enemies":"Snecko","floor":22,"turns":4},{"damage":21,"enemies":"Gremlin Leader","floor":24,"turns":5},{"damage":13,"enemies":"Shelled Parasite and Fungi","floor":25,"turns":4},{"damage":33,"enemies":"Book of Stabbing","floor":27,"turns":5},{"damage":9,"enemies":"Slavers","floor":29,"turns":5},{"damage":2,"enemies":"Cultist and Chosen","floor":30,"turns":4},{"damage":52,"enemies":"Collector","floor":33,"turns":7},{"damage":2,"enemies":"3 Darklings","floor":35,"turns":4},{"damage":3,"enemies":"Orb Walker","floor":36,"turns":3},{"damage":13,"enemies":"3 Darklings","floor":38,"turns":4},{"damage":47,"enemies":"Nemesis","floor":41,"turns":7},{"damage":5,"enemies":"Sphere and 2 Shapes","floor":42,"turns":4},{"damage":17,"enemies":"Reptomancer","floor":47,"turns":4},{"damage":0,"enemies":"Giant Head","floor":48,"turns":6},{"damage":63,"enemies":"Time Eater","floor":50,"turns":11}],"seed_played":"6857441399730700189","potions_obtained":[{"floor":4.0,"key":"Swift Potion"},{"floor":10.0,"key":"EssenceOfSteel"},{"floor":11,"key":"Fire Potion"}],"is_trial":false,"path_per_floor":["M","M","$","M","?","R","E","R","T","M","E","$","M","E","R","B",null,"M","T","?","M","M","R","E","M","T","E","R","E","M","$","R","B",null,"M","M","?","M","$","R","E","M","T","R","T","?","M","E","R","B"],"character_chosen":"DEFECT","items_purchased":["EssenceOfSteel","StoneCalendar"],"campfire_rested":1,"item_purchase_floors":[12,31],"current_hp_per_floor":[70,56,56,56,56,56,31,31,31,43,42,42,42,50,50,57,73,63,63,41,44,50,50,41,40,40,19,43,46,44,44,44,29,70,68,65,50,49,49,49,14,21,35,35,35,97,82,84,84,50],"gold":149,"neow_bonus":"TEN_PERCENT_HP_BONUS","is_prod":false,"is_daily":false,"chose_seed":false,"campfire_upgraded":8,"win_rate":0,"timestamp":1538516815,"path_taken":["M","M","?","M","?","R","E","R","T","M","E","$","M","E","R","BOSS","M","?","?","M","M","R","E","M","T","E","R","E","?","?","R","BOSS","M","M","?","M","$","R","E","M","T","R","?","?","M","E","R","BOSS"],"build_version":"2018-09-27","purchased_purges":3,"victory":true,"max_hp_per_floor":[78,78,78,78,78,78,78,78,78,78,78,78,78,78,78,78,78,78,78,83,83,83,83,83,83,83,83,83,83,83,83,83,83,83,83,83,83,83,83,83,83,83,97,97,97,97,99,101,101,101],"card_choices":[{"not_picked":["Barrage","Steam"],"picked":"Glacier","floor":1.0},{"not_picked":["Heatsinks","Beam Cell"],"picked":"Cold Snap","floor":2.0},{"not_picked":["Beam Cell","Coolheaded"],"picked":"Hologram","floor":4.0},{"not_picked":["Stack","FTL"],"picked":"Melter","floor":7.0},{"not_picked":["Compile Driver","Rebound"],"picked":"FTL","floor":10.0},{"not_picked":["Cold Snap","Leap"],"picked":"All For One","floor":11},{"not_picked":["Go for the Eyes","Static Discharge"],"picked":"Beam Cell","floor":13},{"not_picked":["Ball Lightning","Genetic Algorithm","Beam Cell"],"picked":"SKIP","floor":14},{"not_picked":["Multi-Cast","Thunder Strike"],"picked":"Core Surge","floor":16},{"not_picked":["White Noise","Go for the Eyes"],"picked":"Blizzard","floor":18},{"not_picked":["Fusion","Hologram","Ball Lightning+1"],"picked":"SKIP","floor":21},{"not_picked":["Fusion","Redo","Streamline"],"picked":"SKIP","floor":22},{"not_picked":["Turbo+1","Static Discharge"],"picked":"Buffer","floor":24},{"not_picked":["Conserve Battery","Coolheaded","Auto Shields+1"],"picked":"SKIP","floor":25},{"not_picked":["Force Field","Steam"],"picked":"Go for the Eyes","floor":27},{"not_picked":["Thunder Strike","Compile Driver","Melter"],"picked":"SKIP","floor":29},{"not_picked":["Storm","Stack","Skim"],"picked":"SKIP","floor":30},{"not_picked":["All For One","Fission"],"picked":"Machine Learning","floor":33},{"not_picked":["Gash","Compile Driver","Go for the Eyes"],"picked":"SKIP","floor":35},{"not_picked":["Beam Cell+1","Sweeping Beam","Coolheaded"],"picked":"SKIP","floor":36},{"not_picked":["Reinforced Body+1","Rip and Tear","Tempest"],"picked":"SKIP","floor":38},{"not_picked":["Defragment","Hologram"],"picked":"Rebound+1","floor":41},{"not_picked":["Go for the Eyes","Rainbow"],"picked":"Redo+1","floor":42},{"not_picked":["Hello World","Turbo","Stack"],"picked":"Singing Bowl","floor":47},{"not_picked":["Leap","Reboot","Redo+1"],"picked":"Singing Bowl","floor":48}],"player_experience":800263,"relics_obtained":[{"floor":5.0,"key":"Vajra"},{"floor":7.0,"key":"Meat on the Bone"},{"floor":9.0,"key":"Centennial Puzzle"},{"floor":11,"key":"Pantograph"},{"floor":14,"key":"Tiny Chest"},{"floor":19,"key":"Shuriken"},{"floor":24,"key":"Bag of Preparation"},{"floor":26,"key":"Omamori"},{"floor":27,"key":"Lantern"},{"floor":29,"key":"Happy Flower"},{"floor":41,"key":"Bottled Tornado"},{"floor":43,"key":"Mango"},{"floor":45,"key":"Singing Bowl"},{"floor":48,"key":"Blood Vial"}],"event_choices":[{"event_name":"Wheel of Change","player_choice":"Relic","floor":5.0,"damage_taken":0.0},{"event_name":"Forgotten Altar","player_choice":"Shed Blood","floor":20,"damage_taken":0},{"event_name":"Winding Halls","player_choice":"Embrace Madness","floor":37,"damage_taken":0},{"event_name":"MindBloom","player_choice":"Heal","floor":46,"damage_taken":0}],"is_beta":false,"boss_relics":[{"not_picked":["FrozenCore","Ectoplasm"],"picked":"Sozu"},{"not_picked":["Philosopher\u0027s Stone","White Beast Statue"],"picked":"Empty Cage"}],"items_purged_floors":[3,12,39],"is_endless":false,"potions_floor_spawned":[4,10,11,22,27,29,36,41,48],"ascension_level":17}