{"gold_per_floor":[14,31,31,31,47,47,82,98,175,175,210,238,279,307,319,422,434,466,393,385,421,446,458,503,528,540,552,588,600,656,688,700,712],"floor_reached":33,"playtime":1108,"items_purged":[],"score":553,"play_id":"e4570727-6503-4ded-a382-6252d3f3249c","local_time":"20180918132659","is_ascension_mode":true,"campfire_choices":[{"data":"Finisher","floor":6,"key":"SMITH"},{"data":"Adrenaline","floor":10,"key":"SMITH"},{"data":"Endless Agony","floor":15,"key":"SMITH"},{"data":"Adrenaline","floor":23,"key":"SMITH"},{"data":"Cloak And Dagger","floor":29,"key":"SMITH"},{"data":"Neutralize","floor":32,"key":"SMITH"}],"neow_cost":"NO_GOLD","seed_source_timestamp":63044668922941,"circlet_count":0,"master_deck":["Defend_G","Defend_G","Defend_G","Defend_G","Defend_G","Strike_G","Strike_G","Strike_G","Strike_G","Strike_G","Survivor","Neutralize+1","AscendersBane","Adrenaline+1","Finisher+1","Endless Agony+1","Dagger Spray+1","Flying Knee","Dagger Throw","Backstab","Die Die Die+1","Adrenaline+1","Dodge and Roll+1","Cloak And Dagger+1","All Out Attack","Adrenaline"],"relics":["Ring of the Snake","Golden Idol","Tough Bandages","Singing Bowl","MawBank","Odd Mushroom","White Beast Statue","Omamori","Whetstone","Mummified Hand","Oddly Smooth Stone"],"potions_floor_usage":[7,16,16,21,24,25,28,30,33,33],"damage_taken":[{"damage":0,"enemies":"2 Louse","floor":1,"turns":2},{"damage":0,"enemies":"Cultist","floor":2,"turns":4},{"damage":0,"enemies":"Small Slimes","floor":5,"turns":2},{"damage":8,"enemies":"Lagavulin","floor":7,"turns":6},{"damage":3,"enemies":"Looter","floor":8,"turns":3},{"damage":4,"enemies":"Gremlin Nob","floor":11,"turns":3},{"damage":0,"enemies":"Lots of Slimes","floor":12,"turns":2},{"damage":0,"enemies":"The Mushroom Lair","floor":13,"turns":1},{"damage":0,"enemies":"Large Slime","floor":14,"turns":3},{"damage":13,"enemies":"The Guardian","floor":16,"turns":10},{"damage":6,"enemies":"3 Byrds","floor":18,"turns":5},{"damage":8,"enemies":"2 Thieves","floor":21,"turns":3},{"damage":0,"enemies":"Snake Plant","floor":22,"turns":1},{"damage":13,"enemies":"Slavers","floor":24,"turns":6},{"damage":0,"enemies":"Chosen and Byrds","floor":25,"turns":4},{"damage":0,"enemies":"Cultist and Chosen","floor":28,"turns":3},{"damage":6,"enemies":"Gremlin Leader","floor":30,"turns":4},{"damage":3,"enemies":"Centurion and Healer","floor":31,"turns":4},{"damage":54,"enemies":"Collector","floor":33,"turns":7}],"seed_played":"7028507988285956987","potions_obtained":[{"floor":5,"key":"GhostInAJar"},{"floor":11,"key":"PowerPotion"},{"floor":13,"key":"SkillPotion"},{"floor":16,"key":"AttackPotion"},{"floor":18,"key":"SpeedPotion"},{"floor":20,"key":"Ancient Potion"},{"floor":21,"key":"Fire Potion"},{"floor":24,"key":"Swift Potion"},{"floor":25,"key":"Dexterity Potion"},{"floor":28,"key":"Poison Potion"},{"floor":30,"key":"SteroidPotion"}],"is_trial":false,"path_per_floor":["M","M","?","?","M","R","E","M","T","R","E","M","?","M","R","B",null,"M","?","?","M","M","R","E","M","T","?","M","R","E","M","R"],"character_chosen":"THE_SILENT","items_purchased":[],"campfire_rested":0,"item_purchase_floors":[],"current_hp_per_floor":[59,59,64,64,64,64,56,53,53,53,49,49,51,53,53,40,61,57,57,57,51,51,51,38,40,40,55,55,55,49,48,48,0],"gold":712,"neow_bonus":"THREE_RARE_CARDS","is_prod":false,"is_daily":false,"chose_seed":false,"campfire_upgraded":6,"win_rate":0,"timestamp":1537270019,"path_taken":["M","M","?","?","M","R","E","M","T","R","E","?","?","M","R","BOSS","M","?","?","M","M","R","E","?","T","?","?","R","E","M","R","BOSS"],"build_version":"2018-09-06","purchased_purges":0,"victory":false,"max_hp_per_floor":[66,66,71,64,64,64,64,64,64,64,64,64,66,68,68,68,68,70,70,70,72,72,72,72,74,74,74,74,74,74,76,76,76],"card_choices":[{"not_picked":["Tools of the Trade","Venomology"],"picked":"Adrenaline","floor":0},{"not_picked":["Flying Knee","Slice"],"picked":"Finisher","floor":1},{"not_picked":["Finisher","Calculated Gamble"],"picked":"Endless Agony","floor":2},{"not_picked":["Predator","Blur"],"picked":"Dagger Spray","floor":5},{"not_picked":["Footwork","Outmaneuver"],"picked":"Flying Knee","floor":7},{"not_picked":["Masterful Stab","Outmaneuver"],"picked":"Dagger Throw","floor":8},{"not_picked":["Dagger Spray","Setup"],"picked":"Backstab","floor":11},{"not_picked":["Reflex","Deflect"],"picked":"Die Die Die","floor":12},{"not_picked":["Blade Dance","Catalyst","Poisoned Stab"],"picked":"Singing Bowl","floor":13},{"not_picked":["Outmaneuver","Reflex","Catalyst"],"picked":"Singing Bowl","floor":14},{"not_picked":["Burst","Night Terror"],"picked":"Adrenaline","floor":16},{"not_picked":["Poisoned Stab","Quick Slash+1","Dagger Spray"],"picked":"Singing Bowl","floor":18},{"not_picked":["Underhanded Strike","Crippling Poison","Dodge and Roll"],"picked":"Singing Bowl","floor":21},{"not_picked":["Prepared","Phantasmal Killer"],"picked":"Dodge and Roll+1","floor":22},{"not_picked":["Bane","Poisoned Stab"],"picked":"Cloak And Dagger","floor":24},{"not_picked":["Deadly Poison","Bouncing Flask","PiercingWail"],"picked":"Singing Bowl","floor":25},{"not_picked":["Underhanded Strike+1","Accuracy"],"picked":"All Out Attack","floor":28},{"not_picked":["Predator","PiercingWail"],"picked":"Adrenaline","floor":30},{"not_picked":["Deadly Poison","Riddle With Holes","Flying Knee"],"picked":"Singing Bowl","floor":31}],"player_experience":747930,"relics_obtained":[{"floor":7,"key":"Tough Bandages"},{"floor":9,"key":"Singing Bowl"},{"floor":11,"key":"MawBank"},{"floor":13,"key":"Odd Mushroom"},{"floor":24,"key":"Whetstone"},{"floor":26,"key":"Mummified Hand"},{"floor":30,"key":"Oddly Smooth Stone"}],"event_choices":[{"event_name":"Big Fish","player_choice":"Donut","floor":3,"damage_taken":0},{"event_name":"Golden Idol","player_choice":"Lose Max HP","floor":4,"damage_taken":0},{"event_name":"Mushrooms","player_choice":"Fought Mushrooms","floor":13,"damage_taken":0},{"event_name":"Addict","player_choice":"Obtained Relic","floor":19,"damage_taken":0},{"event_name":"The Woman in Blue","player_choice":"Bought 1 Potion","floor":20,"damage_taken":0},{"event_name":"The Library","player_choice":"Heal","floor":27,"damage_taken":0}],"is_beta":false,"boss_relics":[{"not_picked":["Coffee Dripper","Fusion Hammer"],"picked":"White Beast Statue"}],"items_purged_floors":[],"is_endless":false,"potions_floor_spawned":[5,11,13,14,16,18,21,22,24,25,28,30,31],"killed_by":"Collector","ascension_level":17}