{"gold_per_floor":[112,112,130,140,151,151,164,164,188,188,217,231,265,277,277,373,373,390,401,401,178,178,178,203,203,203,232,266,18,28,28],"floor_reached":31,"playtime":982,"items_purged":["Parasite","Clumsy"],"score":298,"play_id":"4414cce8-5e83-42b3-a12a-7d2b9bf53e1b","local_time":"20190219222057","is_ascension_mode":true,"campfire_choices":[{"data":"Dagger Spray","floor":6.0,"key":"SMITH"},{"data":"Die Die Die","floor":8.0,"key":"SMITH"},{"data":"Backstab","floor":10.0,"key":"SMITH"},{"data":"Bouncing Flask","floor":15.0,"key":"SMITH"},{"data":"Glass Knife","floor":23.0,"key":"SMITH"},{"data":"Terror","floor":25.0,"key":"SMITH"}],"neow_cost":"NONE","seed_source_timestamp":352573207824000,"circlet_count":0,"master_deck":["Defend_G","Defend_G","Defend_G","Defend_G","Defend_G","Strike_G","Strike_G","Strike_G","Strike_G+1","Strike_G","Survivor+1","Neutralize+1","Dagger Spray+1","Outmaneuver+1","Backstab+1","Die Die Die+1","Bouncing Flask+1","Backstab","Terror+1","Glass Knife+1","Cloak And Dagger","Die Die Die","Necronomicurse","Deadly Poison"],"special_seed":0,"relics":["Calling Bell","Pen Nib","Pantograph","Peace Pipe","Spirit Poop","War Paint","Whetstone","Boot","WristBlade","Necronomicon","Potion Belt","Meat on the Bone","Shuriken","Red Mask","Turnip","Snake Skull"],"potions_floor_usage":[31],"damage_taken":[{"damage":5.0,"enemies":"Small Slimes","floor":1.0,"turns":5.0},{"damage":0.0,"enemies":"Cultist","floor":3.0,"turns":5.0},{"damage":6.0,"enemies":"Jaw Worm","floor":4.0,"turns":4.0},{"damage":3.0,"enemies":"Exordium Wildlife","floor":5.0,"turns":3.0},{"damage":0.0,"enemies":"Looter","floor":7.0,"turns":3.0},{"damage":7.0,"enemies":"Gremlin Nob","floor":11.0,"turns":4.0},{"damage":12.0,"enemies":"Large Slime","floor":12.0,"turns":6.0},{"damage":5.0,"enemies":"Lagavulin","floor":13.0,"turns":5.0},{"damage":0.0,"enemies":"3 Louse","floor":14.0,"turns":1.0},{"damage":54.0,"enemies":"Slime Boss","floor":16.0,"turns":8.0},{"damage":17.0,"enemies":"3 Byrds","floor":18.0,"turns":4.0},{"damage":0.0,"enemies":"Spheric Guardian","floor":19.0,"turns":1.0},{"damage":3.0,"enemies":"Gremlin Leader","floor":24.0,"turns":5.0},{"damage":15.0,"enemies":"Masked Bandits","floor":27.0,"turns":4.0},{"damage":9.0,"enemies":"Slavers","floor":28.0,"turns":4.0},{"damage":4.0,"enemies":"Cultist and Chosen","floor":30.0,"turns":4.0},{"damage":32,"enemies":"Book of Stabbing","floor":31,"turns":3}],"seed_played":"-5732869440644291550","potions_obtained":[{"floor":3.0,"key":"Explosive Potion"},{"floor":4.0,"key":"Block Potion"},{"floor":12.0,"key":"SkillPotion"},{"floor":14.0,"key":"GhostInAJar"},{"floor":18.0,"key":"Fire Potion"},{"floor":28.0,"key":"Fire Potion"},{"floor":30.0,"key":"FearPotion"}],"is_trial":false,"path_per_floor":["M","?","M","M","M","R","M","R","T","R","E","M","E","M","R","B",null,"M","M","?","$","?","R","E","R","T","?","E","$","M","E"],"character_chosen":"THE_SILENT","items_purchased":["Potion Belt","Snake Skull"],"campfire_rested":0,"item_purchase_floors":[21,29],"current_hp_per_floor":[65,65,65,59,56,56,56,56,56,56,49,37,32,32,32,3,70,53,53,37,37,25,25,22,22,22,19,22,22,30,0],"gold":28,"neow_bonus":"BOSS_RELIC","is_prod":false,"is_daily":false,"chose_seed":false,"campfire_upgraded":6,"win_rate":0,"timestamp":1550611257,"path_taken":["M","?","M","M","?","R","M","R","T","R","E","M","E","M","R","BOSS","M","M","?","$","?","R","E","R","T","?","E","$","M","E"],"build_version":"2019-01-23","purchased_purges":2,"victory":false,"max_hp_per_floor":[70,70,70,70,70,70,70,70,70,70,70,70,70,70,70,70,70,70,70,70,67,72,72,72,72,72,72,72,72,72,72],"card_choices":[{"not_picked":["Bane","Dodge and Roll"],"picked":"Dagger Spray","floor":1.0},{"not_picked":["Leg Sweep","Bane"],"picked":"Outmaneuver","floor":3.0},{"not_picked":["PiercingWail","Sucker Punch"],"picked":"Backstab","floor":4.0},{"not_picked":["Slice","Dagger Throw","PiercingWail"],"picked":"SKIP","floor":5.0},{"not_picked":["Acrobatics","Skewer"],"picked":"Die Die Die","floor":7.0},{"not_picked":["Dagger Spray","Predator","Sucker Punch"],"picked":"SKIP","floor":11.0},{"not_picked":["Deadly Poison","Quick Slash"],"picked":"Bouncing Flask","floor":12.0},{"not_picked":["Bane","Dodge and Roll"],"picked":"Backstab","floor":13.0},{"not_picked":["Reflex","Predator"],"picked":"Terror","floor":14.0},{"not_picked":["Envenom","Tools of the Trade"],"picked":"Glass Knife","floor":16.0},{"not_picked":["Flying Knee+1","Deadly Poison+1"],"picked":"Cloak And Dagger","floor":18.0},{"not_picked":["Backflip+1","Eviscerate"],"picked":"Die Die Die","floor":19.0},{"not_picked":["Bouncing Flask","Terror+1","Noxious Fumes"],"picked":"SKIP","floor":24.0},{"not_picked":["Bane","Dagger Spray","Deadly Poison"],"picked":"SKIP","floor":28.0},{"not_picked":["Acrobatics","Outmaneuver+1"],"picked":"Deadly Poison","floor":30.0}],"player_experience":1117641,"relics_obtained":[{"floor":0.0,"key":"Pen Nib"},{"floor":0.0,"key":"Pantograph"},{"floor":0.0,"key":"Peace Pipe"},{"floor":9.0,"key":"War Paint"},{"floor":11.0,"key":"Whetstone"},{"floor":13.0,"key":"Boot"},{"floor":20.0,"key":"Necronomicon"},{"floor":24.0,"key":"Meat on the Bone"},{"floor":26.0,"key":"Shuriken"},{"floor":27.0,"key":"Red Mask"},{"floor":28.0,"key":"Turnip"}],"event_choices":[{"cards_removed":["Injury"],"damage_healed":0.0,"max_hp_gain":0.0,"max_hp_loss":0.0,"gold_gain":0.0,"event_name":"Bonfire Elementals","player_choice":"Offered Curse","floor":2.0,"gold_loss":0.0,"damage_taken":0.0,"relics_obtained":["Spirit Poop"]},{"damage_healed":0.0,"max_hp_gain":0.0,"max_hp_loss":0.0,"gold_gain":0.0,"event_name":"Cursed Tome","player_choice":"Obtained Book","floor":20.0,"gold_loss":0.0,"damage_taken":16.0},{"damage_healed":0.0,"max_hp_gain":5.0,"max_hp_loss":0.0,"gold_gain":0.0,"event_name":"Forgotten Altar","player_choice":"Shed Blood","floor":22.0,"gold_loss":0.0,"damage_taken":17.0},{"damage_healed":0.0,"max_hp_gain":0.0,"max_hp_loss":0.0,"gold_gain":0.0,"event_name":"Masked Bandits","player_choice":"Fought Bandits","floor":27.0,"gold_loss":0.0,"damage_taken":0.0}],"is_beta":false,"boss_relics":[{"not_picked":["Lizard Tail","Busted Crown"],"picked":"WristBlade"}],"items_purged_floors":[21,29],"is_endless":false,"potions_floor_spawned":[3,4,12,14,18,28,30],"killed_by":"Book of Stabbing","ascension_level":1}