{"gold_per_floor":[117,137,150,26,37,37,65,65,88,88,88,163,67,140,140,217,217,236,236,249,249,265,265,284,284,284,284,184,194,48,48,48,124,124,137,12,12],"floor_reached":37,"playtime":2421,"items_purged":["Strike_B","Pain","Strike_B"],"score":624,"play_id":"bd449f8f-add9-4926-8ac3-3f4758234499","local_time":"20190311001940","is_ascension_mode":true,"campfire_choices":[{"data":"Sunder","floor":6,"key":"SMITH"},{"data":"Defragment","floor":8,"key":"SMITH"},{"data":"Zap","floor":10,"key":"SMITH"},{"data":"Static Discharge","floor":15,"key":"SMITH"},{"floor":23,"key":"REST"},{"data":"Creative AI","floor":25,"key":"SMITH"},{"data":"Defragment","floor":27,"key":"SMITH"},{"floor":32,"key":"REST"}],"neow_cost":"NONE","seed_source_timestamp":2079796276226361,"circlet_count":0,"master_deck":["AscendersBane","Strike_B","Defend_B","Defend_B","Defend_B","Defend_B","Zap+1","Dualcast","Sunder+1","Leap","Glacier","Gash","Defragment+1","Cold Snap","Static Discharge+1","Go for the Eyes","Creative AI+1","Defragment+1","Go for the Eyes","Redo","Ball Lightning+1","Beam Cell","Multi-Cast","Redo+1"],"relics":["Cursed Key","Omamori","Orichalcum","Kunai","White Beast Statue","Meat on the Bone","Oddly Smooth Stone","Philosopher\u0027s Stone"],"potions_floor_usage":[7,16,22,22,24,31,33,35,37],"damage_taken":[{"damage":7,"enemies":"Small Slimes","floor":1,"turns":3},{"damage":0,"enemies":"Jaw Worm","floor":2,"turns":3},{"damage":5,"enemies":"2 Louse","floor":3,"turns":2},{"damage":2,"enemies":"Exordium Wildlife","floor":5,"turns":5},{"damage":3,"enemies":"3 Sentries","floor":7,"turns":4},{"damage":6,"enemies":"Hexaghost","floor":16,"turns":15},{"damage":21,"enemies":"2 Thieves","floor":18,"turns":4},{"damage":10,"enemies":"3 Byrds","floor":20,"turns":4},{"damage":5,"enemies":"Shelled Parasite and Fungi","floor":22,"turns":5},{"damage":24,"enemies":"Snake Plant","floor":24,"turns":4},{"damage":16,"enemies":"Centurion and Healer","floor":29,"turns":8},{"damage":0,"enemies":"Shelled Parasite and Fungi","floor":31,"turns":2},{"damage":18,"enemies":"Collector","floor":33,"turns":15},{"damage":11,"enemies":"3 Shapes","floor":35,"turns":4},{"damage":68,"enemies":"2 Orb Walkers","floor":37,"turns":3}],"seed_played":"-3800939104574011189","potions_obtained":[{"floor":2,"key":"AttackPotion"},{"floor":3,"key":"AttackPotion"},{"floor":18,"key":"SkillPotion"},{"floor":20,"key":"Poison Potion"},{"floor":22,"key":"SpeedPotion"},{"floor":24,"key":"Dexterity Potion"},{"floor":29,"key":"SmokeBomb"},{"floor":33,"key":"Fire Potion"},{"floor":35,"key":"Strength Potion"}],"is_trial":false,"path_per_floor":["M","M","M","$","M","R","E","R","T","R","?","?","$","T","R","B",null,"M","?","M","?","M","R","M","R","T","R","$","M","$","M","R","B",null,"M","$","?"],"character_chosen":"DEFECT","items_purchased":["Gash","Static Discharge","Go for the Eyes","Oddly Smooth Stone"],"campfire_rested":2,"item_purchase_floors":[4,13,13,30],"current_hp_per_floor":[57,57,52,52,50,50,47,47,47,47,47,36,36,36,36,30,61,40,40,30,30,25,46,22,22,22,22,22,18,18,30,51,45,65,54,54,0],"gold":12,"neow_bonus":"BOSS_RELIC","is_prod":false,"is_daily":false,"chose_seed":false,"campfire_upgraded":6,"win_rate":0,"timestamp":1552277980,"path_taken":["M","M","M","$","M","R","E","R","T","R","?","?","?","?","R","BOSS","M","?","M","?","M","R","M","R","T","R","?","M","$","M","R","BOSS","M","?","?"],"build_version":"2019-01-23","purchased_purges":3,"victory":false,"max_hp_per_floor":[71,71,71,71,71,71,71,71,71,71,71,71,71,71,71,71,71,71,71,71,71,71,71,71,71,71,71,71,71,71,71,71,71,71,71,71,71],"card_choices":[{"not_picked":["Barrage","Lockon"],"picked":"Sunder","floor":1},{"not_picked":["Chill","Barrage"],"picked":"Leap","floor":2},{"not_picked":["Steam","Reinforced Body"],"picked":"Glacier","floor":3},{"not_picked":["Sweeping Beam","Chill"],"picked":"Defragment","floor":5},{"not_picked":["Stack","Aggregate"],"picked":"Cold Snap","floor":7},{"not_picked":["Hyperbeam","Multi-Cast"],"picked":"Creative AI","floor":16},{"not_picked":["Leap","Consume"],"picked":"Defragment","floor":18},{"not_picked":["Tempest","Hello World"],"picked":"Go for the Eyes","floor":20},{"not_picked":["Hello World+1","Conserve Battery"],"picked":"Redo","floor":22},{"not_picked":["Undo","Compile Driver"],"picked":"Ball Lightning+1","floor":24},{"not_picked":["Force Field","Coolheaded"],"picked":"Beam Cell","floor":29},{"not_picked":["Hyperbeam","Meteor Strike"],"picked":"Multi-Cast","floor":33},{"not_picked":["Cold Snap+1","Conserve Battery+1"],"picked":"Redo+1","floor":35}],"player_experience":683895,"relics_obtained":[{"floor":7,"key":"Omamori"},{"floor":9,"key":"Orichalcum"},{"floor":14,"key":"Kunai"},{"floor":26,"key":"Meat on the Bone"}],"event_choices":[{"damage_healed":0,"gold_gain":0,"player_choice":"Ignored","damage_taken":0,"max_hp_gain":0,"max_hp_loss":0,"event_name":"Golden Idol","floor":11,"gold_loss":0},{"damage_healed":0,"gold_gain":75,"player_choice":"Gather Gold","damage_taken":11,"max_hp_gain":0,"max_hp_loss":0,"event_name":"World of Goop","floor":12,"gold_loss":0},{"damage_healed":0,"gold_gain":0,"player_choice":"Ignored","damage_taken":0,"max_hp_gain":0,"max_hp_loss":0,"event_name":"Vampires","floor":19,"gold_loss":0},{"cards_removed":["Strike_B"],"damage_healed":0,"gold_gain":0,"player_choice":"Elegance","damage_taken":0,"max_hp_gain":0,"max_hp_loss":0,"event_name":"Back to Basics","floor":21,"gold_loss":0},{"damage_healed":0,"gold_gain":0,"player_choice":"Fight","damage_taken":0,"max_hp_gain":0,"max_hp_loss":0,"event_name":"Mysterious Sphere","floor":37,"gold_loss":0}],"is_beta":false,"boss_relics":[{"not_picked":["Ectoplasm","Snecko Eye"],"picked":"White Beast Statue"},{"not_picked":["Busted Crown","Pandora\u0027s Box"],"picked":"Philosopher\u0027s Stone"}],"items_purged_floors":[4,28,36],"is_endless":false,"potions_floor_spawned":[2,3,18,20,22,24,29,31,33,35],"killed_by":"2 Orb Walkers","ascension_level":14}