{"gold_per_floor":[114,289,289,84,108,108,146,175,202,202,218,234,29,29,29,152,152,166,166,207,230,255,255,269,294,294,33,56,81,102,125,125,125],"floor_reached":33,"playtime":3835,"items_purged":["Doubt","Strike_G"],"score":299,"play_id":"589ba783-1b3d-4d47-8ef8-35a57ea83458","local_time":"20180703230330","is_ascension_mode":false,"campfire_choices":[{"data":"Noxious Fumes","floor":6.0,"key":"SMITH"},{"floor":10.0,"key":"REST"},{"data":"Neutralize","floor":15.0,"key":"SMITH"},{"data":"Cloak And Dagger","floor":23.0,"key":"SMITH"},{"floor":32,"key":"REST"}],"neow_cost":"","seed_source_timestamp":0,"circlet_count":0,"master_deck":["Defend_G","Defend_G","Defend_G","Defend_G","Defend_G","Survivor","Neutralize+1","Cloak And Dagger","Noxious Fumes+1","Cloak And Dagger+1","Slice","Catalyst","Deadly Poison","Noxious Fumes","Deadly Poison","Bane","Well Laid Plans+1","Acrobatics+1","Choke+1","Crippling Poison+1","Bite","Bite","Bite","Bite","Bite","Deflect","Cloak And Dagger+1","Noxious Fumes+1","Noxious Fumes"],"special_seed":0,"relics":["Ring of the Snake","Golden Idol","Tough Bandages","Odd Mushroom","Bag of Preparation","Astrolabe","Red Mask","Pen Nib","Boot","Letter Opener"],"potions_floor_usage":[33],"damage_taken":[{"damage":0.0,"enemies":"Small Slimes","floor":1.0,"turns":3.0},{"damage":0.0,"enemies":"Jaw Worm","floor":5.0,"turns":3.0},{"damage":15.0,"enemies":"3 Sentries","floor":7.0,"turns":6.0},{"damage":14.0,"floor":8.0,"turns":5.0},{"damage":0.0,"enemies":"2 Louse","floor":11.0,"turns":2.0},{"damage":0.0,"enemies":"2 Fungi Beasts","floor":12.0,"turns":4.0},{"damage":19.0,"enemies":"Hexaghost","floor":16.0,"turns":7.0},{"damage":0.0,"enemies":"Chosen","floor":18.0,"turns":5.0},{"damage":17.0,"floor":20.0,"turns":3.0},{"damage":18.0,"enemies":"2 Thieves","floor":21.0,"turns":4.0},{"damage":13.0,"enemies":"Cultist and Chosen","floor":24.0,"turns":7.0},{"damage":0.0,"enemies":"Snecko","floor":25.0,"turns":3.0},{"damage":12.0,"enemies":"Slaver and Parasite","floor":28.0,"turns":5.0},{"damage":6,"enemies":"Chosen and Byrds","floor":29,"turns":5},{"damage":17,"enemies":"Sentry and Sphere","floor":30,"turns":4},{"damage":3,"enemies":"Cultist and Chosen","floor":31,"turns":5},{"damage":59,"enemies":"Automaton","floor":33,"turns":6}],"seed_played":"8214383925909250098","potions_obtained":[{"floor":1.0,"key":"Strength Potion"},{"floor":8.0,"key":"PowerPotion"},{"floor":16.0,"key":"Fire Potion"},{"floor":28.0,"key":"LiquidBronze"},{"floor":29,"key":"Fire Potion"}],"is_trial":false,"path_per_floor":["M","?","?","$","M","R","E","?","T","R","M","M","$","?","R","B",null,"M","?","?","M","T","R","M","M","T","$","M","M","M","M","R"],"character_chosen":"THE_SILENT","items_purchased":["Noxious Fumes","Cloak And Dagger","Deadly Poison","Bane","Letter Opener"],"campfire_rested":2,"item_purchase_floors":[],"current_hp_per_floor":[70,70,53,53,53,53,38,24,24,45,45,45,45,45,45,26,70,70,49,34,20,20,20,15,21,21,21,17,21,8,9,23,0],"gold":125,"neow_bonus":"","is_prod":false,"is_daily":false,"chose_seed":false,"campfire_upgraded":3,"win_rate":0,"timestamp":1530673410,"path_taken":["M","?","?","?","M","R","E","?","T","R","M","M","$","?","R","BOSS","M","?","?","M","?","R","M","M","T","$","M","M","M","M","R","BOSS"],"build_version":"2018-06-28","purchased_purges":2,"victory":false,"max_hp_per_floor":[70,70,70,70,70,70,70,70,70,70,70,70,70,70,70,70,70,70,49,49,49,49,49,49,49,49,49,49,49,49,49,49,49],"card_choices":[{"not_picked":["Skewer","Masterful Stab"],"picked":"Cloak And Dagger","floor":1.0},{"not_picked":["PiercingWail","Outmaneuver"],"picked":"Slice","floor":5.0},{"not_picked":["Backstab","Outmaneuver"],"picked":"Catalyst","floor":7.0},{"not_picked":["Skewer","Poisoned Stab"],"picked":"Deadly Poison","floor":8.0},{"not_picked":["Catalyst","Acrobatics"],"picked":"Noxious Fumes","floor":11.0},{"not_picked":["Outmaneuver","Dagger Spray","Footwork"],"picked":"SKIP","floor":12.0},{"not_picked":["Bullet Time","Storm of Steel"],"picked":"Corpse Explosion","floor":16.0},{"not_picked":["Underhanded Strike+1","Dagger Throw+1"],"picked":"Crippling Poison+1","floor":18.0},{"not_picked":["Choke","PiercingWail"],"picked":"Deflect","floor":20.0},{"not_picked":["Outmaneuver","Backflip+1"],"picked":"Cloak And Dagger+1","floor":21.0},{"not_picked":["Expertise","Predator","Crippling Poison"],"picked":"SKIP","floor":24.0},{"not_picked":["Dash+1","Deadly Poison"],"picked":"Noxious Fumes+1","floor":25.0},{"not_picked":["Blade Dance","Acrobatics","Leg Sweep"],"picked":"SKIP","floor":28.0},{"not_picked":["Bane+1","Skewer"],"picked":"Noxious Fumes","floor":29},{"not_picked":["A Thousand Cuts","Caltrops","Masterful Stab"],"picked":"SKIP","floor":30},{"not_picked":["PiercingWail","Outmaneuver+1","Flying Knee+1"],"picked":"SKIP","floor":31}],"player_experience":108505,"relics_obtained":[{"floor":7.0,"key":"Tough Bandages"},{"floor":8.0,"key":"Odd Mushroom"},{"floor":9.0,"key":"Bag of Preparation"},{"floor":20.0,"key":"Red Mask"},{"floor":22.0,"key":"Pen Nib"},{"floor":26.0,"key":"Boot"}],"event_choices":[{"event_name":"Liars Game","player_choice":"agreed","floor":2.0,"damage_taken":0.0},{"event_name":"Golden Idol","player_choice":"Take Damage","floor":3.0,"damage_taken":0.0},{"event_name":"Mushrooms","player_choice":"Fought Mushrooms","floor":8.0,"damage_taken":0.0},{"event_name":"The Cleric","player_choice":"Leave","floor":14.0,"damage_taken":0.0},{"event_name":"Vampires","player_choice":"Became a vampire","floor":19.0,"damage_taken":0.0},{"event_name":"Masked Bandits","player_choice":"Fought over 166 gold","floor":20.0,"damage_taken":0.0}],"boss_relics":[{"not_picked":["Runic Dome","Eternal Feather"],"picked":"Astrolabe"}],"items_purged_floors":[],"is_endless":false,"potions_floor_spawned":[1,8,16,18,28,29,30],"killed_by":"Automaton","ascension_level":0}