{"gold_per_floor":[114,130,130,55,20,20,43,87,138,138,138,154,154,170,170,170],"floor_reached":16,"playtime":441,"items_purged":["Injury"],"score":185,"play_id":"71d941eb-4f67-4fd9-af94-3ab35f80469d","local_time":"20180920011534","is_ascension_mode":true,"campfire_choices":[{"data":"Genetic Algorithm","floor":6,"key":"SMITH"},{"floor":10,"key":"REST"},{"data":"Zap","floor":13,"key":"SMITH"},{"data":"Sweeping Beam","floor":15,"key":"SMITH"}],"neow_cost":"NONE","seed_source_timestamp":192631328352544,"circlet_count":0,"master_deck":["Strike_B+1","Strike_B","Strike_B","Strike_B","Defend_B","Defend_B","Defend_B","Defend_B","Zap+1","Dualcast+1","AscendersBane","Genetic Algorithm+1","Auto Shields","Sweeping Beam+1","Sunder","Conserve Battery"],"relics":["Cracked Core","Oddly Smooth Stone","Golden Idol","Bronze Scales","Regal Pillow"],"potions_floor_usage":[2,8,16],"damage_taken":[{"damage":2,"enemies":"Small Slimes","floor":1,"turns":3},{"damage":3,"enemies":"2 Louse","floor":2,"turns":3},{"damage":0,"enemies":"Cultist","floor":7,"turns":4},{"damage":69,"enemies":"Gremlin Nob","floor":8,"turns":6},{"damage":0,"enemies":"Gremlin Gang","floor":12,"turns":3},{"damage":1,"enemies":"Blue Slaver","floor":14,"turns":3},{"damage":27,"enemies":"The Guardian","floor":16,"turns":11}],"seed_played":"8638312310967968213","potions_obtained":[{"floor":1,"key":"EssenceOfSteel"},{"floor":2,"key":"Swift Potion"},{"floor":8,"key":"EssenceOfSteel"}],"is_trial":false,"path_per_floor":["M","M","?","$","?","R","M","E","T","R","?","M","R","M","R"],"character_chosen":"DEFECT","items_purchased":[],"campfire_rested":1,"item_purchase_floors":[],"current_hp_per_floor":[62,59,59,59,71,71,71,2,2,38,17,17,17,16,16,0],"gold":170,"neow_bonus":"RANDOM_COMMON_RELIC","is_prod":false,"is_daily":false,"chose_seed":false,"campfire_upgraded":3,"win_rate":0,"timestamp":1537398934,"path_taken":["M","M","?","$","?","R","M","E","T","R","?","M","R","?","R","BOSS"],"build_version":"2018-09-06","purchased_purges":1,"victory":false,"max_hp_per_floor":[71,71,71,71,71,71,71,71,71,71,71,71,71,71,71,71],"card_choices":[{"not_picked":["Leap","Barrage"],"picked":"Genetic Algorithm","floor":1},{"not_picked":["Stack","Redo"],"picked":"Auto Shields","floor":2},{"not_picked":["Loop","Stack"],"picked":"Sweeping Beam","floor":7},{"not_picked":["Scrape","Go for the Eyes"],"picked":"Sunder","floor":8},{"not_picked":["Aggregate","Stack"],"picked":"Conserve Battery","floor":12},{"not_picked":["Blizzard","Undo","Cold Snap"],"picked":"SKIP","floor":14}],"player_experience":749038,"relics_obtained":[{"floor":8,"key":"Bronze Scales"},{"floor":9,"key":"Regal Pillow"}],"event_choices":[{"event_name":"Golden Idol","player_choice":"Take Wound","floor":3,"damage_taken":0},{"event_name":"The Cleric","player_choice":"Healed","floor":5,"damage_taken":0},{"event_name":"Shining Light","player_choice":"Entered Light","floor":11,"damage_taken":0}],"is_beta":false,"boss_relics":[],"items_purged_floors":[4],"is_endless":false,"potions_floor_spawned":[1,2,8],"killed_by":"The Guardian","ascension_level":17}