{"gold_per_floor":[116,129,148,148,73,104,117,117,117,133,133,157,176,192,192,320,320,339,239,239,239,114,114,127,139,139,139,156,181,195,104,104,206,206,218,218,263,113,123,123,46,46,46,63,75,75,90,108,108,108],"floor_reached":50,"playtime":2296,"items_purged":["Strike_R","Strike_R","Defend_R","Wild Strike+1"],"score":679,"play_id":"66192ac4-4bda-4e77-a9a8-a57588bb6293","local_time":"20180807041412","is_ascension_mode":true,"campfire_choices":[{"floor":8,"key":"REST"},{"floor":11,"key":"REST"},{"data":"Clash","floor":15,"key":"SMITH"},{"data":"Bash","floor":23,"key":"SMITH"},{"data":"Pommel Strike","floor":27,"key":"SMITH"},{"data":"Shrug It Off","floor":32,"key":"SMITH"},{"data":"Bloodletting","floor":40,"key":"SMITH"},{"floor":46,"key":"REST"},{"floor":49,"key":"REST"}],"neow_cost":"TEN_PERCENT_HP_LOSS","seed_source_timestamp":35487525260863,"circlet_count":0,"master_deck":["Bash+1","Pommel Strike+1","Clash+1","Shrug It Off+1","Carnage+1","Thunderclap+1","Fiend Fire+1","Clash+1","Dropkick+1","Flash of Steel+1","Thunderclap+1","Bloodletting+1","Thunderclap+1","Dropkick+1"],"relics":["Burning Blood","Bloody Idol","Molten Egg 2","Gremlin Horn","Sozu","Gambling Chip","Juzu Bracelet","Pandora\u0027s Box","Thread and Needle","Mango","The Courier"],"potions_floor_usage":[6,33],"damage_taken":[{"damage":1,"enemies":"Cultist","floor":1,"turns":3},{"damage":8,"enemies":"2 Louse","floor":2,"turns":3},{"damage":7,"enemies":"Small Slimes","floor":3,"turns":4},{"damage":30,"enemies":"Lagavulin","floor":6,"turns":6},{"damage":18,"enemies":"Exordium Thugs","floor":7,"turns":4},{"damage":0,"enemies":"Gremlin Gang","floor":10,"turns":5},{"damage":0,"enemies":"Lots of Slimes","floor":12,"turns":4},{"damage":0,"enemies":"Blue Slaver","floor":13,"turns":4},{"damage":0,"enemies":"Large Slime","floor":14,"turns":2},{"damage":0,"enemies":"Slime Boss","floor":16,"turns":6},{"damage":1,"enemies":"Spheric Guardian","floor":18,"turns":3},{"damage":11,"enemies":"2 Thieves","floor":24,"turns":3},{"damage":12,"enemies":"Cultist and Chosen","floor":25,"turns":3},{"damage":1,"enemies":"3 Cultists","floor":28,"turns":4},{"damage":0,"enemies":"Gremlin Leader","floor":29,"turns":5},{"damage":6,"enemies":"Sentry and Sphere","floor":30,"turns":3},{"damage":5,"enemies":"Automaton","floor":33,"turns":4},{"damage":10,"enemies":"3 Darklings","floor":35,"turns":2},{"damage":0,"floor":36,"turns":2},{"damage":37,"floor":37,"turns":3},{"damage":0,"enemies":"Orb Walker","floor":39,"turns":1},{"damage":3,"enemies":"Maw","floor":44,"turns":4},{"damage":0,"enemies":"3 Darklings","floor":45,"turns":2},{"damage":3,"enemies":"Spire Growth","floor":47,"turns":2},{"damage":8,"enemies":"Sphere and 2 Shapes","floor":48,"turns":1},{"damage":104,"enemies":"Time Eater","floor":50,"turns":6}],"seed_played":"-2813210887925898397","potions_obtained":[{"floor":1,"key":"AttackPotion"},{"floor":6,"key":"Swift Potion"},{"floor":10,"key":"FearPotion"}],"is_trial":false,"path_per_floor":["M","M","M","?","$","E","M","R","T","M","R","M","M","M","R","B",null,"M","$","?","?","$","R","M","M","T","R","M","E","M","$","R","B",null,"M","?","?","$","M","R","$","?","T","M","M","R","M","M","R"],"character_chosen":"IRONCLAD","items_purchased":["Flash of Steel+1","Dropkick+1"],"campfire_rested":4,"item_purchase_floors":[31,41],"current_hp_per_floor":[72,70,69,51,51,27,15,36,36,42,63,69,72,72,72,72,72,72,72,72,72,72,72,72,71,71,71,72,72,72,72,72,72,72,72,72,60,60,71,71,71,71,71,79,86,86,86,86,86,0],"gold":108,"neow_bonus":"REMOVE_TWO","is_prod":false,"is_daily":false,"chose_seed":false,"campfire_upgraded":5,"win_rate":0,"timestamp":1533629652,"path_taken":["M","?","M","?","?","E","M","R","T","M","R","?","?","M","R","BOSS","M","$","?","?","$","R","M","?","T","R","M","E","M","$","R","BOSS","M","?","?","$","M","R","$","?","T","M","M","R","M","M","R","BOSS"],"build_version":"2018-08-02","purchased_purges":4,"victory":false,"max_hp_per_floor":[72,72,72,72,72,72,72,72,72,72,72,72,72,72,72,72,72,72,72,72,72,72,72,72,72,72,72,72,72,72,72,72,72,72,72,72,86,86,86,86,86,86,86,86,86,86,86,86,86,86],"card_choices":[{"not_picked":["Combust","Feel No Pain"],"picked":"Pommel Strike","floor":1},{"not_picked":["Armaments","Sword Boomerang","Burning Pact"],"picked":"SKIP","floor":2},{"not_picked":["True Grit","Armaments"],"picked":"Clash","floor":3},{"not_picked":["Anger","Battle Trance","Twin Strike"],"picked":"SKIP","floor":6},{"not_picked":["Sword Boomerang+1","Headbutt+1"],"picked":"Shrug It Off","floor":7},{"not_picked":["Rupture","Shrug It Off","Anger+1"],"picked":"SKIP","floor":10},{"not_picked":["Hemokinesis+1","Sword Boomerang+1"],"picked":"Carnage+1","floor":12},{"not_picked":["Pommel Strike+1","Cleave+1"],"picked":"Thunderclap+1","floor":13},{"not_picked":["Havoc","Combust","Reaper+1"],"picked":"SKIP","floor":14},{"not_picked":["Limit Break","Exhume"],"picked":"Fiend Fire+1","floor":16},{"not_picked":["Body Slam+1","Pommel Strike+1"],"picked":"Clash+1","floor":18},{"not_picked":["Anger+1","Iron Wave+1"],"picked":"Dropkick+1","floor":24},{"not_picked":["Reckless Charge+1","Evolve+1","Infernal Blade+1"],"picked":"SKIP","floor":25},{"not_picked":["Wild Strike+1","Headbutt+1","Clothesline+1"],"picked":"SKIP","floor":28},{"not_picked":["Warcry","Spot Weakness","Fiend Fire+1"],"picked":"SKIP","floor":29},{"not_picked":["Sever Soul+1","Corruption","Anger+1"],"picked":"SKIP","floor":30},{"not_picked":["Havoc","Twin Strike+1","Rupture"],"picked":"SKIP","floor":35},{"not_picked":["Flex+1","Hemokinesis+1","Clash+1"],"picked":"SKIP","floor":39},{"not_picked":["Clothesline+1","Hemokinesis+1","Double Tap"],"picked":"SKIP","floor":44},{"not_picked":["Clothesline+1","Hemokinesis+1","Double Tap"],"picked":"SKIP","floor":44},{"not_picked":["Rupture","Warcry","Shrug It Off"],"picked":"SKIP","floor":45},{"not_picked":["Blood for Blood+1","Reckless Charge+1","Sword Boomerang+1"],"picked":"SKIP","floor":47},{"not_picked":["Anger+1","Cleave+1","Combust"],"picked":"SKIP","floor":48}],"player_experience":166369,"relics_obtained":[{"floor":6,"key":"Molten Egg 2"},{"floor":9,"key":"Gremlin Horn"},{"floor":26,"key":"Gambling Chip"},{"floor":29,"key":"Juzu Bracelet"},{"floor":36,"key":"Thread and Needle"},{"floor":37,"key":"Mango"},{"floor":43,"key":"The Courier"}],"event_choices":[{"event_name":"Golden Idol","player_choice":"Take Damage","floor":4,"damage_taken":0},{"event_name":"Forgotten Altar","player_choice":"Gave Idol","floor":20,"damage_taken":0},{"event_name":"The Lab","player_choice":"Got Potions","floor":21,"damage_taken":0},{"event_name":"MindBloom","player_choice":"Fight","floor":36,"damage_taken":0},{"event_name":"Mysterious Sphere","player_choice":"Fight","floor":37,"damage_taken":0},{"event_name":"Match and Keep!","player_choice":"0 cards matched","floor":42,"damage_taken":0}],"is_beta":false,"boss_relics":[{"not_picked":["Snecko Eye","Eternal Feather"],"picked":"Sozu"},{"not_picked":["White Beast Statue","Cursed Key"],"picked":"Pandora\u0027s Box"}],"items_purged_floors":[5,19,22,38],"is_endless":false,"potions_floor_spawned":[1,6,10,24,25,33,37,45,48],"killed_by":"Time Eater","ascension_level":5}