{"gold_per_floor":[112,92,112,262,136,136,167,167,167,196,196,228,228,255,255,332,332,348,623,635,170,186,186,205,205,205,205,218,236,250,275,275,351,351,370,26,37,37,83,83,118,118,144,176,188,201,51,51,51,51,51],"floor_reached":52,"playtime":2835,"items_purged":["Doubt","Regret","Strike_B","Strike_B"],"score":1962,"play_id":"ca4ac2b4-da4e-4aed-970f-d65d9afffec4","local_time":"20190220234754","is_ascension_mode":true,"campfire_choices":[{"data":"Zap","floor":6.0,"key":"SMITH"},{"floor":8.0,"key":"REST"},{"data":"Beam Cell","floor":11.0,"key":"SMITH"},{"data":"Melter","floor":15.0,"key":"SMITH"},{"data":"Defragment","floor":23.0,"key":"SMITH"},{"data":"Dualcast","floor":25.0,"key":"SMITH"},{"data":"Cold Snap","floor":27.0,"key":"SMITH"},{"data":"Coolheaded","floor":32.0,"key":"SMITH"},{"data":"Thunder Strike","floor":40.0,"key":"SMITH"},{"data":"Darkness","floor":42.0,"key":"SMITH"},{"floor":49,"key":"REST"}],"neow_cost":"PERCENT_DAMAGE","seed_source_timestamp":65975217884896,"circlet_count":0,"master_deck":["AscendersBane","Strike_B","Defend_B","Defend_B","Defend_B","Defend_B","Zap+1","Dualcast+1","Melter+1","Beam Cell+1","Cold Snap+1","Conserve Battery","White Noise","White Noise","Electrodynamics","Ball Lightning+1","Defragment+1","Chill","FTL","Stack+1","Coolheaded+1","Thunder Strike+1","Darkness+1","Force Field","Mind Blast"],"special_seed":0,"relics":["Cracked Core","Ice Cream","Meat on the Bone","Orichalcum","Thread and Needle","Question Card","Bottled Flame","Nuclear Battery","Gremlin Horn","Kunai","Mango","Lizard Tail","Runic Capacitor","Torii","Omamori","Pen Nib","Strawberry"],"potions_floor_usage":[44,51],"damage_taken":[{"damage":6.0,"enemies":"2 Louse","floor":1.0,"turns":3.0},{"damage":0.0,"enemies":"Cultist","floor":3.0,"turns":2.0},{"damage":34.0,"enemies":"Gremlin Nob","floor":7.0,"turns":4.0},{"damage":4.0,"enemies":"3 Sentries","floor":10.0,"turns":7.0},{"damage":0.0,"enemies":"Lagavulin","floor":12.0,"turns":5.0},{"damage":4.0,"enemies":"3 Sentries","floor":14.0,"turns":11.0},{"damage":7.0,"enemies":"Slime Boss","floor":16.0,"turns":14.0},{"damage":18.0,"enemies":"Chosen","floor":18.0,"turns":6.0},{"damage":0.0,"enemies":"Spheric Guardian","floor":20.0,"turns":2.0},{"damage":23.0,"enemies":"Shelled Parasite and Fungi","floor":22.0,"turns":3.0},{"damage":12.0,"enemies":"Snake Plant","floor":24.0,"turns":4.0},{"damage":5.0,"enemies":"Snecko","floor":28.0,"turns":4.0},{"damage":13.0,"enemies":"Shelled Parasite and Fungi","floor":29.0,"turns":4.0},{"damage":23.0,"enemies":"Snake Plant","floor":30.0,"turns":3.0},{"damage":8.0,"enemies":"Slavers","floor":31.0,"turns":3.0},{"damage":8.0,"enemies":"Champ","floor":33.0,"turns":15.0},{"damage":4.0,"enemies":"3 Shapes","floor":35.0,"turns":5.0},{"damage":8.0,"enemies":"3 Darklings","floor":37.0,"turns":4.0},{"damage":37.0,"enemies":"2 Orb Walkers","floor":39.0,"turns":4.0},{"damage":26.0,"enemies":"Reptomancer","floor":41.0,"turns":5.0},{"damage":3,"enemies":"Giant Head","floor":44,"turns":8},{"damage":0,"enemies":"Jaw Worm Horde","floor":45,"turns":5},{"damage":20,"enemies":"Spire Growth","floor":46,"turns":4},{"damage":66,"enemies":"Awakened One","floor":50,"turns":17},{"damage":73,"enemies":"Donu and Deca","floor":51,"turns":12}],"seed_played":"7814712141072407162","potions_obtained":[{"floor":1.0,"key":"Energy Potion"},{"floor":2.0,"key":"SpeedPotion"},{"floor":10.0,"key":"SpeedPotion"},{"floor":24.0,"key":"Swift Potion"},{"floor":30.0,"key":"FocusPotion"},{"floor":31.0,"key":"SpeedPotion"},{"floor":33.0,"key":"Regen Potion"},{"floor":41.0,"key":"SpeedPotion"},{"floor":44,"key":"SteroidPotion"}],"is_trial":false,"path_per_floor":["M","?","M","?","$","R","E","R","T","E","R","E","T","E","R","B",null,"M","?","M","$","M","R","M","R","T","R","M","M","M","E","R","B",null,"M","$","M","?","?","R","E","R","T","E","M","M","$","?","R","B","B",null],"character_chosen":"DEFECT","items_purchased":["Cold Snap","Gremlin Horn","Defragment","Runic Capacitor"],"campfire_rested":2,"item_purchase_floors":[5,21,21,36],"current_hp_per_floor":[54,54,54,54,54,54,20,45,45,53,53,53,53,49,49,54,77,59,59,59,59,48,48,48,48,48,48,43,42,31,49,49,53,88,84,84,76,76,51,51,46,46,46,62,62,54,54,54,85,31,25],"gold":51,"neow_bonus":"TWENTY_PERCENT_HP_BONUS","is_prod":false,"is_daily":false,"chose_seed":false,"campfire_upgraded":9,"win_rate":0,"timestamp":1550702874,"path_taken":["M","?","?","?","?","R","E","R","T","E","R","E","?","E","R","BOSS","M","?","?","$","M","R","M","R","T","R","M","M","M","E","R","BOSS","M","$","M","?","?","R","E","R","T","E","M","M","$","?","R","BOSS","BOSS"],"build_version":"2019-01-23","purchased_purges":4,"victory":true,"max_hp_per_floor":[85,85,85,85,85,85,85,85,85,85,85,85,85,85,85,85,85,85,85,85,85,85,85,85,85,85,85,85,85,85,99,99,99,99,99,99,99,99,99,99,99,99,99,106,106,106,106,106,106,106,106],"card_choices":[{"not_picked":["Coolheaded","Leap"],"picked":"Melter","floor":1.0},{"not_picked":["Gash","Sweeping Beam"],"picked":"Beam Cell","floor":3.0},{"not_picked":["Turbo","Reprogram"],"picked":"Conserve Battery","floor":7.0},{"not_picked":["Streamline","Consume"],"picked":"White Noise","floor":10.0},{"not_picked":["Beam Cell","Coolheaded","Sweeping Beam"],"picked":"SKIP","floor":12.0},{"not_picked":["Force Field","Amplify","Leap"],"picked":"White Noise","floor":14.0},{"not_picked":["Hyperbeam","Fission","All For One"],"picked":"Electrodynamics","floor":16.0},{"not_picked":["Conserve Battery","Rip and Tear","Cold Snap","Leap"],"picked":"SKIP","floor":18.0},{"not_picked":["Static Discharge","Force Field+1","Capacitor"],"picked":"Ball Lightning+1","floor":20.0},{"not_picked":["Doom and Gloom","Sweeping Beam","Steam"],"picked":"Chill","floor":22.0},{"not_picked":["Beam Cell","Sweeping Beam","Self Repair","Rebound"],"picked":"SKIP","floor":24.0},{"not_picked":["Go for the Eyes+1","Darkness","All For One"],"picked":"FTL","floor":28.0},{"not_picked":["Go for the Eyes","Turbo","Steam"],"picked":"Stack+1","floor":29.0},{"not_picked":["Stack","Leap","Sweeping Beam"],"picked":"Coolheaded","floor":30.0},{"not_picked":["Capacitor","Consume","Turbo","Self Repair"],"picked":"SKIP","floor":31.0},{"not_picked":["Fission","Multi-Cast","Biased Cognition"],"picked":"Thunder Strike","floor":33.0},{"not_picked":["Turbo","Sweeping Beam","Go for the Eyes","Static Discharge"],"picked":"SKIP","floor":35.0},{"not_picked":["Beam Cell","Ball Lightning","Skim","Sunder"],"picked":"SKIP","floor":37.0},{"not_picked":["Cold Snap","Streamline+1","Fission"],"picked":"Darkness","floor":41.0},{"not_picked":["Loop","Turbo","Lockon"],"picked":"Force Field","floor":44},{"not_picked":["Static Discharge","Steam","Leap","Ball Lightning"],"picked":"SKIP","floor":45},{"not_picked":["Loop+1","Gash+1","Streamline","Genetic Algorithm+1"],"picked":"SKIP","floor":46},{"not_picked":["Dramatic Entrance","Secret Technique","Discovery"],"picked":"Mind Blast","floor":48}],"player_experience":1129189,"relics_obtained":[{"floor":7.0,"key":"Ice Cream"},{"floor":9.0,"key":"Meat on the Bone"},{"floor":10.0,"key":"Orichalcum"},{"floor":12.0,"key":"Thread and Needle"},{"floor":13.0,"key":"Question Card"},{"floor":14.0,"key":"Bottled Flame"},{"floor":26.0,"key":"Kunai"},{"floor":31.0,"key":"Mango"},{"floor":39.0,"key":"Torii"},{"floor":41.0,"key":"Omamori"},{"floor":43.0,"key":"Pen Nib"},{"floor":44,"key":"Strawberry"}],"event_choices":[{"damage_healed":0.0,"max_hp_gain":0.0,"max_hp_loss":0.0,"gold_gain":0.0,"event_name":"The Woman in Blue","player_choice":"Bought 1 Potion","floor":2.0,"gold_loss":0.0,"damage_taken":0.0},{"damage_healed":0.0,"max_hp_gain":0.0,"max_hp_loss":0.0,"gold_gain":150.0,"event_name":"Liars Game","player_choice":"AGREE","floor":4.0,"gold_loss":0.0,"damage_taken":0.0,"cards_obtained":["Doubt"]},{"damage_healed":0.0,"max_hp_gain":0.0,"max_hp_loss":0.0,"gold_gain":275.0,"event_name":"Golden Shrine","player_choice":"Desecrate","floor":19.0,"gold_loss":0.0,"damage_taken":0.0,"cards_obtained":["Regret"]},{"cards_removed":["Strike_B"],"damage_healed":0.0,"max_hp_gain":0.0,"max_hp_loss":0.0,"gold_gain":0.0,"event_name":"Falling","player_choice":"Removed Attack","floor":38.0,"gold_loss":0.0,"damage_taken":0.0},{"damage_healed":0.0,"max_hp_gain":0.0,"max_hp_loss":0.0,"gold_gain":0.0,"event_name":"Mysterious Sphere","player_choice":"Fight","floor":39.0,"gold_loss":0.0,"damage_taken":0.0},{"damage_healed":0,"gold_gain":0,"player_choice":"Memory 1","damage_taken":0,"max_hp_gain":0,"max_hp_loss":0,"event_name":"SensoryStone","floor":48,"gold_loss":0}],"is_beta":false,"boss_relics":[{"not_picked":["White Beast Statue","Orrery"],"picked":"Nuclear Battery"},{"not_picked":["Runic Dome","Calling Bell"],"picked":"Lizard Tail"}],"items_purged_floors":[5,21,36,47],"is_endless":false,"potions_floor_spawned":[1,10,24,30,31,33,41,44],"ascension_level":20}