{"gold_per_floor":[114,127,97,56,67,67,93,93,93,105,120,120,149,89,89,190,190,202,202,218,229,229,229,245,245,245,278,80,80,91,91,91,91],"floor_reached":33,"playtime":2021,"items_purged":["Strike_B","Strike_B"],"score":330,"play_id":"ede024f6-4668-4b9e-9e6e-255e770d2335","local_time":"20190316091145","is_ascension_mode":true,"campfire_choices":[{"data":"Zap","floor":6,"key":"SMITH"},{"data":"Dualcast","floor":8,"key":"SMITH"},{"data":"Defragment","floor":12,"key":"SMITH"},{"data":"Capacitor","floor":15,"key":"SMITH"},{"floor":23,"key":"REST"},{"floor":25,"key":"REST"},{"data":"Ghostly","floor":32,"key":"SMITH"}],"neow_cost":"NONE","seed_source_timestamp":228910207294099,"circlet_count":0,"master_deck":["Strike_B","Strike_B","Defend_B","Defend_B","Defend_B","Defend_B","Zap+1","Dualcast+1","Conserve Battery","Ball Lightning","Defragment+1","Coolheaded","Capacitor+1","Self Repair","FTL","Creative AI","Redo+1","Leap","Capacitor","Storm+1","Ghostly+1","Ghostly","Ghostly","Ghostly","Ghostly"],"relics":["Cracked Core","Bronze Scales","The Courier","PreservedInsect","Odd Mushroom","Cursed Key","FaceOfCleric","Calipers","Omamori"],"potions_floor_usage":[5,13,21,30],"damage_taken":[{"damage":4,"enemies":"Jaw Worm","floor":1,"turns":3},{"damage":1,"enemies":"Cultist","floor":2,"turns":3},{"damage":0,"enemies":"Small Slimes","floor":5,"turns":3},{"damage":11,"enemies":"Lagavulin","floor":7,"turns":6},{"damage":3,"enemies":"Blue Slaver","floor":10,"turns":2},{"damage":0,"enemies":"Looter","floor":11,"turns":2},{"damage":1,"enemies":"The Mushroom Lair","floor":13,"turns":3},{"damage":7,"enemies":"The Guardian","floor":16,"turns":8},{"damage":50,"enemies":"2 Thieves","floor":18,"turns":5},{"damage":0,"enemies":"Chosen","floor":20,"turns":3},{"damage":24,"enemies":"Snake Plant","floor":21,"turns":2},{"damage":23,"enemies":"Chosen and Byrds","floor":24,"turns":5},{"damage":47,"enemies":"Slavers","floor":27,"turns":5},{"damage":7,"enemies":"Centurion and Healer","floor":30,"turns":5},{"damage":32,"enemies":"Collector","floor":33,"turns":6}],"seed_played":"-8593430923404463892","potions_obtained":[{"floor":1,"key":"Explosive Potion"},{"floor":3,"key":"SpeedPotion"},{"floor":3,"key":"Fruit Juice"},{"floor":10,"key":"GamblersBrew"},{"floor":13,"key":"Fire Potion"},{"floor":27,"key":"Regen Potion"},{"floor":29,"key":"EntropicBrew"},{"floor":30,"key":"Energy Potion"}],"is_trial":false,"path_per_floor":["?","$","M","?","?","M","?","?","M","?"],"character_chosen":"DEFECT","items_purchased":["Defragment","Omamori"],"campfire_rested":2,"item_purchase_floors":[4,28],"current_hp_per_floor":[71,70,70,70,75,75,64,64,64,61,61,61,60,60,60,60,80,37,37,45,22,22,46,31,55,55,16,16,16,31,31,31,0],"gold":91,"neow_bonus":"RANDOM_COMMON_RELIC","is_prod":false,"is_daily":false,"chose_seed":false,"campfire_upgraded":5,"win_rate":0,"timestamp":1552749105,"path_taken":["M","M","?","?","M","R","E","R","T","M","?","R","?","$","R","BOSS","M","?","M","?","?","R","M","R","T","E","$","?","?","?","R","BOSS"],"build_version":"2019-01-23","purchased_purges":2,"victory":false,"max_hp_per_floor":[75,75,75,75,80,80,80,80,80,80,80,80,80,80,80,80,80,80,80,81,82,82,82,83,83,83,84,84,84,85,42,42,42],"card_choices":[{"not_picked":["Chill","Doom and Gloom"],"picked":"Conserve Battery","floor":1},{"not_picked":["Cold Snap","Redo"],"picked":"Ball Lightning","floor":2},{"not_picked":["Leap","Cold Snap"],"picked":"Coolheaded","floor":5},{"not_picked":["Tempest","Stack"],"picked":"Capacitor","floor":7},{"not_picked":["White Noise","Compile Driver"],"picked":"Self Repair","floor":10},{"not_picked":["Cold Snap","Lockon"],"picked":"FTL","floor":11},{"not_picked":["Buffer","Echo Form"],"picked":"Creative AI","floor":16},{"not_picked":["Compile Driver+1","Rebound"],"picked":"Redo+1","floor":18},{"not_picked":["Barrage","Beam Cell"],"picked":"Leap","floor":20},{"not_picked":["Streamline","Melter"],"picked":"Capacitor","floor":21},{"not_picked":["Self Repair","Reprogram+1","Darkness"],"picked":"SKIP","floor":24},{"not_picked":["Compile Driver","Aggregate","Meteor Strike"],"picked":"SKIP","floor":27},{"not_picked":["Compile Driver","Ball Lightning"],"picked":"Storm+1","floor":30}],"player_experience":258012,"relics_obtained":[{"floor":7,"key":"The Courier"},{"floor":9,"key":"PreservedInsect"},{"floor":13,"key":"Odd Mushroom"},{"floor":27,"key":"Calipers"}],"event_choices":[{"damage_healed":0,"gold_gain":0,"player_choice":"Bought 2 Potions","damage_taken":0,"max_hp_gain":0,"max_hp_loss":0,"event_name":"The Woman in Blue","floor":3,"gold_loss":0},{"damage_healed":0,"gold_gain":0,"player_choice":"Fought Mushrooms","damage_taken":0,"max_hp_gain":0,"max_hp_loss":0,"event_name":"Mushrooms","floor":13,"gold_loss":0},{"damage_healed":0,"gold_gain":0,"player_choice":"Trade","damage_taken":0,"relics_obtained":["FaceOfCleric"],"max_hp_gain":0,"max_hp_loss":0,"event_name":"FaceTrader","floor":19,"gold_loss":0},{"damage_healed":0,"gold_gain":0,"player_choice":"Ignored","damage_taken":0,"max_hp_gain":0,"max_hp_loss":0,"event_name":"The Mausoleum","floor":22,"gold_loss":0},{"damage_healed":0,"gold_gain":0,"player_choice":"Got Potions","damage_taken":0,"max_hp_gain":0,"max_hp_loss":0,"event_name":"Lab","floor":29,"gold_loss":0},{"damage_healed":0,"gold_gain":0,"player_choice":"Became a Ghost","damage_taken":0,"max_hp_gain":0,"max_hp_loss":43,"event_name":"Ghosts","floor":31,"gold_loss":0,"cards_obtained":["Ghostly","Ghostly","Ghostly","Ghostly","Ghostly"]}],"is_beta":false,"boss_relics":[{"not_picked":["Inserter","Black Star"],"picked":"Cursed Key"}],"items_purged_floors":[14,28],"is_endless":false,"potions_floor_spawned":[1,10,13,20,27,30],"killed_by":"Collector","ascension_level":3}