{"gold_per_floor":[114,128,147,167,181,181,206,206,252,280,290,306,306,26,26,128,178,191,191,42,62,78,78,113,113,136,136,136,86,114,125,125,221,221,240,251,268,268,49,83,83,98,98,116,116,145,159,159,159,159,159,159,4,39,39],"floor_reached":55,"playtime":2368,"items_purged":["Strike_B","Self Repair"],"score":1356,"play_id":"04371631-7dc8-48c7-a09c-5de8eece0824","local_time":"20190210220000","is_ascension_mode":true,"campfire_choices":[{"data":"Electrodynamics","floor":6.0,"key":"SMITH"},{"data":"Zap","floor":8.0,"key":"SMITH"},{"data":"Defragment","floor":15.0,"key":"SMITH"},{"data":"Fission","floor":23.0,"key":"SMITH"},{"data":"Double Energy","floor":25.0,"key":"SMITH"},{"data":"Dualcast","floor":27.0,"key":"SMITH"},{"data":"Tempest","floor":32.0,"key":"SMITH"},{"data":"Transmutation","floor":41.0,"key":"SMITH"},{"floor":45.0,"key":"RECALL"},{"data":"Discovery","floor":49.0,"key":"SMITH"},{"floor":52.0,"key":"REST"}],"neow_cost":"TEN_PERCENT_HP_LOSS","seed_source_timestamp":670534558007203,"circlet_count":0,"master_deck":["AscendersBane","Strike_B+1","Strike_B+1","Defend_B+1","Defend_B+1","Defend_B+1","Defend_B+1","Zap+1","Dualcast+1","Electrodynamics+1","BootSequence","Conserve Battery+1","Reboot+1","FTL","Ball Lightning","Scrape","Defragment+1","Fission+1","Double Energy+1","Chill","Tempest+1","Seek","Stack+1","Transmutation+1","Finesse","Discovery+1","White Noise+1","FTL","All For One","Rebound+1"],"special_seed":0,"relics":["Cracked Core","War Paint","Omamori","Bottled Tornado","Membership Card","Tiny House","Thread and Needle","Bag of Marbles","Pen Nib","Bag of Preparation","Cursed Key","Chemical X","Ancient Tea Set","Bottled Flame","Blood Vial","Pantograph","Bronze Scales"],"potions_floor_usage":[55,55,55],"damage_taken":[{"damage":2.0,"enemies":"2 Louse","floor":1.0,"turns":2.0},{"damage":1.0,"enemies":"Cultist","floor":2.0,"turns":4.0},{"damage":2.0,"enemies":"Small Slimes","floor":3.0,"turns":3.0},{"damage":4.0,"enemies":"Red Slaver","floor":4.0,"turns":4.0},{"damage":6.0,"enemies":"Blue Slaver","floor":5.0,"turns":4.0},{"damage":16.0,"enemies":"Gremlin Nob","floor":7.0,"turns":3.0},{"damage":0.0,"enemies":"3 Sentries","floor":10.0,"turns":2.0},{"damage":0.0,"enemies":"Lots of Slimes","floor":11.0,"turns":1.0},{"damage":1.0,"enemies":"Looter","floor":12.0,"turns":3.0},{"damage":15.0,"enemies":"Slime Boss","floor":16.0,"turns":6.0},{"damage":4.0,"enemies":"Shell Parasite","floor":18.0,"turns":4.0},{"damage":0.0,"enemies":"Chosen","floor":21.0,"turns":3.0},{"damage":7.0,"enemies":"Snake Plant","floor":22.0,"turns":5.0},{"damage":0.0,"enemies":"Book of Stabbing","floor":24.0,"turns":4.0},{"damage":0.0,"enemies":"Gremlin Leader","floor":30.0,"turns":5.0},{"damage":0.0,"enemies":"Cultist and Chosen","floor":31.0,"turns":2.0},{"damage":31.0,"enemies":"Automaton","floor":33.0,"turns":7.0},{"damage":0.0,"enemies":"3 Shapes","floor":35.0,"turns":2.0},{"damage":0.0,"enemies":"3 Darklings","floor":36.0,"turns":1.0},{"damage":0.0,"enemies":"Maw","floor":37.0,"turns":6.0},{"damage":0.0,"enemies":"Giant Head","floor":40.0,"turns":4.0},{"damage":0.0,"enemies":"4 Shapes","floor":42.0,"turns":2.0},{"damage":10.0,"enemies":"Writhing Mass","floor":44.0,"turns":4.0},{"damage":0.0,"enemies":"Nemesis","floor":46.0,"turns":4.0},{"damage":0.0,"enemies":"Maw","floor":47.0,"turns":5.0},{"damage":28.0,"enemies":"Time Eater","floor":50.0,"turns":7.0},{"damage":0.0,"enemies":"Shield and Spear","floor":54.0,"turns":5.0},{"damage":83,"enemies":"The Heart","floor":55,"turns":5}],"seed_played":"-1804134239536643754","potions_obtained":[{"floor":2.0,"key":"FearPotion"},{"floor":3.0,"key":"SteroidPotion"},{"floor":5.0,"key":"AttackPotion"},{"floor":7.0,"key":"SkillPotion"},{"floor":11.0,"key":"Weak Potion"},{"floor":17.0,"key":"LiquidBronze"},{"floor":24.0,"key":"Energy Potion"},{"floor":30.0,"key":"SkillPotion"},{"floor":35.0,"key":"Weak Potion"},{"floor":36.0,"key":"SpeedPotion"},{"floor":37.0,"key":"SteroidPotion"},{"floor":46.0,"key":"Swift Potion"},{"floor":47.0,"key":"SkillPotion"}],"is_trial":false,"path_per_floor":["M","M","M","M","M","R","E","R","T","E","M","M","?","$","R","B",null,"M","?","$","M","M","R","E","R","T","R","?","?","E","M","R","B",null,"M","M","M","?","$","E","R","M","T","M","R","E","M","?","R","B",null,"R","$","E","B"],"character_chosen":"DEFECT","items_purchased":["Membership Card","Defragment","Thread and Needle","Chemical X","Ancient Tea Set","Dexterity Potion","Pantograph"],"campfire_rested":1,"item_purchase_floors":[14,14,20,39,39,53,53],"current_hp_per_floor":[66,65,68,68,68,68,59,59,59,59,59,65,65,65,65,57,70,66,66,66,73,73,73,73,73,73,73,73,73,73,73,73,49,67,73,73,73,63,63,63,63,63,63,53,53,53,55,55,55,29,62,73,73,73,0],"gold":39,"neow_bonus":"THREE_RARE_CARDS","is_prod":false,"is_daily":false,"chose_seed":false,"campfire_upgraded":9,"win_rate":0,"timestamp":1549832400,"path_taken":["M","M","M","M","M","R","E","R","T","E","M","M","?","$","R","BOSS","M","?","$","M","M","R","E","R","T","R","?","?","E","M","R","BOSS","M","M","M","?","$","E","R","M","T","M","R","E","M","?","R","BOSS","R","$","E","BOSS"],"build_version":"2019-01-23","purchased_purges":2,"victory":false,"max_hp_per_floor":[68,68,68,68,68,68,68,68,68,68,68,68,68,68,68,68,73,73,73,73,73,73,73,73,73,73,73,73,73,73,73,73,73,73,73,73,73,73,73,73,73,73,73,73,73,73,73,73,73,73,73,73,73,73,73],"card_choices":[{"not_picked":["Rainbow","Seek"],"picked":"Electrodynamics","floor":0.0},{"not_picked":["Rebound","Gash"],"picked":"BootSequence","floor":1.0},{"not_picked":["Rebound","Heatsinks"],"picked":"Self Repair","floor":2.0},{"not_picked":["Darkness","Hologram","Go for the Eyes"],"picked":"SKIP","floor":3.0},{"not_picked":["Barrage","Go for the Eyes"],"picked":"Conserve Battery","floor":4.0},{"not_picked":["Reinforced Body","Leap"],"picked":"Reboot","floor":5.0},{"not_picked":["Barrage","Hologram"],"picked":"FTL","floor":7.0},{"not_picked":["Self Repair","All For One"],"picked":"Ball Lightning","floor":10.0},{"not_picked":["Beam Cell","Turbo","Streamline"],"picked":"SKIP","floor":11.0},{"not_picked":["Steam Power","Coolheaded"],"picked":"Scrape","floor":12.0},{"not_picked":["Seek","All For One"],"picked":"Fission","floor":16.0},{"not_picked":["Steam","Meteor Strike","Gash+1"],"picked":"SKIP","floor":18.0},{"not_picked":["Chaos","Gash+1"],"picked":"Chill","floor":21.0},{"not_picked":["Beam Cell","Barrage","Rebound"],"picked":"SKIP","floor":22.0},{"not_picked":["Coolheaded","Lockon","Amplify"],"picked":"SKIP","floor":24.0},{"not_picked":["Go for the Eyes","Force Field"],"picked":"Tempest","floor":30.0},{"not_picked":["Go for the Eyes","Beam Cell","Barrage+1"],"picked":"SKIP","floor":31.0},{"not_picked":["Reboot","Machine Learning"],"picked":"Seek","floor":33.0},{"not_picked":["Barrage","Hologram","Ball Lightning"],"picked":"SKIP","floor":35.0},{"not_picked":["Sunder","Go for the Eyes"],"picked":"Stack+1","floor":36.0},{"not_picked":["Streamline","Steam Power+1","Double Energy+1"],"picked":"SKIP","floor":37.0},{"not_picked":["PanicButton","Purity"],"picked":"Transmutation","floor":38.0},{"not_picked":["Blind","Discovery"],"picked":"Finesse","floor":38.0},{"not_picked":["Magnetism","Dramatic Entrance"],"picked":"Discovery","floor":38.0},{"not_picked":["Ball Lightning","Hello World"],"picked":"White Noise+1","floor":40.0},{"not_picked":["Leap","Stack+1","Hologram"],"picked":"SKIP","floor":42.0},{"not_picked":["Barrage","Chaos","Beam Cell"],"picked":"SKIP","floor":44.0},{"not_picked":["Capacitor+1","Streamline+1"],"picked":"FTL","floor":46.0},{"not_picked":["Go for the Eyes","Recycle"],"picked":"All For One","floor":47.0},{"not_picked":["Rip and Tear+1","Static Discharge+1"],"picked":"Rebound+1","floor":54.0}],"player_experience":1031708,"relics_obtained":[{"floor":7.0,"key":"War Paint"},{"floor":9.0,"key":"Omamori"},{"floor":10.0,"key":"Bottled Tornado"},{"floor":24.0,"key":"Bag of Marbles"},{"floor":26.0,"key":"Pen Nib"},{"floor":30.0,"key":"Bag of Preparation"},{"floor":40.0,"key":"Bottled Flame"},{"floor":46.0,"key":"Blood Vial"},{"floor":54.0,"key":"Bronze Scales"}],"event_choices":[{"cards_removed":["Strike_B"],"damage_healed":0.0,"max_hp_gain":0.0,"max_hp_loss":0.0,"gold_gain":0.0,"event_name":"Purifier","player_choice":"Purged","floor":13.0,"gold_loss":0.0,"damage_taken":0.0},{"damage_healed":0.0,"max_hp_gain":0.0,"max_hp_loss":0.0,"gold_gain":0.0,"event_name":"The Library","player_choice":"Read","floor":19.0,"gold_loss":0.0,"damage_taken":0.0,"cards_obtained":["Double Energy"]},{"damage_healed":0.0,"max_hp_gain":0.0,"max_hp_loss":0.0,"gold_gain":0.0,"event_name":"Back to Basics","player_choice":"Simplicity","floor":28.0,"gold_loss":0.0,"damage_taken":0.0,"cards_upgraded":["Strike_B","Strike_B","Defend_B","Defend_B","Defend_B"]},{"damage_healed":0.0,"max_hp_gain":0.0,"max_hp_loss":0.0,"gold_gain":0.0,"event_name":"The Joust","player_choice":"Bet on Murderer","floor":29.0,"gold_loss":50.0,"damage_taken":0.0},{"damage_healed":0.0,"max_hp_gain":0.0,"max_hp_loss":0.0,"gold_gain":0.0,"event_name":"SensoryStone","player_choice":"Memory 3","floor":38.0,"gold_loss":0.0,"damage_taken":10.0},{"damage_healed":0.0,"max_hp_gain":0.0,"max_hp_loss":0.0,"gold_gain":0.0,"event_name":"NoteForYourself","player_choice":"Ignored","floor":48.0,"gold_loss":0.0,"damage_taken":0.0}],"is_beta":false,"boss_relics":[{"not_picked":["Lizard Tail","Fusion Hammer"],"picked":"Tiny House"},{"not_picked":["Inserter","Busted Crown"],"picked":"Cursed Key"}],"items_purged_floors":[14,39],"is_endless":false,"potions_floor_spawned":[2,3,5,7,11,18,24,30,35,36,37,46,47,54],"killed_by":"The Heart","ascension_level":10}