{"gold_per_floor":[113,35,50,125,125,151,151,178,227,242,242,252,265,298,298,376,376,389,389,408,508,508,508,540,540,566,582,582],"floor_reached":28,"playtime":893,"items_purged":[],"score":542,"play_id":"7e5b4514-0987-486e-9555-e0dfd335641c","local_time":"20181023190106","is_ascension_mode":true,"campfire_choices":[{"data":"Zap","floor":7.0,"key":"SMITH"},{"data":"Dualcast","floor":11.0,"key":"SMITH"},{"data":"Fusion","floor":15.0,"key":"SMITH"},{"floor":23.0,"key":"REST"},{"floor":25,"key":"REST"}],"neow_cost":"NONE","seed_source_timestamp":1043848551629496,"circlet_count":0,"master_deck":["Strike_B","Strike_B","Strike_B","Strike_B","Defend_B","Defend_B","Defend_B","Defend_B","Zap+1","Dualcast+1","AscendersBane","Conserve Battery","White Noise","Go for the Eyes","Chill","Ball Lightning","Glacier","Tempest","Fusion+1","Electrodynamics","Writhe","Undo+1","Consume+1","Redo+1"],"special_seed":0,"relics":["Cracked Core","NeowsBlessing","Pear","Symbiotic Virus","Odd Mushroom","Orichalcum","Dream Catcher","Inserter","Toxic Egg 2","Emotion Chip","Frozen Egg 2","Potion Belt","Regal Pillow"],"potions_floor_usage":[24,24],"damage_taken":[{"damage":0.0,"enemies":"2 Louse","floor":1.0,"turns":1.0},{"damage":0.0,"enemies":"Small Slimes","floor":3.0,"turns":1.0},{"damage":0.0,"enemies":"Gremlin Nob","floor":6.0,"turns":1.0},{"damage":21.0,"enemies":"The Mushroom Lair","floor":8.0,"turns":4.0},{"damage":7.0,"enemies":"Jaw Worm","floor":10.0,"turns":3.0},{"damage":2.0,"enemies":"2 Fungi Beasts","floor":12.0,"turns":3.0},{"damage":4.0,"enemies":"Blue Slaver","floor":13.0,"turns":3.0},{"damage":8.0,"enemies":"Lagavulin","floor":14.0,"turns":3.0},{"damage":18.0,"enemies":"The Guardian","floor":16.0,"turns":11.0},{"damage":0.0,"enemies":"Chosen","floor":18.0,"turns":5.0},{"damage":11.0,"enemies":"Shell Parasite","floor":20.0,"turns":5.0},{"damage":12.0,"enemies":"Colosseum Slavers","floor":21.0,"turns":4.0},{"damage":31.0,"enemies":"Colosseum Nobs","floor":21.0,"turns":4.0},{"damage":13,"enemies":"Gremlin Leader","floor":24,"turns":5},{"damage":16,"enemies":"Snake Plant","floor":27,"turns":4},{"damage":41,"enemies":"Book of Stabbing","floor":28,"turns":3}],"seed_played":"-8177919684149555380","potions_obtained":[{"floor":1.0,"key":"Ancient Potion"},{"floor":6.0,"key":"FocusPotion"},{"floor":13.0,"key":"Fire Potion"},{"floor":18.0,"key":"Weak Potion"},{"floor":21.0,"key":"GamblersBrew"}],"is_trial":false,"path_per_floor":["M","$","M","?","T","E","R","?","T","M","R","M","M","E","R","B",null,"M","?","M","?","?","R","E","R","T","M"],"character_chosen":"DEFECT","items_purchased":["White Noise"],"campfire_rested":2,"item_purchase_floors":[2],"current_hp_per_floor":[64,64,64,53,63,63,63,42,42,35,35,33,29,21,21,3,62,62,62,51,8,8,32,19,43,43,27,0],"gold":582,"neow_bonus":"THREE_ENEMY_KILL","is_prod":false,"is_daily":false,"chose_seed":false,"campfire_upgraded":3,"win_rate":0,"timestamp":1540314066,"path_taken":["M","$","M","?","?","E","R","?","T","M","R","?","M","E","R","BOSS","M","?","M","?","?","R","E","R","T","M","E"],"build_version":"2018-10-18","purchased_purges":0,"victory":false,"max_hp_per_floor":[71,71,71,71,81,81,81,81,81,81,81,81,81,81,81,81,81,81,81,81,81,81,81,81,81,81,81,81],"card_choices":[{"not_picked":["Storm","Heatsinks"],"picked":"Conserve Battery","floor":1.0},{"not_picked":["Barrage","Coolheaded"],"picked":"Go for the Eyes","floor":3.0},{"not_picked":["Barrage","Tempest"],"picked":"Chill","floor":6.0},{"not_picked":["Steam","Rebound"],"picked":"Ball Lightning","floor":8.0},{"not_picked":["Chaos","Ball Lightning"],"picked":"Glacier","floor":10.0},{"not_picked":["Gash","Leap","Streamline"],"picked":"SKIP","floor":12.0},{"not_picked":["Skim","Stack"],"picked":"Tempest","floor":13.0},{"not_picked":["Barrage","Steam"],"picked":"Fusion","floor":14.0},{"not_picked":["Core Surge","Meteor Strike"],"picked":"Electrodynamics","floor":16.0},{"not_picked":["Conserve Battery","Gash","Go for the Eyes+1"],"picked":"SKIP","floor":18.0},{"not_picked":["Heatsinks","Go for the Eyes"],"picked":"Undo+1","floor":20.0},{"not_picked":["Gash","Steam+1"],"picked":"Consume+1","floor":23.0},{"not_picked":["Conserve Battery+1","Rip and Tear","Genetic Algorithm+1"],"picked":"SKIP","floor":24},{"not_picked":["Turbo+1","All For One"],"picked":"Redo+1","floor":25},{"not_picked":["Conserve Battery+1","Compile Driver","Recycle+1"],"picked":"SKIP","floor":27}],"player_experience":858033,"relics_obtained":[{"floor":5.0,"key":"Pear"},{"floor":6.0,"key":"Symbiotic Virus"},{"floor":8.0,"key":"Odd Mushroom"},{"floor":9.0,"key":"Orichalcum"},{"floor":14.0,"key":"Dream Catcher"},{"floor":21.0,"key":"Emotion Chip"},{"floor":21.0,"key":"Frozen Egg 2"},{"floor":24,"key":"Potion Belt"},{"floor":26,"key":"Regal Pillow"}],"event_choices":[{"damage_healed":0.0,"max_hp_gain":0.0,"max_hp_loss":0.0,"gold_gain":75.0,"event_name":"World of Goop","player_choice":"Gather Gold","floor":4.0,"gold_loss":0.0,"damage_taken":11.0},{"damage_healed":0.0,"max_hp_gain":0.0,"max_hp_loss":0.0,"gold_gain":0.0,"event_name":"Mushrooms","player_choice":"Fought Mushrooms","floor":8.0,"gold_loss":0.0,"damage_taken":0.0},{"damage_healed":0.0,"max_hp_gain":0.0,"max_hp_loss":0.0,"gold_gain":0.0,"event_name":"The Mausoleum","player_choice":"Opened","floor":19.0,"gold_loss":0.0,"damage_taken":0.0,"relics_obtained":["Toxic Egg 2"],"cards_obtained":["Writhe"]},{"damage_healed":0.0,"max_hp_gain":0.0,"max_hp_loss":0.0,"gold_gain":0.0,"event_name":"Colosseum","player_choice":"Fight","floor":21.0,"gold_loss":0.0,"damage_taken":0.0},{"damage_healed":0.0,"max_hp_gain":0.0,"max_hp_loss":0.0,"gold_gain":0.0,"event_name":"Colosseum","player_choice":"Fought Nobs","floor":21.0,"gold_loss":0.0,"damage_taken":0.0},{"damage_healed":0.0,"max_hp_gain":0.0,"max_hp_loss":0.0,"gold_gain":0.0,"event_name":"Ghosts","player_choice":"Ignored","floor":22.0,"gold_loss":0.0,"damage_taken":0.0}],"is_beta":false,"boss_relics":[{"not_picked":["Eternal Feather","Philosopher\u0027s Stone"],"picked":"Inserter"}],"items_purged_floors":[],"is_endless":false,"potions_floor_spawned":[1,6,13,18,21],"killed_by":"Book of Stabbing","ascension_level":20}