{"gold_per_floor":[111,111,128,43,43,43,43,43,43,79,100,116,36,80,80,200,200,225,57,90,154,154,194,194,283,283,283],"floor_reached":27,"playtime":1204,"items_purged":[],"score":272,"play_id":"9fbd67fa-c425-4f81-b092-e20bd8a25b92","local_time":"20190218124752","is_ascension_mode":true,"campfire_choices":[{"data":"Tools of the Trade","floor":6,"key":"SMITH"},{"data":"Endless Agony","floor":8,"key":"SMITH"},{"data":"Dash","floor":15,"key":"SMITH"},{"data":"HandOfGreed","floor":24,"key":"SMITH"}],"neow_cost":"NONE","seed_source_timestamp":231622326468102,"circlet_count":0,"master_deck":["Defend_G","Defend_G","Defend_G","Defend_G","Defend_G","Strike_G","Strike_G","Strike_G","Strike_G","Strike_G","Survivor","Neutralize","Prepared","Endless Agony+1","Flash of Steel","Caltrops+1","Terror","Dash+1","Night Terror","Prepared+1","HandOfGreed+1","Underhanded Strike"],"relics":["Ring of the Snake","Golden Idol","Frozen Egg 2","Potion Belt","Anchor","Philosopher\u0027s Stone","Pen Nib","Vajra","Blue Candle"],"potions_floor_usage":[10,21,21,25,25,27],"damage_taken":[{"damage":0,"enemies":"2 Louse","floor":1,"turns":6},{"damage":0,"enemies":"Cultist","floor":3,"turns":4},{"damage":40,"enemies":"Lagavulin","floor":10,"turns":9},{"damage":0,"enemies":"Small Slimes","floor":11,"turns":2},{"damage":0,"enemies":"Red Slaver","floor":12,"turns":4},{"damage":13,"enemies":"3 Sentries","floor":14,"turns":10},{"damage":20,"enemies":"Hexaghost","floor":16,"turns":9},{"damage":5,"enemies":"3 Byrds","floor":18,"turns":5},{"damage":6,"enemies":"Shell Parasite","floor":20,"turns":6},{"damage":7,"enemies":"Sentry and Sphere","floor":21,"turns":5},{"damage":5,"enemies":"Book of Stabbing","floor":23,"turns":4},{"damage":23,"enemies":"Slavers","floor":25,"turns":7},{"damage":55,"enemies":"Gremlin Leader","floor":27,"turns":6}],"seed_played":"2847479621821326113","potions_obtained":[{"floor":2,"key":"LiquidBronze"},{"floor":2,"key":"SneckoOil"},{"floor":2,"key":"Dexterity Potion"},{"floor":10,"key":"SpeedPotion"},{"floor":12,"key":"Block Potion"},{"floor":16,"key":"Fire Potion"},{"floor":18,"key":"Block Potion"},{"floor":20,"key":"Fire Potion"},{"floor":25,"key":"FearPotion"}],"is_trial":false,"path_per_floor":["M","?","M","$","?","R","?","R","T","E","M","M","$","E","R","B",null,"M","$","M","M","?","E","R","E","T","E"],"character_chosen":"THE_SILENT","items_purchased":["Flash of Steel","Terror","HandOfGreed"],"campfire_rested":0,"item_purchase_floors":[4,13,19],"current_hp_per_floor":[70,70,70,70,53,53,80,80,80,40,40,40,40,27,27,7,80,75,75,69,62,80,75,75,52,52,0],"gold":283,"neow_bonus":"ONE_RANDOM_RARE_CARD","is_prod":false,"is_daily":false,"chose_seed":false,"campfire_upgraded":4,"win_rate":0,"timestamp":1550490472,"path_taken":["M","?","?","$","?","R","?","R","T","E","?","M","?","E","R","BOSS","M","$","M","M","?","E","R","E","T","E"],"build_version":"2019-01-23","purchased_purges":0,"victory":false,"max_hp_per_floor":[70,70,70,70,70,70,80,80,80,80,80,80,80,80,80,80,80,80,80,80,80,80,80,80,80,80,80],"card_choices":[{"not_picked":["Predator","Poisoned Stab"],"picked":"Prepared","floor":1},{"not_picked":["Prepared","Concentrate"],"picked":"Endless Agony","floor":3},{"not_picked":["Bane","Dodge and Roll","Sucker Punch"],"picked":"SKIP","floor":10},{"not_picked":["Slice","Leg Sweep"],"picked":"Caltrops+1","floor":11},{"not_picked":["Underhanded Strike","Quick Slash","Flechettes"],"picked":"SKIP","floor":12},{"not_picked":["Caltrops+1","Flying Knee"],"picked":"Dash","floor":14},{"not_picked":["Grand Finale","Bullet Time"],"picked":"Night Terror","floor":16},{"not_picked":["Outmaneuver","Slice"],"picked":"Prepared+1","floor":18},{"not_picked":["Wraith Form v2+1","Crippling Poison","Concentrate"],"picked":"SKIP","floor":20},{"not_picked":["Quick Slash","Dagger Throw","Flying Knee"],"picked":"SKIP","floor":21},{"not_picked":["Poisoned Stab","Dagger Spray"],"picked":"Underhanded Strike","floor":23},{"not_picked":["Dash","Dagger Throw","Underhanded Strike"],"picked":"SKIP","floor":25}],"player_experience":1103382,"relics_obtained":[{"floor":9,"key":"Frozen Egg 2"},{"floor":10,"key":"Potion Belt"},{"floor":14,"key":"Anchor"},{"floor":23,"key":"Pen Nib"},{"floor":25,"key":"Vajra"},{"floor":26,"key":"Blue Candle"}],"event_choices":[{"damage_healed":0,"gold_gain":0,"player_choice":"Got Potions","damage_taken":0,"max_hp_gain":0,"max_hp_loss":0,"event_name":"Lab","floor":2,"gold_loss":0},{"damage_healed":0,"gold_gain":0,"player_choice":"Take Damage","damage_taken":17,"relics_obtained":["Golden Idol"],"max_hp_gain":0,"max_hp_loss":0,"event_name":"Golden Idol","floor":5,"gold_loss":0},{"cards_removed":["Tools of the Trade"],"damage_healed":17,"gold_gain":0,"player_choice":"Offered Rare","damage_taken":0,"max_hp_gain":10,"max_hp_loss":0,"event_name":"Bonfire Elementals","floor":7,"gold_loss":0},{"damage_healed":26,"gold_gain":0,"player_choice":"Heal","damage_taken":0,"max_hp_gain":0,"max_hp_loss":0,"event_name":"The Library","floor":22,"gold_loss":0}],"is_beta":false,"boss_relics":[{"not_picked":["Eternal Feather","Runic Pyramid"],"picked":"Philosopher\u0027s Stone"}],"items_purged_floors":[],"is_endless":false,"potions_floor_spawned":[10,12,16,18,20,25],"killed_by":"Gremlin Leader","ascension_level":1}