{"gold_per_floor":[12,12,25,25,43,43,70,70,96,96],"floor_reached":10,"playtime":269,"items_purged":[],"score":99,"play_id":"cba96e3b-b3ac-40b1-b21a-58f4aadac4e6","local_time":"20190211214539","is_ascension_mode":true,"campfire_choices":[{"data":"Storm","floor":6,"key":"SMITH"},{"data":"Zap","floor":8,"key":"SMITH"}],"neow_cost":"NO_GOLD","seed_source_timestamp":4996827801647,"circlet_count":0,"master_deck":["AscendersBane","Strike_B+1","Strike_B+1","Defend_B","Defend_B","Defend_B","Defend_B","Zap+1","Dualcast","Recycle+1","Rainbow","Storm+1","Turbo","White Noise"],"relics":["Cracked Core","Centennial Puzzle","Whetstone"],"potions_floor_usage":[7,10],"damage_taken":[{"damage":4,"enemies":"2 Louse","floor":1,"turns":3},{"damage":12,"enemies":"Small Slimes","floor":3,"turns":2},{"damage":0,"enemies":"Cultist","floor":5,"turns":4},{"damage":33,"enemies":"3 Sentries","floor":7,"turns":5},{"damage":26,"enemies":"Gremlin Nob","floor":10,"turns":3}],"seed_played":"-3467157907333991965","potions_obtained":[{"floor":1,"key":"SpeedPotion"},{"floor":3,"key":"AttackPotion"}],"is_trial":false,"path_per_floor":["M","?","M","?","M","R","E","R","T","E"],"character_chosen":"DEFECT","items_purchased":[],"campfire_rested":0,"item_purchase_floors":[],"current_hp_per_floor":[64,69,57,57,57,57,24,24,24,0],"gold":96,"neow_bonus":"TRANSFORM_TWO_CARDS","is_prod":false,"is_daily":false,"chose_seed":false,"campfire_upgraded":2,"win_rate":0,"timestamp":1549917939,"path_taken":["M","?","M","?","?","R","E","R","T","E"],"build_version":"2019-01-23","purchased_purges":0,"victory":false,"max_hp_per_floor":[75,80,80,80,80,80,80,80,80,80],"card_choices":[{"not_picked":["Compile Driver","Recycle"],"picked":"Storm","floor":1},{"not_picked":["Consume","Coolheaded"],"picked":"Turbo","floor":3},{"not_picked":["Barrage","Conserve Battery"],"picked":"White Noise","floor":5},{"not_picked":["Barrage","Leap","Skim"],"picked":"SKIP","floor":7}],"player_experience":1049948,"relics_obtained":[{"floor":7,"key":"Centennial Puzzle"},{"floor":9,"key":"Whetstone"}],"event_choices":[{"damage_healed":0,"gold_gain":0,"player_choice":"Donut","damage_taken":0,"max_hp_gain":5,"max_hp_loss":0,"event_name":"Big Fish","floor":2,"gold_loss":0},{"damage_healed":0,"gold_gain":0,"player_choice":"Upgraded","damage_taken":0,"max_hp_gain":0,"max_hp_loss":0,"event_name":"Upgrade Shrine","floor":4,"gold_loss":0,"cards_upgraded":["Recycle"]}],"is_beta":false,"boss_relics":[],"items_purged_floors":[],"is_endless":false,"potions_floor_spawned":[1,3],"killed_by":"Gremlin Nob","ascension_level":10}