{"gold_per_floor":[112,112,112,112,127,161,86,86,86,5,24,24,40,52,52,148,148,121,138,138,138],"floor_reached":21,"playtime":906,"items_purged":["Regret"],"score":224,"play_id":"ec926dd6-7332-49e8-a0a3-a5c66f229980","local_time":"20190203175528","is_ascension_mode":true,"campfire_choices":[{"data":"Force Field","floor":8,"key":"SMITH"},{"data":"Cold Snap","floor":12,"key":"SMITH"},{"floor":15,"key":"REST"}],"neow_cost":"NONE","seed_source_timestamp":2068341318990057,"circlet_count":0,"master_deck":["Strike_B","Strike_B","Strike_B","Strike_B","Defend_B","Defend_B","Defend_B+1","Defend_B","Zap+1","Dualcast+1","Force Field+1","Cold Snap+1","Storm","Buffer","Defragment","Sweeping Beam"],"relics":["Cracked Core","NeowsBlessing","Shuriken","Matryoshka","Singing Bowl","Juzu Bracelet"],"potions_floor_usage":[16,18,19,20,20],"damage_taken":[{"damage":0,"enemies":"Small Slimes","floor":1,"turns":1},{"damage":0,"enemies":"Jaw Worm","floor":5,"turns":1},{"damage":0,"enemies":"Lagavulin","floor":6,"turns":1},{"damage":7,"enemies":"2 Louse","floor":11,"turns":3},{"damage":7,"enemies":"Blue Slaver","floor":13,"turns":3},{"damage":5,"enemies":"Looter","floor":14,"turns":3},{"damage":21,"enemies":"Slime Boss","floor":16,"turns":11},{"damage":12,"enemies":"2 Thieves","floor":18,"turns":5},{"damage":25,"enemies":"Chosen","floor":19,"turns":5},{"damage":14,"enemies":"Colosseum Slavers","floor":20,"turns":4},{"damage":41,"enemies":"3 Cultists","floor":21,"turns":4}],"seed_played":"8915269081775629859","potions_obtained":[{"floor":1,"key":"Energy Potion"},{"floor":13,"key":"Energy Potion"},{"floor":14,"key":"GamblersBrew"},{"floor":16,"key":"Fire Potion"},{"floor":18,"key":"PowerPotion"}],"is_trial":false,"path_per_floor":["M","?","?","?","M","E","$","R","T","$","M","R","M","M","R","B",null,"M","M","?","M"],"character_chosen":"DEFECT","items_purchased":["Storm"],"campfire_rested":1,"item_purchase_floors":[10],"current_hp_per_floor":[75,75,75,60,60,60,60,60,60,60,55,55,48,43,66,47,79,67,44,30,0],"gold":138,"neow_bonus":"THREE_ENEMY_KILL","is_prod":false,"is_daily":false,"chose_seed":false,"campfire_upgraded":2,"win_rate":0,"timestamp":1549176928,"path_taken":["M","?","?","?","M","E","$","R","T","?","M","R","M","M","R","BOSS","M","M","?","M"],"build_version":"2019-01-23","purchased_purges":1,"victory":false,"max_hp_per_floor":[75,75,75,75,75,75,75,75,75,75,77,77,77,77,77,79,79,79,81,81,81],"card_choices":[{"not_picked":["Stack","Hologram"],"picked":"Force Field","floor":1},{"not_picked":["Coolheaded","Beam Cell","Compile Driver"],"picked":"SKIP","floor":5},{"not_picked":["Beam Cell","Stack"],"picked":"Cold Snap","floor":6},{"not_picked":["Cold Snap","Hologram","Rebound"],"picked":"Singing Bowl","floor":11},{"not_picked":["Stack","Double Energy"],"picked":"Buffer","floor":13},{"not_picked":["Blizzard","Cold Snap"],"picked":"Defragment","floor":14},{"not_picked":["All For One","Amplify","Meteor Strike"],"picked":"Singing Bowl","floor":16},{"not_picked":["Go for the Eyes","Darkness+1"],"picked":"Sweeping Beam","floor":18},{"not_picked":["Tempest","Cold Snap+1","Sweeping Beam"],"picked":"Singing Bowl","floor":19}],"player_experience":133458,"relics_obtained":[{"floor":6,"key":"Matryoshka"},{"floor":9,"key":"Singing Bowl"},{"floor":9,"key":"Juzu Bracelet"}],"event_choices":[{"damage_healed":0,"gold_gain":0,"player_choice":"Grow","damage_taken":0,"max_hp_gain":0,"max_hp_loss":0,"event_name":"Living Wall","floor":2,"gold_loss":0,"cards_upgraded":["Zap"]},{"damage_healed":0,"gold_gain":0,"player_choice":"Box","damage_taken":0,"relics_obtained":["Shuriken"],"max_hp_gain":0,"max_hp_loss":0,"event_name":"Big Fish","floor":3,"gold_loss":0,"cards_obtained":["Regret"]},{"damage_healed":0,"gold_gain":0,"player_choice":"Entered Light","damage_taken":15,"max_hp_gain":0,"max_hp_loss":0,"event_name":"Shining Light","floor":4,"gold_loss":0,"cards_upgraded":["Dualcast","Defend_B"]},{"damage_healed":0,"gold_gain":0,"player_choice":"Fight","damage_taken":0,"max_hp_gain":0,"max_hp_loss":0,"event_name":"Colosseum","floor":20,"gold_loss":0},{"damage_healed":0,"gold_gain":0,"player_choice":"Fled From Nobs","damage_taken":0,"max_hp_gain":0,"max_hp_loss":0,"event_name":"Colosseum","floor":20,"gold_loss":0}],"is_beta":false,"boss_relics":[{"not_picked":["Runic Dome","Philosopher\u0027s Stone","Ectoplasm"]}],"items_purged_floors":[7],"is_endless":false,"potions_floor_spawned":[1,13,14,16,18],"killed_by":"3 Cultists","ascension_level":2}