{"gold_per_floor":[115,115,125,137,156,185,185,217,242,269,280,280,280,280,280,382,382,392,54,4,4,14,14,48,48,125,153,173,208,208,123,123,227,227,246,146,246,259,304,338,338,354,354,354],"floor_reached":44,"playtime":3548,"items_purged":["Strike_B","Strike_B"],"score":696,"play_id":"247cb868-8c83-43ec-8256-b122694e1583","local_time":"20190131205158","is_ascension_mode":true,"campfire_choices":[{"floor":7.0,"key":"REST"},{"floor":12.0,"key":"REST"},{"data":"Sunder","floor":15.0,"key":"SMITH"},{"floor":23.0,"key":"REST"},{"floor":25.0,"key":"REST"},{"floor":30.0,"key":"REST"},{"data":"Zap","floor":32.0,"key":"SMITH"}],"neow_cost":"NONE","seed_source_timestamp":344010903667283,"circlet_count":0,"master_deck":["Strike_B","Defend_B","Defend_B","Defend_B","Defend_B","Zap+1","Dualcast","Glacier","Sweeping Beam","Sweeping Beam","Electrodynamics","Sunder+1","Defragment+1","Ball Lightning","Ball Lightning","Auto Shields","Conserve Battery","Darkness","Thunder Strike","Master of Strategy","Ball Lightning","Reboot","Defragment","Loop+1","Writhe"],"special_seed":0,"relics":["Cracked Core","NeowsBlessing","DataDisk","Juzu Bracelet","Vajra","Anchor","Orrery","Regal Pillow","Mercury Hourglass","Molten Egg 2","Boot","Pear","Sozu","Mango","Unceasing Top","Oddly Smooth Stone","Bottled Tornado"],"potions_floor_usage":[],"damage_taken":[{"damage":0.0,"enemies":"Jaw Worm","floor":1.0,"turns":1.0},{"damage":0.0,"enemies":"Cultist","floor":3.0,"turns":1.0},{"damage":0.0,"enemies":"Small Slimes","floor":4.0,"turns":1.0},{"damage":12.0,"enemies":"Gremlin Gang","floor":5.0,"turns":3.0},{"damage":29.0,"enemies":"Gremlin Nob","floor":6.0,"turns":4.0},{"damage":8.0,"enemies":"3 Sentries","floor":8.0,"turns":3.0},{"damage":25.0,"enemies":"Lagavulin","floor":10.0,"turns":4.0},{"damage":1.0,"enemies":"Blue Slaver","floor":11.0,"turns":3.0},{"damage":29.0,"enemies":"Hexaghost","floor":16.0,"turns":9.0},{"damage":18.0,"enemies":"2 Thieves","floor":18.0,"turns":3.0},{"damage":0.0,"enemies":"Spheric Guardian","floor":22.0,"turns":3.0},{"damage":29.0,"enemies":"Book of Stabbing","floor":24.0,"turns":4.0},{"damage":0.0,"enemies":"Gremlin Leader","floor":27.0,"turns":4.0},{"damage":0.0,"enemies":"Centurion and Healer","floor":28.0,"turns":5.0},{"damage":37.0,"enemies":"Book of Stabbing","floor":29.0,"turns":4.0},{"damage":45.0,"enemies":"Collector","floor":33.0,"turns":7.0},{"damage":1.0,"enemies":"Orb Walker","floor":35.0,"turns":2.0},{"damage":0.0,"enemies":"Mind Bloom Boss Battle","floor":37.0,"turns":6.0},{"damage":11.0,"enemies":"3 Shapes","floor":38.0,"turns":3.0},{"damage":43.0,"enemies":"2 Orb Walkers","floor":39.0,"turns":3.0},{"damage":45.0,"enemies":"Giant Head","floor":40.0,"turns":8.0},{"damage":2.0,"enemies":"Transient","floor":42.0,"turns":5.0},{"damage":51,"enemies":"Reptomancer","floor":44,"turns":2}],"seed_played":"1185703779124112103","potions_obtained":[{"floor":2.0,"key":"Poison Potion"},{"floor":2.0,"key":"FairyPotion"},{"floor":2.0,"key":"GamblersBrew"},{"floor":5.0,"key":"Poison Potion"},{"floor":6.0,"key":"Block Potion"},{"floor":10.0,"key":"Dexterity Potion"},{"floor":22.0,"key":"Explosive Potion"},{"floor":29.0,"key":"SpeedPotion"}],"is_trial":false,"path_per_floor":["M","?","M","M","M","E","R","E","T","E","M","R","?","?","R","B",null,"M","$","?","?","M","R","E","R","T","E","M","E","R","?","R","B",null,"M","$","?","M","?","E","?","M","T","E"],"character_chosen":"DEFECT","items_purchased":["Master of Strategy","FocusPotion"],"campfire_rested":5,"item_purchase_floors":[19,19],"current_hp_per_floor":[75,75,75,75,63,34,56,48,48,23,22,44,44,44,44,15,60,42,42,42,42,42,64,35,72,72,72,72,35,72,82,82,37,73,72,72,86,75,32,9,34,32,32,0],"gold":354,"neow_bonus":"THREE_ENEMY_KILL","is_prod":false,"is_daily":false,"chose_seed":false,"campfire_upgraded":2,"win_rate":0,"timestamp":1548985918,"path_taken":["M","?","M","?","M","E","R","E","T","E","M","R","?","?","R","BOSS","M","$","?","?","M","R","E","R","T","E","M","E","R","?","R","BOSS","M","$","?","M","?","E","?","M","T","E"],"build_version":"2019-01-23","purchased_purges":2,"victory":false,"max_hp_per_floor":[75,75,75,75,75,75,75,75,75,75,75,75,75,75,75,75,75,75,75,75,75,75,75,75,75,75,75,75,75,75,85,85,85,85,85,85,99,99,99,99,99,99,99,99],"card_choices":[{"not_picked":["Streamline","Heatsinks"],"picked":"Glacier","floor":1.0},{"not_picked":["Barrage","Cold Snap"],"picked":"Sweeping Beam","floor":3.0},{"not_picked":["Cold Snap","Redo"],"picked":"Sweeping Beam","floor":4.0},{"not_picked":["Stack","Sweeping Beam"],"picked":"Electrodynamics","floor":5.0},{"not_picked":["Darkness","Rebound"],"picked":"Sunder","floor":6.0},{"not_picked":["Cold Snap","Sweeping Beam"],"picked":"Defragment","floor":8.0},{"not_picked":["Auto Shields","Streamline","Lockon"],"picked":"SKIP","floor":10.0},{"not_picked":["Skim","Barrage","Coolheaded"],"picked":"SKIP","floor":11.0},{"not_picked":["Steam","Auto Shields"],"picked":"Ball Lightning","floor":17.0},{"not_picked":["Leap","Compile Driver"],"picked":"Ball Lightning","floor":17.0},{"not_picked":["Steam","Sunder"],"picked":"Auto Shields","floor":17.0},{"not_picked":["Heatsinks","Recycle"],"picked":"Conserve Battery","floor":17.0},{"not_picked":["Cold Snap","Auto Shields"],"picked":"Darkness","floor":17.0},{"not_picked":["Conserve Battery+1","Consume+1"],"picked":"Thunder Strike","floor":18.0},{"not_picked":["Turbo","Coolheaded","Stack"],"picked":"SKIP","floor":22.0},{"not_picked":["Core Surge","Redo","Storm"],"picked":"SKIP","floor":24.0},{"not_picked":["Cold Snap+1","Darkness","Barrage"],"picked":"SKIP","floor":27.0},{"not_picked":["Heatsinks","Gash+1","Hologram+1"],"picked":"SKIP","floor":28.0},{"not_picked":["Glacier","Redo","Conserve Battery"],"picked":"SKIP","floor":29.0},{"not_picked":["Amplify","Electrodynamics"],"picked":"Reboot","floor":33.0},{"not_picked":["Beam Cell+1","Cold Snap+1","Leap+1"],"picked":"SKIP","floor":35.0},{"not_picked":["Scrape+1","Cold Snap+1"],"picked":"Defragment","floor":37.0},{"not_picked":["Go for the Eyes+1","Sweeping Beam+1","Chill"],"picked":"SKIP","floor":38.0},{"not_picked":["Cold Snap+1","Heatsinks+1"],"picked":"Loop+1","floor":39.0},{"not_picked":["Fusion","Heatsinks","Chill+1"],"picked":"SKIP","floor":40.0},{"not_picked":["Double Energy","Steam Power","Rebound+1"],"picked":"SKIP","floor":42.0}],"player_experience":350441,"relics_obtained":[{"floor":6.0,"key":"DataDisk"},{"floor":8.0,"key":"Juzu Bracelet"},{"floor":9.0,"key":"Vajra"},{"floor":10.0,"key":"Anchor"},{"floor":24.0,"key":"Regal Pillow"},{"floor":26.0,"key":"Mercury Hourglass"},{"floor":27.0,"key":"Molten Egg 2"},{"floor":29.0,"key":"Boot"},{"floor":37.0,"key":"Mango"},{"floor":39.0,"key":"Unceasing Top"},{"floor":40.0,"key":"Oddly Smooth Stone"},{"floor":43.0,"key":"Bottled Tornado"}],"event_choices":[{"damage_healed":0.0,"max_hp_gain":0.0,"max_hp_loss":0.0,"gold_gain":0.0,"event_name":"Lab","player_choice":"Got Potions","floor":2.0,"gold_loss":0.0,"damage_taken":0.0},{"damage_healed":0.0,"max_hp_gain":0.0,"max_hp_loss":0.0,"gold_gain":0.0,"event_name":"Upgrade Shrine","player_choice":"Upgraded","floor":13.0,"gold_loss":0.0,"damage_taken":0.0,"cards_upgraded":["Defragment"]},{"cards_removed":["Strike_B"],"damage_healed":0.0,"max_hp_gain":0.0,"max_hp_loss":0.0,"gold_gain":0.0,"event_name":"Living Wall","player_choice":"Forget","floor":14.0,"gold_loss":0.0,"damage_taken":0.0},{"damage_healed":0.0,"max_hp_gain":0.0,"max_hp_loss":0.0,"gold_gain":0.0,"event_name":"The Joust","player_choice":"Bet on Murderer","floor":20.0,"gold_loss":50.0,"damage_taken":0.0},{"damage_healed":0.0,"max_hp_gain":0.0,"max_hp_loss":0.0,"gold_gain":0.0,"event_name":"The Library","player_choice":"Read","floor":21.0,"gold_loss":0.0,"damage_taken":0.0,"cards_obtained":["Ball Lightning"]},{"damage_healed":0.0,"max_hp_gain":0.0,"max_hp_loss":0.0,"gold_gain":0.0,"event_name":"Addict","player_choice":"Obtained Relic","floor":31.0,"gold_loss":85.0,"damage_taken":0.0,"relics_obtained":["Pear"]},{"damage_healed":0.0,"max_hp_gain":0.0,"max_hp_loss":0.0,"gold_gain":0.0,"event_name":"MindBloom","player_choice":"Fight","floor":37.0,"gold_loss":0.0,"damage_taken":0.0},{"damage_healed":0.0,"max_hp_gain":0.0,"max_hp_loss":0.0,"gold_gain":0.0,"event_name":"Mysterious Sphere","player_choice":"Fight","floor":39.0,"gold_loss":0.0,"damage_taken":0.0},{"damage_healed":25.0,"max_hp_gain":0.0,"max_hp_loss":0.0,"gold_gain":0.0,"event_name":"Winding Halls","player_choice":"Writhe","floor":41.0,"gold_loss":0.0,"damage_taken":0.0,"cards_obtained":["Writhe"]}],"is_beta":false,"boss_relics":[{"not_picked":["Cursed Key","Runic Pyramid"],"picked":"Orrery"},{"not_picked":["Tiny House","Calling Bell"],"picked":"Sozu"}],"items_purged_floors":[19,36],"is_endless":false,"potions_floor_spawned":[3,5,6,10,22,29,35,38,42],"killed_by":"Reptomancer","ascension_level":5}