{"gold_per_floor":[118,118,131,142,159,159,159,159,159,169,169,19,36,2,2,97,97,108,0,0,14,28,28,41,41,41,41,41],"floor_reached":28,"playtime":2224,"items_purged":[],"score":212,"play_id":"ae360494-7910-4c1f-8b33-8d05682dd99a","local_time":"20180716120037","is_ascension_mode":false,"campfire_choices":[{"floor":6.0,"key":"REST"},{"data":"Tools of the Trade","floor":8.0,"key":"SMITH"},{"floor":15,"key":"REST"},{"floor":25,"key":"REST"}],"neow_cost":"NONE","seed_source_timestamp":0,"circlet_count":0,"master_deck":["Defend_G","Defend_G","Defend_G","Defend_G","Strike_G","Strike_G","Strike_G","Survivor","Neutralize","Tools of the Trade+1","Deadly Poison","Backflip","Catalyst+1","PiercingWail","Dramatic Entrance","Slice","Flying Knee","Noxious Fumes","Die Die Die","Underhanded Strike+1","Backflip","Poisoned Stab+1","Sucker Punch+1"],"special_seed":0,"relics":["Ring of the Snake","Ornamental Fan","Happy Flower","Empty Cage","Bottled Tornado"],"potions_floor_usage":[16,16,27],"damage_taken":[{"damage":10.0,"enemies":"Cultist","floor":1.0,"turns":7.0},{"damage":2.0,"enemies":"Small Slimes","floor":3.0,"turns":4.0},{"damage":0.0,"enemies":"Jaw Worm","floor":4.0,"turns":4.0},{"damage":20.0,"enemies":"Gremlin Gang","floor":5.0,"turns":8.0},{"damage":0.0,"enemies":"3 Louse","floor":10.0,"turns":2.0},{"damage":0,"enemies":"Looter","floor":13,"turns":3},{"damage":18,"enemies":"The Guardian","floor":16,"turns":8},{"damage":13,"enemies":"3 Byrds","floor":18,"turns":6},{"damage":24,"enemies":"Shell Parasite","floor":21,"turns":7},{"damage":17,"enemies":"Cultist and Chosen","floor":22,"turns":5},{"damage":14,"enemies":"Snake Plant","floor":24,"turns":4},{"damage":0,"enemies":"Centurion and Healer","floor":27,"turns":1},{"damage":23,"enemies":"3 Cultists","floor":28,"turns":4}],"seed_played":"-2533740708412229629","potions_obtained":[{"floor":4.0,"key":"SmokeBomb"},{"floor":5.0,"key":"Poison Potion"},{"floor":10.0,"key":"EssenceOfSteel"},{"floor":22,"key":"Strength Potion"}],"is_trial":false,"path_per_floor":["M","?","M","M","M","R","?","R","T","M","?","$","M","$","R","B",null,"M","?","$","M","M","?","M","R","T","M"],"character_chosen":"THE_SILENT","items_purchased":["Happy Flower","Noxious Fumes"],"campfire_rested":3,"item_purchase_floors":[12,14],"current_hp_per_floor":[60,60,58,58,38,59,59,59,59,59,52,52,52,52,70,52,70,57,57,57,33,16,16,2,23,23,23,0],"gold":41,"neow_bonus":"ONE_RANDOM_RARE_CARD","is_prod":false,"is_daily":false,"chose_seed":false,"campfire_upgraded":1,"win_rate":0,"timestamp":1531756837,"path_taken":["M","?","?","M","M","R","?","R","T","?","?","?","M","$","R","BOSS","M","?","$","M","M","?","?","R","T","M","M"],"build_version":"2018-07-12","purchased_purges":0,"victory":false,"max_hp_per_floor":[70,70,70,70,70,70,70,70,70,70,70,70,70,70,70,70,70,70,70,70,70,70,70,70,70,70,70,70],"card_choices":[{"not_picked":["Calculated Gamble","Acrobatics"],"picked":"Deadly Poison","floor":1.0},{"not_picked":["Predator","Deflect"],"picked":"Backflip","floor":3.0},{"not_picked":["Deflect","Bane"],"picked":"Catalyst","floor":4.0},{"not_picked":["Underhanded Strike","Dagger Throw"],"picked":"PiercingWail","floor":5.0},{"not_picked":["Choke","Reflex"],"picked":"Slice","floor":10.0},{"not_picked":["Crippling Poison","Skewer"],"picked":"Flying Knee","floor":13},{"not_picked":["After Image","Doppelganger"],"picked":"Die Die Die","floor":16},{"not_picked":["Eviscerate","Heel Hook"],"picked":"Underhanded Strike+1","floor":18},{"not_picked":["Caltrops","Slice"],"picked":"Backflip","floor":21},{"not_picked":["Well Laid Plans","Dodge and Roll"],"picked":"Poisoned Stab+1","floor":22},{"not_picked":["Dagger Spray","Malaise"],"picked":"Sucker Punch+1","floor":24}],"player_experience":35693,"relics_obtained":[{"floor":9.0,"key":"Ornamental Fan"},{"floor":26,"key":"Bottled Tornado"}],"event_choices":[{"event_name":"Liars Game","player_choice":"disagreed","floor":2.0,"damage_taken":0.0},{"event_name":"Match and Keep!","player_choice":"1 cards matched","floor":7.0,"damage_taken":0.0},{"event_name":"Golden Wing","player_choice":"Card Removal","floor":11.0,"damage_taken":0.0},{"event_name":"Masked Bandits","player_choice":"Paid Bandits 108 gold","floor":19,"damage_taken":0},{"event_name":"Accursed Blacksmith","player_choice":"Forge","floor":23,"damage_taken":0}],"boss_relics":[{"not_picked":["White Beast Statue","Tiny House"],"picked":"Empty Cage"}],"items_purged_floors":[],"is_endless":false,"potions_floor_spawned":[4,5,10,22,27],"killed_by":"3 Cultists","ascension_level":0}