{"gold_per_floor":[117,130,205,221,186,186,198,227,227,257,21,39,39,51,51,151,151,170,170,181,381,398,398,414,441,441,441],"floor_reached":27,"playtime":863,"items_purged":[],"score":368,"play_id":"8255800a-cd12-47dc-9413-4c90b8f37557","local_time":"20190206134944","is_ascension_mode":true,"campfire_choices":[{"data":"Zap","floor":6.0,"key":"SMITH"},{"data":"1","floor":13.0,"key":"LIFT"},{"data":"2","floor":15.0,"key":"LIFT"},{"data":"Fission","floor":23.0,"key":"SMITH"}],"neow_cost":"TEN_PERCENT_HP_LOSS","seed_source_timestamp":0,"circlet_count":0,"master_deck":["AscendersBane","Strike_B","Strike_B","Strike_B","Strike_B","Defend_B","Defend_B","Defend_B","Defend_B","Zap+1","Dualcast","Fusion","Rebound","Sweeping Beam","Buffer","Cold Snap","Sunder","Self Repair","Melter","Ball Lightning","Fission+1","Go for the Eyes","FTL","Sunder+1","Seek","Redo+1"],"special_seed":0,"relics":["Cracked Core","Girya","Omamori","Bag of Preparation","Shuriken","White Beast Statue","Happy Flower","Cables"],"potions_floor_usage":[25,25,27],"damage_taken":[{"damage":1.0,"enemies":"2 Louse","floor":1.0,"turns":3.0},{"damage":0.0,"enemies":"Cultist","floor":2.0,"turns":3.0},{"damage":7.0,"enemies":"Jaw Worm","floor":4.0,"turns":3.0},{"damage":4.0,"enemies":"3 Louse","floor":7.0,"turns":3.0},{"damage":37.0,"enemies":"Gremlin Nob","floor":8.0,"turns":5.0},{"damage":13.0,"enemies":"Lagavulin","floor":10.0,"turns":5.0},{"damage":3.0,"enemies":"Lots of Slimes","floor":12.0,"turns":3.0},{"damage":0.0,"enemies":"Exordium Wildlife","floor":14.0,"turns":3.0},{"damage":19.0,"enemies":"The Guardian","floor":16.0,"turns":11.0},{"damage":16.0,"enemies":"Chosen","floor":18.0,"turns":6.0},{"damage":0.0,"enemies":"Spheric Guardian","floor":20.0,"turns":3.0},{"damage":2.0,"enemies":"3 Cultists","floor":22.0,"turns":4.0},{"damage":25.0,"enemies":"Snake Plant","floor":24.0,"turns":3.0},{"damage":36,"enemies":"Book of Stabbing","floor":25,"turns":4},{"damage":3,"enemies":"Cultist and Chosen","floor":27,"turns":1}],"seed_played":"-4320724404880726147","potions_obtained":[{"floor":2.0,"key":"SkillPotion"},{"floor":8.0,"key":"FearPotion"},{"floor":12.0,"key":"GamblersBrew"},{"floor":16.0,"key":"FocusPotion"},{"floor":18.0,"key":"Weak Potion"},{"floor":20.0,"key":"PowerPotion"},{"floor":22.0,"key":"FearPotion"},{"floor":24.0,"key":"Regen Potion"},{"floor":25,"key":"Swift Potion"}],"is_trial":false,"path_per_floor":["M","M","?","M","?","R","M","E","T","E","$","M","R","M","R","B",null,"M","?","M","?","M","R","M","E","T","M"],"character_chosen":"DEFECT","items_purchased":["Sunder","Self Repair","Melter","Fire Potion"],"campfire_rested":0,"item_purchase_floors":[11,11,11,11],"current_hp_per_floor":[67,67,61,54,68,68,64,27,27,14,14,18,18,25,25,13,54,45,33,40,40,45,45,27,3,3,0],"gold":441,"neow_bonus":"ONE_RARE_RELIC","is_prod":false,"is_daily":false,"chose_seed":false,"campfire_upgraded":2,"win_rate":0,"timestamp":1549457384,"path_taken":["M","M","?","?","?","R","M","E","T","E","$","M","R","M","R","BOSS","M","?","M","?","?","R","M","E","T","M"],"build_version":"2019-01-23","purchased_purges":0,"victory":false,"max_hp_per_floor":[68,68,68,68,68,68,68,68,68,68,68,68,68,68,68,68,68,68,73,73,73,73,73,73,73,73,73],"card_choices":[{"not_picked":["Leap","Rebound"],"picked":"Fusion","floor":1.0},{"not_picked":["Steam","Heatsinks"],"picked":"Rebound","floor":2.0},{"not_picked":["Coolheaded","Hello World"],"picked":"Sweeping Beam","floor":4.0},{"not_picked":["Hologram","Cold Snap"],"picked":"Buffer","floor":7.0},{"not_picked":["Gash","Hologram"],"picked":"Cold Snap","floor":8.0},{"not_picked":["Fusion","Sweeping Beam","Cold Snap"],"picked":"SKIP","floor":10.0},{"not_picked":["Lockon","Cold Snap","Hello World"],"picked":"SKIP","floor":12.0},{"not_picked":["Rebound","Coolheaded"],"picked":"Ball Lightning","floor":14.0},{"not_picked":["Creative AI","Reboot"],"picked":"Fission","floor":16.0},{"not_picked":["Gash","Fusion"],"picked":"Go for the Eyes","floor":18.0},{"not_picked":["Fusion","Heatsinks"],"picked":"FTL","floor":20.0},{"not_picked":["Redo","Steam"],"picked":"Sunder+1","floor":22.0},{"not_picked":["Hologram","Force Field"],"picked":"Seek","floor":24.0},{"not_picked":["Scrape","Stack"],"picked":"Redo+1","floor":25}],"player_experience":994561,"relics_obtained":[{"floor":8.0,"key":"Omamori"},{"floor":9.0,"key":"Bag of Preparation"},{"floor":10.0,"key":"Shuriken"},{"floor":25,"key":"Happy Flower"},{"floor":26,"key":"Cables"}],"event_choices":[{"damage_healed":0.0,"max_hp_gain":0.0,"max_hp_loss":0.0,"gold_gain":75.0,"event_name":"FaceTrader","player_choice":"Touch","floor":3.0,"gold_loss":0.0,"damage_taken":6.0},{"damage_healed":17.0,"max_hp_gain":0.0,"max_hp_loss":0.0,"gold_gain":0.0,"event_name":"The Cleric","player_choice":"Healed","floor":5.0,"gold_loss":35.0,"damage_taken":0.0},{"damage_healed":0.0,"max_hp_gain":5.0,"max_hp_loss":0.0,"gold_gain":0.0,"event_name":"Forgotten Altar","player_choice":"Shed Blood","floor":19.0,"gold_loss":0.0,"damage_taken":17.0},{"damage_healed":0.0,"max_hp_gain":0.0,"max_hp_loss":0.0,"gold_gain":250.0,"event_name":"The Joust","player_choice":"Bet on Owner","floor":21.0,"gold_loss":50.0,"damage_taken":0.0}],"is_beta":false,"boss_relics":[{"not_picked":["Philosopher\u0027s Stone","FrozenCore"],"picked":"White Beast Statue"}],"items_purged_floors":[],"is_endless":false,"potions_floor_spawned":[2,8,12,16,18,20,22,24,25],"killed_by":"Cultist and Chosen","ascension_level":10}