{"gold_per_floor":[115,130,160,160,160,160,176,176,176,205,279,279,299,314,314,391,391,403,415,465,480,490,490,525,525,525,525,544,544,556,471,471,547,547,564,564,584,603,618,618,635,635,660,660,0,15,31,46,46,46],"floor_reached":51,"playtime":4727,"items_purged":["Strike_R"],"score":1523,"play_id":"43236cd4-8109-4e82-8cc2-00ea49c620e6","local_time":"20190317021341","is_ascension_mode":true,"campfire_choices":[{"data":"Shrug It Off","floor":6.0,"key":"SMITH"},{"data":"Bash","floor":8.0,"key":"SMITH"},{"data":"Entrench","floor":15.0,"key":"SMITH"},{"data":"Shrug It Off","floor":23.0,"key":"SMITH"},{"data":"Burning Pact","floor":25.0,"key":"SMITH"},{"data":"Intimidate","floor":27.0,"key":"SMITH"},{"data":"Battle Trance","floor":32.0,"key":"SMITH"},{"data":"Warcry","floor":40.0,"key":"SMITH"},{"data":"Disarm","floor":42.0,"key":"SMITH"},{"data":"Defend_R","floor":44.0,"key":"SMITH"},{"data":"Apotheosis","floor":49.0,"key":"SMITH"}],"neow_cost":"NONE","seed_source_timestamp":0,"circlet_count":0,"master_deck":["AscendersBane","Strike_R","Strike_R","Defend_R","Defend_R","Defend_R+1","Defend_R","Bash+1","Pummel","Shrug It Off+1","Battle Trance+1","Entrench+1","Spot Weakness","Juggernaut+1","Burning Pact+1","Intimidate+1","Feel No Pain+1","Shrug It Off+1","Feel No Pain+1","Metallicize+1","Pommel Strike+1","Impervious+1","Warcry+1","Metallicize+1","Disarm+1","Apotheosis+1","Battle Trance","Dark Embrace+1"],"special_seed":0,"relics":["Coffee Dripper","Tiny Chest","Ornamental Fan","Frozen Egg 2","Ice Cream","Velvet Choker","Charon\u0027s Ashes","Molten Egg 2","Matryoshka","Empty Cage","Self Forming Clay","PreservedInsect","Anchor"],"potions_floor_usage":[50],"damage_taken":[{"damage":6.0,"enemies":"Cultist","floor":1.0,"turns":3.0},{"damage":2.0,"enemies":"Small Slimes","floor":2.0,"turns":2.0},{"damage":3.0,"enemies":"Jaw Worm","floor":7.0,"turns":3.0},{"damage":11.0,"enemies":"3 Sentries","floor":10.0,"turns":10.0},{"damage":0.0,"enemies":"2 Fungi Beasts","floor":13.0,"turns":3.0},{"damage":9.0,"enemies":"Blue Slaver","floor":14.0,"turns":3.0},{"damage":14.0,"enemies":"Hexaghost","floor":16.0,"turns":8.0},{"damage":21.0,"enemies":"Chosen","floor":18.0,"turns":5.0},{"damage":3.0,"enemies":"2 Thieves","floor":19.0,"turns":5.0},{"damage":8.0,"enemies":"Chosen and Byrds","floor":21.0,"turns":5.0},{"damage":2.0,"enemies":"Shelled Parasite and Fungi","floor":22.0,"turns":6.0},{"damage":23.0,"enemies":"Gremlin Leader","floor":24.0,"turns":8.0},{"damage":11.0,"enemies":"Snake Plant","floor":28.0,"turns":3.0},{"damage":0.0,"enemies":"3 Cultists","floor":30.0,"turns":5.0},{"damage":8.0,"enemies":"Collector","floor":33.0,"turns":11.0},{"damage":0.0,"enemies":"3 Shapes","floor":35.0,"turns":3.0},{"damage":27.0,"enemies":"3 Darklings","floor":37.0,"turns":4.0},{"damage":0.0,"enemies":"Spire Growth","floor":38.0,"turns":5.0},{"damage":5.0,"enemies":"Transient","floor":39.0,"turns":6.0},{"damage":0.0,"enemies":"Writhing Mass","floor":41.0,"turns":7.0},{"damage":0.0,"enemies":"3 Darklings","floor":46.0,"turns":5.0},{"damage":0.0,"enemies":"Transient","floor":47.0,"turns":6.0},{"damage":0.0,"enemies":"Sphere and 2 Shapes","floor":48.0,"turns":4.0},{"damage":14,"enemies":"Time Eater","floor":50,"turns":12}],"seed_played":"-4052818053460622033","potions_obtained":[{"floor":1.0,"key":"FearPotion"},{"floor":10.0,"key":"Fruit Juice"},{"floor":14.0,"key":"FearPotion"},{"floor":21.0,"key":"Dexterity Potion"},{"floor":24.0,"key":"BloodPotion"},{"floor":28.0,"key":"Weak Potion"},{"floor":33.0,"key":"Poison Potion"},{"floor":37.0,"key":"Ancient Potion"},{"floor":41.0,"key":"Energy Potion"},{"floor":46.0,"key":"BloodPotion"},{"floor":47.0,"key":"EssenceOfSteel"}],"is_trial":false,"path_per_floor":["M","M","?","?","T","R","M","R","T","E","?","?","M","M","R","B",null,"M","M","?","M","M","R","E","R","T","R","M","?","M","?","R","B",null,"M","?","M","M","M","R","M","R","T","R","$","M","M","M","R","B",null],"character_chosen":"IRONCLAD","items_purchased":["Apotheosis","Anchor","Regen Potion","Battle Trance","SkillPotion"],"campfire_rested":0,"item_purchase_floors":[45,45,45,45,45],"current_hp_per_floor":[62,60,55,60,60,60,57,57,57,46,46,46,51,42,42,28,71,50,47,47,39,37,37,14,14,14,14,11,11,11,11,11,3,65,65,65,38,38,33,33,33,33,33,33,33,33,56,56,56,42],"gold":46,"neow_bonus":"BOSS_RELIC","is_prod":false,"is_daily":false,"chose_seed":false,"campfire_upgraded":11,"win_rate":0,"timestamp":1552803221,"path_taken":["M","M","?","?","?","R","M","R","T","E","?","?","?","M","R","BOSS","M","M","?","M","M","R","E","R","T","R","?","?","M","?","R","BOSS","M","?","M","M","?","R","M","R","T","R","$","M","M","M","R","BOSS"],"build_version":"2019-01-23","purchased_purges":1,"victory":true,"max_hp_per_floor":[75,75,75,80,80,80,80,80,80,80,80,80,85,85,85,85,85,85,85,85,85,85,85,85,85,85,85,85,85,85,85,85,85,85,85,85,85,85,85,85,85,85,85,85,85,85,85,85,85,85],"card_choices":[{"not_picked":["Iron Wave","Clash"],"picked":"Pummel","floor":1.0},{"not_picked":["Twin Strike","Wild Strike"],"picked":"Shrug It Off","floor":2.0},{"not_picked":["Havoc","Anger"],"picked":"Battle Trance","floor":7.0},{"not_picked":["Cleave","Searing Blow","Flex"],"picked":"SKIP","floor":10.0},{"not_picked":["Heavy Blade","Armaments"],"picked":"Entrench","floor":13.0},{"not_picked":["Corruption+1","Entrench"],"picked":"Spot Weakness","floor":14.0},{"not_picked":["Exhume","Fiend Fire"],"picked":"Juggernaut+1","floor":16.0},{"not_picked":["Pommel Strike","Body Slam"],"picked":"Burning Pact","floor":18.0},{"not_picked":["Uppercut","Searing Blow"],"picked":"Intimidate","floor":19.0},{"not_picked":["Sword Boomerang","Rampage+1"],"picked":"Feel No Pain+1","floor":21.0},{"not_picked":["Armaments","Perfected Strike"],"picked":"Shrug It Off","floor":22.0},{"not_picked":["Cleave","Iron Wave"],"picked":"Feel No Pain+1","floor":24.0},{"not_picked":["Sever Soul+1","Intimidate"],"picked":"Metallicize+1","floor":28.0},{"not_picked":["Twin Strike+1","Flame Barrier+1"],"picked":"Pommel Strike+1","floor":30.0},{"not_picked":["Fiend Fire+1","Dark Embrace+1"],"picked":"Impervious","floor":33.0},{"not_picked":["Clash+1","Sever Soul+1","Dropkick+1"],"picked":"SKIP","floor":35.0},{"not_picked":["Bloodletting","Armaments+1"],"picked":"Warcry","floor":37.0},{"not_picked":["Cleave+1","Spot Weakness"],"picked":"Metallicize+1","floor":38.0},{"not_picked":["Second Wind+1","Entrench","Reckless Charge+1"],"picked":"SKIP","floor":39.0},{"not_picked":["Heavy Blade+1","Bloodletting"],"picked":"Disarm","floor":41.0},{"not_picked":["Headbutt+1","Intimidate+1"],"picked":"Dark Embrace+1","floor":46.0},{"not_picked":["Havoc","Cleave+1","Headbutt+1"],"picked":"SKIP","floor":47.0},{"not_picked":["Fire Breathing+1","Havoc","Carnage+1"],"picked":"SKIP","floor":48.0}],"player_experience":374947,"relics_obtained":[{"floor":5.0,"key":"Ornamental Fan"},{"floor":9.0,"key":"Frozen Egg 2"},{"floor":10.0,"key":"Ice Cream"},{"floor":24.0,"key":"Charon\u0027s Ashes"},{"floor":26.0,"key":"Molten Egg 2"},{"floor":43.0,"key":"Self Forming Clay"},{"floor":43.0,"key":"PreservedInsect"}],"event_choices":[{"damage_healed":0.0,"max_hp_gain":0.0,"max_hp_loss":0.0,"gold_gain":0.0,"event_name":"Scrap Ooze","player_choice":"Success","floor":3.0,"gold_loss":0.0,"damage_taken":5.0,"relics_obtained":["Tiny Chest"]},{"damage_healed":0.0,"max_hp_gain":5.0,"max_hp_loss":0.0,"gold_gain":0.0,"event_name":"Big Fish","player_choice":"Donut","floor":4.0,"gold_loss":0.0,"damage_taken":0.0},{"damage_healed":0.0,"max_hp_gain":0.0,"max_hp_loss":0.0,"gold_gain":74.0,"event_name":"Golden Wing","player_choice":"Gained Gold","floor":11.0,"gold_loss":0.0,"damage_taken":0.0},{"damage_healed":0.0,"max_hp_gain":0.0,"max_hp_loss":0.0,"gold_gain":0.0,"event_name":"Shining Light","player_choice":"Ignored","floor":12.0,"gold_loss":0.0,"damage_taken":0.0},{"damage_healed":0.0,"max_hp_gain":0.0,"max_hp_loss":0.0,"gold_gain":100.0,"event_name":"The Joust","player_choice":"Bet on Murderer","floor":20.0,"gold_loss":50.0,"damage_taken":0.0},{"damage_healed":0.0,"max_hp_gain":0.0,"max_hp_loss":0.0,"gold_gain":0.0,"event_name":"Cursed Tome","player_choice":"Ignored","floor":29.0,"gold_loss":0.0,"damage_taken":0.0},{"damage_healed":0.0,"max_hp_gain":0.0,"max_hp_loss":0.0,"gold_gain":0.0,"event_name":"Addict","player_choice":"Obtained Relic","floor":31.0,"gold_loss":85.0,"damage_taken":0.0,"relics_obtained":["Matryoshka"]},{"damage_healed":0.0,"max_hp_gain":0.0,"max_hp_loss":0.0,"gold_gain":0.0,"event_name":"Accursed Blacksmith","player_choice":"Forge","floor":36.0,"gold_loss":0.0,"damage_taken":0.0,"cards_upgraded":["Impervious"]}],"is_beta":false,"boss_relics":[{"not_picked":["Ectoplasm","Lizard Tail"],"picked":"Velvet Choker"},{"not_picked":["White Beast Statue","Runic Cube"],"picked":"Empty Cage"}],"items_purged_floors":[45],"is_endless":false,"potions_floor_spawned":[1,10,14,21,24,28,33,37,41,46,47],"ascension_level":17}