{"gold_per_floor":[114,189,189,204,219,219,249,264,264,190,190,205,205,220,220,320,320,335,350,365,365,365,365,365,365,365,43,58,73,103,118,118,218,218,233,33,33,108,123,153,153,153,153,168,183,51,66,81,81,81],"floor_reached":50,"playtime":5018,"items_purged":[],"score":521,"play_id":"f394d50f-bab6-4cad-8b2f-3fc77b09234c","local_time":"20180730015734","daily_mods":["Diverse","Lethality","Terminal"],"is_ascension_mode":false,"campfire_choices":[{"data":"Cloak And Dagger","floor":6.0,"key":"SMITH"},{"data":"Prepared","floor":11.0,"key":"SMITH"},{"data":"Cloak And Dagger","floor":13.0,"key":"SMITH"},{"data":"Flex","floor":15.0,"key":"SMITH"},{"data":"Echo Form","floor":23.0,"key":"SMITH"},{"floor":32.0,"key":"REST"},{"data":"Accuracy","floor":41.0,"key":"SMITH"},{"floor":49.0,"key":"REST"}],"neow_cost":"","seed_source_timestamp":0,"circlet_count":0,"master_deck":["Strike_R+1","Strike_R+1","Strike_R+1","Strike_R+1","Strike_R+1","Defend_R+1","Defend_R+1","Defend_R+1","Defend_R+1","Bash","Cloak And Dagger+1","Flex+1","Prepared+1","Cloak And Dagger+1","Echo Form+1","Cloak And Dagger+1","Heavy Blade","Cold Snap","Cloak And Dagger+1","Panacea+1","Accuracy+1","Master of Strategy","Demon Form+1","Finesse"],"special_seed":17742,"relics":["Burning Blood","Singing Bowl","Self Forming Clay","Letter Opener","Orrery","The Courier","War Paint","Happy Flower","Omamori","Philosopher\u0027s Stone","Frozen Eye","Mercury Hourglass","Frozen Egg 2"],"potions_floor_usage":[50,50,50],"damage_taken":[{"damage":0.0,"enemies":"Cultist","floor":1.0,"turns":2.0},{"damage":4.0,"enemies":"Jaw Worm","floor":4.0,"turns":2.0},{"damage":0.0,"enemies":"2 Louse","floor":5.0,"turns":2.0},{"damage":27.0,"enemies":"Lagavulin","floor":7.0,"turns":5.0},{"damage":0.0,"enemies":"Blue Slaver","floor":8.0,"turns":2.0},{"damage":0.0,"enemies":"2 Fungi Beasts","floor":12.0,"turns":2.0},{"damage":1.0,"enemies":"3 Louse","floor":14.0,"turns":2.0},{"damage":39.0,"enemies":"The Guardian","floor":16.0,"turns":9.0},{"damage":32.0,"enemies":"3 Byrds","floor":18.0,"turns":5.0},{"damage":21.0,"enemies":"2 Thieves","floor":19.0,"turns":3.0},{"damage":11.0,"enemies":"Cultist and Chosen","floor":20.0,"turns":5.0},{"damage":20.0,"enemies":"Snake Plant","floor":28.0,"turns":3.0},{"damage":0.0,"enemies":"Chosen and Byrds","floor":29.0,"turns":4.0},{"damage":29.0,"enemies":"Gremlin Leader","floor":30.0,"turns":3.0},{"damage":1.0,"enemies":"Cultist and Chosen","floor":31.0,"turns":4.0},{"damage":31.0,"enemies":"Automaton","floor":33.0,"turns":8.0},{"damage":6.0,"enemies":"3 Darklings","floor":35.0,"turns":6.0},{"damage":8.0,"enemies":"Orb Walker","floor":39.0,"turns":3.0},{"damage":30.0,"enemies":"Nemesis","floor":40.0,"turns":5.0},{"damage":21.0,"enemies":"3 Darklings","floor":44.0,"turns":4.0},{"damage":1.0,"enemies":"Maw","floor":45.0,"turns":5.0},{"damage":28.0,"enemies":"Spire Growth","floor":47.0,"turns":4.0},{"damage":14.0,"enemies":"3 Darklings","floor":48.0,"turns":4.0},{"damage":33,"enemies":"Time Eater","floor":50,"turns":3}],"seed_played":"3676121671515635212","potions_obtained":[{"floor":4.0,"key":"Ancient Potion"},{"floor":8.0,"key":"Ancient Potion"},{"floor":16.0,"key":"SteroidPotion"},{"floor":18.0,"key":"LiquidBronze"},{"floor":19.0,"key":"Energy Potion"},{"floor":30.0,"key":"SpeedPotion"},{"floor":33.0,"key":"SpeedPotion"},{"floor":39.0,"key":"LiquidBronze"},{"floor":48.0,"key":"EssenceOfSteel"}],"is_trial":false,"path_per_floor":["M","?","?","M","M","R","E","M","T","$","R","M","R","M","R","B",null,"M","M","M","?","?","R","?","?","T","$","M","M","E","M","R","B",null,"M","$","?","?","M","E","R","$","T","M","M","$","M","M","R"],"character_chosen":"IRONCLAD","items_purchased":["Flex","Prepared","Panacea","War Paint","Happy Flower","Frozen Eye","Block Potion","Demon Form+1","Finesse"],"campfire_rested":2,"item_purchase_floors":[10,10,27,27,27,36,36,46,46],"current_hp_per_floor":[78,67,64,68,76,76,57,65,65,65,65,71,71,75,74,41,78,54,39,36,36,36,36,36,36,36,36,22,30,9,16,38,15,73,74,73,72,65,65,43,43,43,43,30,37,37,17,11,32,0],"gold":81,"neow_bonus":"","is_prod":false,"is_daily":true,"chose_seed":false,"campfire_upgraded":6,"win_rate":0,"timestamp":1532930254,"path_taken":["M","?","?","M","M","R","E","M","T","?","R","M","R","M","R","BOSS","M","M","M","?","?","R","?","?","T","$","?","M","E","M","R","BOSS","M","$","?","?","M","E","R","$","T","M","?","?","M","?","R","BOSS"],"build_version":"2018-07-26","purchased_purges":0,"victory":false,"max_hp_per_floor":[78,77,76,77,78,77,78,79,78,77,76,75,74,75,74,73,78,79,78,79,78,77,76,75,74,73,72,71,72,73,74,73,74,73,74,73,72,71,72,73,72,71,70,71,72,71,72,73,72,72],"card_choices":[{"not_picked":["True Grit","Havoc"],"picked":"Cloak And Dagger","floor":1.0},{"not_picked":["Shrug It Off","Hologram","Body Slam"],"picked":"Singing Bowl","floor":4.0},{"not_picked":["Steam","Cold Snap","Combust"],"picked":"Singing Bowl","floor":5.0},{"not_picked":["Machine Learning","Tactician","Rebound"],"picked":"Singing Bowl","floor":7.0},{"not_picked":["Redo","Sucker Punch","Backflip"],"picked":"Singing Bowl","floor":8.0},{"not_picked":["Sweeping Beam","Rampage"],"picked":"Cloak And Dagger","floor":12.0},{"not_picked":["Coolheaded","Anger","Perfected Strike"],"picked":"Singing Bowl","floor":14.0},{"not_picked":["A Thousand Cuts","Bullet Time"],"picked":"Echo Form","floor":16.0},{"not_picked":["Caltrops","Sentinel","Warcry"],"picked":"Singing Bowl","floor":17.0},{"not_picked":["Beam Cell","Pummel"],"picked":"Cloak And Dagger","floor":17.0},{"not_picked":["Dropkick","Rebound"],"picked":"Heavy Blade","floor":17.0},{"not_picked":["Poisoned Stab","Metallicize","Sword Boomerang"],"picked":"Singing Bowl","floor":17.0},{"not_picked":["Twin Strike","Clash","Bouncing Flask"],"picked":"Singing Bowl","floor":17.0},{"not_picked":["Conserve Battery","Wild Strike","Clash+1"],"picked":"Singing Bowl","floor":18.0},{"not_picked":["Compile Driver","Dodge and Roll"],"picked":"Cold Snap","floor":19.0},{"not_picked":["Beam Cell","Venomology","Sweeping Beam"],"picked":"Singing Bowl","floor":20.0},{"not_picked":["Compile Driver","Anger"],"picked":"Accuracy","floor":28.0},{"not_picked":["Prepared","Backflip+1","BootSequence"],"picked":"Singing Bowl","floor":29.0},{"not_picked":["White Noise","Dash+1","Rip and Tear"],"picked":"Singing Bowl","floor":30.0},{"not_picked":["Combust","Malaise","Perfected Strike"],"picked":"Singing Bowl","floor":31.0},{"not_picked":["Echo Form","Core Surge","Night Terror"],"picked":"Singing Bowl","floor":33.0},{"not_picked":["Riddle With Holes+1","Rip and Tear","Quick Slash"],"picked":"Singing Bowl","floor":35.0},{"not_picked":["Deep Breath","Good Instincts"],"picked":"Master of Strategy","floor":37.0},{"not_picked":["Burning Pact","Rupture","Blizzard+1"],"picked":"Singing Bowl","floor":39.0},{"not_picked":["Dagger Spray","Coolheaded+1","True Grit+1"],"picked":"Singing Bowl","floor":40.0},{"not_picked":["Gash+1","Leap+1","Concentrate"],"picked":"Singing Bowl","floor":44.0},{"not_picked":["Stack","Self Repair+1","Dagger Throw"],"picked":"Singing Bowl","floor":45.0},{"not_picked":["Anger","Go for the Eyes","Barrage"],"picked":"Singing Bowl","floor":47.0},{"not_picked":["Scrape+1","Riddle With Holes","Concentrate"],"picked":"Singing Bowl","floor":48.0}],"player_experience":197323,"relics_obtained":[{"floor":7.0,"key":"Self Forming Clay"},{"floor":9.0,"key":"Letter Opener"},{"floor":26.0,"key":"The Courier"},{"floor":30.0,"key":"Omamori"},{"floor":40.0,"key":"Mercury Hourglass"},{"floor":43.0,"key":"Frozen Egg 2"}],"event_choices":[{"event_name":"World of Goop","player_choice":"Gather Gold","floor":2.0,"damage_taken":0.0},{"event_name":"Scrap Ooze","player_choice":"success","floor":3.0,"damage_taken":3.0},{"event_name":"Vampires","player_choice":"Ignored","floor":21.0,"damage_taken":0.0},{"event_name":"Duplicator","player_choice":"One dupe","floor":22.0,"damage_taken":0.0},{"event_name":"Beggar","player_choice":"Ignored","floor":24.0,"damage_taken":0.0},{"event_name":"Back to Basics","player_choice":"Simplicity","floor":25.0,"damage_taken":0.0},{"event_name":"SensoryStone","player_choice":"Memory 1","floor":37.0,"damage_taken":0.0},{"event_name":"FaceTrader","player_choice":"Touch","floor":38.0,"damage_taken":0.0}],"is_beta":false,"boss_relics":[{"not_picked":["Runic Cube","Velvet Choker"],"picked":"Orrery"},{"not_picked":["Eternal Feather","White Beast Statue"],"picked":"Philosopher\u0027s Stone"}],"items_purged_floors":[],"is_endless":false,"potions_floor_spawned":[4,8,16,18,19,29,30,33,39,47,48],"killed_by":"Time Eater","ascension_level":0}