{"gold_per_floor":[112,126,201,212,212,212,226,226,251,351,368,318,98,117,117,213,213,233,249,259,159,159,159,173,193,193,208,208,243,243,257,257,357,357,367,242,242],"floor_reached":37,"playtime":2432,"items_purged":["Strike_R","Strike_R","Strike_R"],"score":427,"play_id":"0991b17f-45a8-4352-a8aa-b0461c668b18","local_time":"20180718233516","is_ascension_mode":true,"campfire_choices":[{"data":"Strike_R","floor":6,"key":"SMITH"},{"data":"Defend_R","floor":8,"key":"SMITH"},{"data":"Rampage","floor":15,"key":"SMITH"},{"data":"Dropkick","floor":23,"key":"SMITH"},{"floor":28,"key":"REST"},{"floor":30,"key":"REST"},{"data":"Dropkick","floor":32,"key":"SMITH"}],"neow_cost":"NONE","seed_source_timestamp":0,"circlet_count":0,"master_deck":["Strike_R+1","Defend_R","Defend_R","Defend_R","Defend_R+1","Bash+1","Exhume","Rampage+1","Feed","Dropkick+1","Dropkick+1","Offering"],"special_seed":0,"relics":["Burning Blood","Oddly Smooth Stone","Lantern","Sozu","Regal Pillow","Art of War","Black Star"],"potions_floor_usage":[16,20,25,33],"damage_taken":[{"damage":6,"enemies":"Cultist","floor":1,"turns":3},{"damage":3,"enemies":"Jaw Worm","floor":2,"turns":4},{"damage":2,"enemies":"Small Slimes","floor":4,"turns":4},{"damage":10,"enemies":"Looter","floor":7,"turns":3},{"damage":5,"enemies":"3 Louse","floor":11,"turns":4},{"damage":6,"enemies":"Lots of Slimes","floor":14,"turns":7},{"damage":33,"enemies":"Hexaghost","floor":16,"turns":9},{"damage":28,"enemies":"Spheric Guardian","floor":18,"turns":6},{"damage":12,"enemies":"3 Byrds","floor":19,"turns":5},{"damage":18,"enemies":"3 Cultists","floor":20,"turns":6},{"damage":9,"enemies":"Centurion and Healer","floor":24,"turns":6},{"damage":15,"enemies":"Snake Plant","floor":25,"turns":4},{"damage":17,"enemies":"Snecko","floor":27,"turns":4},{"damage":60,"enemies":"Book of Stabbing","floor":29,"turns":6},{"damage":3,"enemies":"3 Cultists","floor":31,"turns":5},{"damage":70,"enemies":"Automaton","floor":33,"turns":10},{"damage":4,"enemies":"Orb Walker","floor":35,"turns":2},{"damage":132,"floor":37,"turns":7}],"seed_played":"-1876914138430604131","potions_obtained":[{"floor":1,"key":"SneckoOil"},{"floor":2,"key":"FearPotion"},{"floor":7,"key":"GamblersBrew"},{"floor":14,"key":"Poison Potion"},{"floor":16,"key":"Regen Potion"}],"is_trial":false,"path_per_floor":["M","M","?","M","?","R","M","R","T","?","M","?","$","M","R","B",null,"M","M","M","$","?","R","M","M","T","M","R","E","R","M","R","B",null,"M","$"],"character_chosen":"IRONCLAD","items_purchased":["Lantern"],"campfire_rested":2,"item_purchase_floors":[13],"current_hp_per_floor":[80,80,69,73,73,73,69,69,69,69,70,70,70,70,70,43,80,61,58,49,49,41,41,44,50,50,39,83,29,73,79,79,15,101,104,104,0],"gold":242,"neow_bonus":"ONE_RANDOM_RARE_CARD","is_prod":false,"is_daily":false,"chose_seed":false,"campfire_upgraded":5,"win_rate":0,"timestamp":1531971316,"path_taken":["M","?","?","M","?","R","M","R","T","?","M","?","$","?","R","BOSS","M","M","M","$","?","R","M","M","T","M","R","E","R","M","R","BOSS","M","$","?"],"build_version":"2018-07-12","purchased_purges":3,"victory":false,"max_hp_per_floor":[80,80,80,80,80,80,80,80,80,80,80,80,80,80,80,80,80,83,86,89,89,89,89,95,98,98,98,98,98,98,101,101,101,101,104,104,104],"card_choices":[{"not_picked":["Wild Strike","Rage","Power Through"],"picked":"SKIP","floor":1},{"not_picked":["Twin Strike","Cleave","Havoc"],"picked":"SKIP","floor":2},{"not_picked":["Blood for Blood","Heavy Blade","Shockwave"],"picked":"SKIP","floor":4},{"not_picked":["Shrug It Off","Havoc","Twin Strike"],"picked":"SKIP","floor":7},{"not_picked":["True Grit","Armaments","Pommel Strike"],"picked":"SKIP","floor":11},{"not_picked":["Impervious","Armaments"],"picked":"Rampage","floor":14},{"not_picked":["Impervious","Dark Embrace"],"picked":"Feed","floor":16},{"not_picked":["Pommel Strike","Heavy Blade+1"],"picked":"Dropkick","floor":18},{"not_picked":["Clash","Iron Wave+1"],"picked":"Dropkick","floor":19},{"not_picked":["Feel No Pain","Battle Trance+1","Rupture"],"picked":"SKIP","floor":20},{"not_picked":["Body Slam","Burning Pact","Headbutt"],"picked":"SKIP","floor":24},{"not_picked":["Thunderclap","Reckless Charge","Wild Strike"],"picked":"SKIP","floor":25},{"not_picked":["Heavy Blade","Iron Wave","Wild Strike"],"picked":"SKIP","floor":27},{"not_picked":["Reaper","Warcry+1","Twin Strike+1"],"picked":"SKIP","floor":29},{"not_picked":["Havoc","Flame Barrier","Intimidate"],"picked":"SKIP","floor":31},{"not_picked":["Fiend Fire","Reaper"],"picked":"Offering","floor":33},{"not_picked":["Entrench","Blood for Blood","Battle Trance+1"],"picked":"SKIP","floor":35}],"player_experience":122964,"relics_obtained":[{"floor":9,"key":"Oddly Smooth Stone"},{"floor":26,"key":"Regal Pillow"},{"floor":29,"key":"Art of War"}],"event_choices":[{"event_name":"World of Goop","player_choice":"Gather Gold","floor":3,"damage_taken":0},{"event_name":"Upgrade Shrine","player_choice":"Upgraded","floor":5,"damage_taken":0},{"event_name":"Wheel of Change","player_choice":"Gold","floor":10,"damage_taken":0},{"event_name":"The Cleric","player_choice":"Card Removal","floor":12,"damage_taken":0},{"event_name":"Wheel of Change","player_choice":"Damage","floor":22,"damage_taken":0},{"event_name":"Mysterious Sphere","player_choice":"Fight","floor":37,"damage_taken":0}],"boss_relics":[{"not_picked":["Ectoplasm","Busted Crown"],"picked":"Sozu"},{"not_picked":["Cursed Key","Orrery"],"picked":"Black Star"}],"items_purged_floors":[13,21,36],"is_endless":false,"potions_floor_spawned":[1,2,7,14,16,18,24,25,29],"ascension_level":1}