{"gold_per_floor":[110,285,245,256,273,304,304,323,348,377,377,388,416,443,455,562,574,600,37,52,71,71,71,103,103,128,128],"floor_reached":27,"playtime":1078,"items_purged":["Doubt"],"score":380,"play_id":"05c57a33-91c0-453e-bffa-cb1ba3728953","local_time":"20190206141110","is_ascension_mode":true,"campfire_choices":[{"data":"Carnage","floor":7.0,"key":"SMITH"},{"data":"Rage","floor":11.0,"key":"SMITH"},{"data":"Bash","floor":15.0,"key":"SMITH"},{"floor":23,"key":"REST"},{"data":"Seeing Red","floor":25,"key":"SMITH"}],"neow_cost":"TEN_PERCENT_HP_LOSS","seed_source_timestamp":298501031735397,"circlet_count":0,"master_deck":["AscendersBane","Strike_R","Strike_R","Strike_R","Strike_R","Strike_R","Defend_R","Defend_R","Defend_R","Defend_R","Bash+1","Shockwave+1","Carnage+1","True Grit+1","Dropkick","Headbutt","Rage+1","Shrug It Off","Offering","Seeing Red+1","Shrug It Off+1","Sentinel+1","Ghostly Armor"],"special_seed":0,"relics":["Burning Blood","Bird Faced Urn","Potion Belt","Boot","War Paint","MawBank","Runic Pyramid","OrangePellets","Ginger","Strawberry","Art of War"],"potions_floor_usage":[24,24],"damage_taken":[{"damage":14.0,"enemies":"Jaw Worm","floor":1.0,"turns":5.0},{"damage":5.0,"enemies":"Cultist","floor":4.0,"turns":5.0},{"damage":8.0,"enemies":"Small Slimes","floor":5.0,"turns":3.0},{"damage":21.0,"enemies":"3 Sentries","floor":6.0,"turns":11.0},{"damage":7.0,"enemies":"Blue Slaver","floor":8.0,"turns":3.0},{"damage":13.0,"enemies":"Gremlin Nob","floor":10.0,"turns":3.0},{"damage":0.0,"enemies":"Looter","floor":12.0,"turns":2.0},{"damage":11.0,"enemies":"3 Sentries","floor":13.0,"turns":6.0},{"damage":4.0,"enemies":"Exordium Wildlife","floor":14.0,"turns":4.0},{"damage":31.0,"enemies":"The Guardian","floor":16.0,"turns":11.0},{"damage":22.0,"enemies":"2 Thieves","floor":18.0,"turns":4.0},{"damage":6.0,"enemies":"Chosen","floor":20.0,"turns":2.0},{"damage":6,"enemies":"Snake Plant","floor":21,"turns":3},{"damage":36,"enemies":"Gremlin Leader","floor":24,"turns":8},{"damage":32,"enemies":"Slavers","floor":27,"turns":2}],"seed_played":"-60915628724000679","potions_obtained":[{"floor":3.0,"key":"SkillPotion"},{"floor":3.0,"key":"FearPotion"},{"floor":3.0,"key":"SpeedPotion"},{"floor":4.0,"key":"SkillPotion"},{"floor":5.0,"key":"SteroidPotion"},{"floor":8.0,"key":"LiquidBronze"},{"floor":10.0,"key":"PowerPotion"},{"floor":13.0,"key":"Poison Potion"},{"floor":14.0,"key":"PowerPotion"},{"floor":21,"key":"Strength Potion"}],"is_trial":false,"path_per_floor":["M","?","?","M","M","E","R","M","T","E","R","M","E","M","R","B",null,"M","$","M","M","?","R","E","R","T","E"],"character_chosen":"IRONCLAD","items_purchased":["OrangePellets","Ginger"],"campfire_rested":1,"item_purchase_floors":[19,19],"current_hp_per_floor":[64,64,64,65,63,48,48,47,47,40,40,46,43,45,45,20,59,45,45,45,45,32,55,32,32,32,0],"gold":128,"neow_bonus":"ONE_RARE_RELIC","is_prod":false,"is_daily":false,"chose_seed":false,"campfire_upgraded":4,"win_rate":0,"timestamp":1549458670,"path_taken":["M","?","?","M","M","E","R","M","T","E","R","?","E","M","R","BOSS","M","$","M","M","?","R","E","R","T","E"],"build_version":"2019-01-23","purchased_purges":1,"victory":false,"max_hp_per_floor":[72,72,72,72,72,72,72,72,72,72,72,72,72,72,72,72,72,72,72,72,72,77,77,84,84,84,84],"card_choices":[{"not_picked":["Armaments","Entrench"],"picked":"Shockwave","floor":1.0},{"not_picked":["Seeing Red","Pummel"],"picked":"Carnage","floor":4.0},{"not_picked":["Armaments","Rampage"],"picked":"True Grit","floor":5.0},{"not_picked":["Battle Trance","Burning Pact"],"picked":"Dropkick","floor":6.0},{"not_picked":["Dual Wield","Clash"],"picked":"Headbutt","floor":8.0},{"not_picked":["Rampage","Body Slam"],"picked":"Rage","floor":10.0},{"not_picked":["Sword Boomerang","Pommel Strike","Warcry"],"picked":"SKIP","floor":12.0},{"not_picked":["Cleave","Anger"],"picked":"Shrug It Off","floor":13.0},{"not_picked":["Rage","Havoc","Headbutt"],"picked":"SKIP","floor":14.0},{"not_picked":["Impervious","Limit Break"],"picked":"Offering","floor":16.0},{"not_picked":["Cleave+1","Clothesline"],"picked":"Seeing Red","floor":18.0},{"not_picked":["Wild Strike","Headbutt"],"picked":"Shrug It Off+1","floor":20.0},{"not_picked":["Cleave","Intimidate+1"],"picked":"Sentinel+1","floor":21},{"not_picked":["Warcry","Brutality"],"picked":"Ghostly Armor","floor":24}],"player_experience":995424,"relics_obtained":[{"floor":6.0,"key":"Potion Belt"},{"floor":9.0,"key":"Boot"},{"floor":10.0,"key":"War Paint"},{"floor":13.0,"key":"MawBank"},{"floor":24,"key":"Strawberry"},{"floor":26,"key":"Art of War"}],"event_choices":[{"damage_healed":0.0,"max_hp_gain":0.0,"max_hp_loss":0.0,"gold_gain":175.0,"event_name":"Liars Game","player_choice":"AGREE","floor":2.0,"gold_loss":0.0,"damage_taken":0.0,"cards_obtained":["Doubt"]},{"damage_healed":0.0,"max_hp_gain":0.0,"max_hp_loss":0.0,"gold_gain":0.0,"event_name":"The Woman in Blue","player_choice":"Bought 3 Potions","floor":3.0,"gold_loss":0.0,"damage_taken":0.0},{"damage_healed":0,"gold_gain":0,"player_choice":"Shed Blood","damage_taken":18,"max_hp_gain":5,"max_hp_loss":0,"event_name":"Forgotten Altar","floor":22,"gold_loss":0}],"is_beta":false,"boss_relics":[{"not_picked":["Calling Bell","Busted Crown"],"picked":"Runic Pyramid"}],"items_purged_floors":[19],"is_endless":false,"potions_floor_spawned":[4,5,8,10,13,14,21],"killed_by":"Slavers","ascension_level":10}