{"gold_per_floor":[112,62,74,74,89,89,108,108,132,166,241,241,241,44,44,147,147,163,163,163,163,183,218,144,160,235,261,261,261,261,275,275,377,377,387,1386,1397,376,393,393,407,407,407,427,387,400,400,412,412,412],"floor_reached":50,"playtime":4755,"items_purged":["Normality"],"score":699,"play_id":"6cac854d-095c-49d5-9c7c-45a12fbbcdb3","local_time":"20190313142333","is_ascension_mode":true,"campfire_choices":[{"data":"Infinite Blades","floor":6.0,"key":"SMITH"},{"data":"Neutralize","floor":8.0,"key":"SMITH"},{"data":"Blade Dance","floor":12.0,"key":"SMITH"},{"data":"Deadly Poison","floor":15.0,"key":"SMITH"},{"data":"After Image","floor":28,"key":"SMITH"},{"floor":30,"key":"REST"},{"data":"Footwork","floor":32,"key":"SMITH"},{"floor":40,"key":"REST"},{"floor":47,"key":"REST"},{"floor":49,"key":"REST"}],"neow_cost":"NONE","seed_source_timestamp":0,"circlet_count":0,"master_deck":["Defend_G","Defend_G","Defend_G","Defend_G","Defend_G","Survivor","Neutralize+1","Trip","Infinite Blades+1","Backstab","Blade Dance+1","Cloak And Dagger","Deadly Poison+1","Acrobatics","After Image+1","Slice","Bouncing Flask","J.A.X.","Bite","Bite","Bite","Bite","Bite","Accuracy","Calculated Gamble","Footwork","Escape Plan","Decay","Footwork+1","Adrenaline","Underhanded Strike+1","Normality","Expertise+1","Thinking Ahead","Acrobatics","Terror","Flash of Steel"],"special_seed":0,"relics":["Ring of the Snake","Oddly Smooth Stone","Blood Vial","The Specimen","Snake Skull","WristBlade","Letter Opener","Singing Bowl","Ancient Tea Set","HoveringKite","Tingsha","Lantern","MealTicket","Dodecahedron"],"potions_floor_usage":[33,33,39,41,41,50,50,50],"damage_taken":[{"damage":0.0,"enemies":"2 Louse","floor":1.0,"turns":5.0},{"damage":2.0,"enemies":"Jaw Worm","floor":3.0,"turns":4.0},{"damage":4.0,"enemies":"Cultist","floor":5.0,"turns":3.0},{"damage":1.0,"enemies":"Looter","floor":7.0,"turns":3.0},{"damage":4.0,"enemies":"Lagavulin","floor":10.0,"turns":7.0},{"damage":10.0,"enemies":"Hexaghost","floor":16.0,"turns":9.0},{"damage":7.0,"enemies":"Shell Parasite","floor":18.0,"turns":5.0},{"damage":21.0,"enemies":"2 Thieves","floor":22.0,"turns":3.0},{"damage":23.0,"enemies":"Slavers","floor":23.0,"turns":5.0},{"damage":3.0,"enemies":"Cultist and Chosen","floor":25.0,"turns":6.0},{"damage":11.0,"enemies":"Gremlin Leader","floor":27.0,"turns":7.0},{"damage":11,"enemies":"Snake Plant","floor":31,"turns":3},{"damage":55,"enemies":"Champ","floor":33,"turns":10},{"damage":36,"enemies":"3 Darklings","floor":35,"turns":7},{"damage":15,"enemies":"Orb Walker","floor":37,"turns":3},{"damage":16,"enemies":"Transient","floor":39,"turns":5},{"damage":20,"enemies":"Spire Growth","floor":41,"turns":6},{"damage":6,"enemies":"Maw","floor":44,"turns":6},{"damage":3,"enemies":"Sphere and 2 Shapes","floor":46,"turns":5},{"damage":12,"enemies":"3 Darklings","floor":48,"turns":4},{"damage":62,"enemies":"Awakened One","floor":50,"turns":9}],"seed_played":"-7458444261995781046","potions_obtained":[{"floor":3.0,"key":"SteroidPotion"},{"floor":4.0,"key":"GhostInAJar"},{"floor":4.0,"key":"Explosive Potion"},{"floor":4.0,"key":"EssenceOfSteel"},{"floor":10.0,"key":"Dexterity Potion"},{"floor":16.0,"key":"GhostInAJar"},{"floor":23.0,"key":"Block Potion"},{"floor":31,"key":"Regen Potion"},{"floor":35,"key":"Poison Potion"},{"floor":37,"key":"SkillPotion"},{"floor":45,"key":"GamblersBrew"},{"floor":45,"key":"GhostInAJar"},{"floor":45,"key":"Poison Potion"},{"floor":48,"key":"Strength Potion"}],"is_trial":false,"path_per_floor":["M","?","M","?","M","R","M","R","T","E","?","R","?","$","R","B",null,"M","?","?","?","M","E","$","M","T","E","R","?","R","M","R","B",null,"M","?","M","$","M","R","M","?","T","M","?","M","R","M","R","B"],"character_chosen":"THE_SILENT","items_purchased":["Snake Skull","Acrobatics","Footwork","Tingsha","Thinking Ahead","Acrobatics","EssenceOfSteel","Lantern","MealTicket"],"campfire_rested":4,"item_purchase_floors":[14,14,24,38,38,38,38,38,38],"current_hp_per_floor":[63,63,61,61,57,57,56,56,56,52,41,41,34,34,34,26,59,54,54,54,49,32,17,17,22,22,23,23,23,38,33,33,15,42,16,16,7,7,1,16,4,4,4,12,12,17,34,30,47,0],"gold":412,"neow_bonus":"RANDOM_COLORLESS","is_prod":false,"is_daily":false,"chose_seed":false,"campfire_upgraded":6,"win_rate":0,"timestamp":1552483413,"path_taken":["M","?","M","?","M","R","?","R","T","E","?","R","?","?","R","BOSS","M","?","?","?","M","E","$","M","T","E","R","?","R","M","R","BOSS","M","?","M","$","M","R","M","?","T","M","?","M","R","M","R","BOSS"],"build_version":"2019-01-23","purchased_purges":1,"victory":false,"max_hp_per_floor":[70,70,70,70,70,70,70,70,70,70,70,70,70,70,70,70,70,70,70,70,49,49,49,49,49,49,51,51,51,51,51,51,51,51,51,51,51,51,51,51,53,53,53,55,55,57,57,59,59,59],"card_choices":[{"not_picked":["Terror","Dagger Throw"],"picked":"Infinite Blades","floor":1.0},{"not_picked":["Heel Hook","Prepared"],"picked":"Backstab","floor":3.0},{"not_picked":["Flechettes","PiercingWail"],"picked":"Blade Dance","floor":5.0},{"not_picked":["Sucker Punch","Riddle With Holes"],"picked":"Cloak And Dagger","floor":7.0},{"not_picked":["Bullet Time","Concentrate"],"picked":"Deadly Poison","floor":10.0},{"not_picked":["Burst","Bullet Time"],"picked":"After Image","floor":16.0},{"not_picked":["Acrobatics","Eviscerate"],"picked":"Slice","floor":18.0},{"not_picked":["Prepared","Predator"],"picked":"Accuracy","floor":22.0},{"not_picked":["Dagger Throw+1","Catalyst"],"picked":"Calculated Gamble","floor":23.0},{"not_picked":["Acrobatics","Bane+1"],"picked":"Escape Plan","floor":25.0},{"not_picked":["Setup+1","Bane","Cloak And Dagger"],"picked":"Singing Bowl","floor":27.0},{"not_picked":["Concentrate","Prepared+1"],"picked":"Footwork","floor":31},{"not_picked":["Tools of the Trade","A Thousand Cuts"],"picked":"Adrenaline","floor":33},{"not_picked":["Slice+1","Sucker Punch"],"picked":"Underhanded Strike+1","floor":35},{"not_picked":["Underhanded Strike","Distraction+1"],"picked":"Expertise+1","floor":37},{"not_picked":["Outmaneuver+1","Finisher+1"],"picked":"Terror","floor":39},{"not_picked":["Bane+1","Predator","Quick Slash+1"],"picked":"Singing Bowl","floor":41},{"not_picked":["Magnetism","Dramatic Entrance"],"picked":"Flash of Steel","floor":42},{"not_picked":["Flying Knee","Underhanded Strike","Eviscerate"],"picked":"Singing Bowl","floor":44},{"not_picked":["Dagger Spray","Blade Dance+1","Riddle With Holes"],"picked":"Singing Bowl","floor":46},{"not_picked":["Accuracy+1","Blade Dance+1","PiercingWail+1"],"picked":"Singing Bowl","floor":48}],"player_experience":473478,"relics_obtained":[{"floor":9.0,"key":"Oddly Smooth Stone"},{"floor":10.0,"key":"Blood Vial"},{"floor":23.0,"key":"Letter Opener"},{"floor":26.0,"key":"Singing Bowl"},{"floor":27.0,"key":"Ancient Tea Set"},{"floor":43,"key":"Dodecahedron"}],"event_choices":[{"cards_removed":["Strike_G"],"damage_healed":0.0,"max_hp_gain":0.0,"max_hp_loss":0.0,"gold_gain":0.0,"event_name":"The Cleric","player_choice":"Card Removal","floor":2.0,"gold_loss":50.0,"damage_taken":0.0},{"damage_healed":0.0,"max_hp_gain":0.0,"max_hp_loss":0.0,"gold_gain":0.0,"event_name":"Lab","player_choice":"Got Potions","floor":4.0,"gold_loss":0.0,"damage_taken":0.0},{"damage_healed":0.0,"max_hp_gain":0.0,"max_hp_loss":0.0,"gold_gain":75.0,"event_name":"World of Goop","player_choice":"Gather Gold","floor":11.0,"gold_loss":0.0,"damage_taken":11.0},{"damage_healed":0.0,"max_hp_gain":0.0,"max_hp_loss":0.0,"gold_gain":0.0,"event_name":"Scrap Ooze","player_choice":"Success","floor":13.0,"gold_loss":0.0,"damage_taken":7.0,"relics_obtained":["The Specimen"]},{"damage_healed":0.0,"max_hp_gain":0.0,"max_hp_loss":0.0,"gold_gain":0.0,"event_name":"The Library","player_choice":"Read","floor":19.0,"gold_loss":0.0,"damage_taken":0.0,"cards_obtained":["Bouncing Flask"]},{"damage_healed":0.0,"max_hp_gain":0.0,"max_hp_loss":0.0,"gold_gain":0.0,"event_name":"Drug Dealer","player_choice":"Obtain J.A.X.","floor":20.0,"gold_loss":0.0,"damage_taken":0.0,"cards_obtained":["J.A.X."]},{"damage_healed":0.0,"max_hp_gain":0.0,"max_hp_loss":21.0,"gold_gain":0.0,"event_name":"Vampires","player_choice":"Became a vampire","floor":21.0,"gold_loss":0.0,"damage_taken":0.0,"cards_obtained":["Bite","Bite","Bite","Bite","Bite"]},{"damage_healed":0,"gold_gain":0,"player_choice":"Smashed Altar","damage_taken":0,"max_hp_gain":0,"max_hp_loss":0,"event_name":"Forgotten Altar","floor":29,"gold_loss":0,"cards_obtained":["Decay"]},{"damage_healed":0,"gold_gain":999,"player_choice":"Gold","damage_taken":0,"max_hp_gain":0,"max_hp_loss":0,"event_name":"MindBloom","floor":36,"gold_loss":0,"cards_obtained":["Normality","Normality"]},{"damage_healed":0,"gold_gain":0,"player_choice":"Memory 1","damage_taken":0,"max_hp_gain":0,"max_hp_loss":0,"event_name":"SensoryStone","floor":42,"gold_loss":0},{"damage_healed":0,"gold_gain":0,"player_choice":"Bought 3 Potions","damage_taken":0,"max_hp_gain":0,"max_hp_loss":0,"event_name":"The Woman in Blue","floor":45,"gold_loss":0}],"is_beta":false,"boss_relics":[{"not_picked":["Black Star","Tiny House"],"picked":"WristBlade"},{"not_picked":["Velvet Choker","Astrolabe"],"picked":"HoveringKite"}],"items_purged_floors":[38],"is_endless":false,"potions_floor_spawned":[3,5,10,16,18,22,23,31,35,37,48],"killed_by":"Awakened One","ascension_level":6}