{"gold_per_floor":[110,110,129,142,142,142,169,169,224,12,12,22,53,68,68,68],"floor_reached":16,"playtime":874,"items_purged":["Defend_R"],"score":312,"play_id":"3226be1f-261a-41a8-a33f-93f34325a458","local_time":"20190124235447","is_ascension_mode":true,"campfire_choices":[{"data":"Inflame","floor":6,"key":"SMITH"},{"data":"Anger","floor":8,"key":"SMITH"},{"floor":15,"key":"REST"}],"neow_cost":"PERCENT_DAMAGE","seed_source_timestamp":1312936441310226,"circlet_count":0,"master_deck":["AscendersBane","Strike_R","Strike_R","Strike_R","Strike_R","Strike_R+1","Defend_R","Defend_R","Defend_R+1","Bash","Evolve","Intimidate","Inflame+1","Anger+1","Thunderclap","Inflame"],"relics":["Burning Blood","Gambling Chip","Smiling Mask","Tiny Chest","Anchor","Bottled Lightning","Magic Flower"],"potions_floor_usage":[3,13,16],"damage_taken":[{"damage":6,"enemies":"2 Louse","floor":1,"turns":3},{"damage":2,"enemies":"Jaw Worm","floor":3,"turns":4},{"damage":4,"enemies":"Cultist","floor":4,"turns":4},{"damage":25,"enemies":"Lagavulin","floor":7,"turns":7},{"damage":0,"enemies":"Large Slime","floor":12,"turns":4},{"damage":24,"enemies":"Gremlin Nob","floor":13,"turns":4},{"damage":16,"enemies":"Blue Slaver","floor":14,"turns":4}],"seed_played":"-6261689806332854823","potions_obtained":[{"floor":1,"key":"Block Potion"},{"floor":7,"key":"LiquidBronze"},{"floor":12,"key":"Weak Potion"}],"is_trial":false,"path_per_floor":["M","?","M","M","?","R","E","R","T","$","T","M","E","M","R","B"],"character_chosen":"IRONCLAD","items_purchased":["Anchor"],"campfire_rested":1,"item_purchase_floors":[10],"current_hp_per_floor":[50,75,75,75,52,52,33,33,33,33,33,39,21,14,36,0],"gold":68,"neow_bonus":"ONE_RARE_RELIC","is_prod":false,"is_daily":false,"chose_seed":false,"campfire_upgraded":2,"win_rate":0,"timestamp":1548370487,"path_taken":["M","?","M","M","?","R","E","R","T","$","?","M","E","M","R","BOSS"],"build_version":"2019-01-23","purchased_purges":1,"victory":false,"max_hp_per_floor":[75,75,75,75,75,75,75,75,75,75,75,75,75,75,75,75],"card_choices":[{"not_picked":["Shrug It Off","Havoc"],"picked":"Evolve","floor":1},{"not_picked":["Heavy Blade","Body Slam"],"picked":"Intimidate","floor":3},{"not_picked":["Rampage","Perfected Strike"],"picked":"Inflame","floor":4},{"not_picked":["Body Slam","Pommel Strike"],"picked":"Anger","floor":7},{"not_picked":["Anger","Iron Wave"],"picked":"Thunderclap","floor":12},{"not_picked":["Rupture","Sentinel","Shockwave"],"picked":"SKIP","floor":13},{"not_picked":["Blood for Blood","Perfected Strike"],"picked":"Inflame","floor":14}],"player_experience":933441,"relics_obtained":[{"floor":7,"key":"Smiling Mask"},{"floor":9,"key":"Tiny Chest"},{"floor":11,"key":"Bottled Lightning"},{"floor":13,"key":"Magic Flower"}],"event_choices":[{"damage_healed":25,"gold_gain":0,"player_choice":"Banana","damage_taken":0,"max_hp_gain":0,"max_hp_loss":0,"event_name":"Big Fish","floor":2,"gold_loss":0},{"damage_healed":0,"gold_gain":0,"player_choice":"Entered Light","damage_taken":23,"max_hp_gain":0,"max_hp_loss":0,"event_name":"Shining Light","floor":5,"gold_loss":0,"cards_upgraded":["Strike_R","Defend_R"]}],"is_beta":false,"boss_relics":[],"items_purged_floors":[10],"is_endless":false,"potions_floor_spawned":[1,7,12],"killed_by":"The Guardian","ascension_level":19}