{"gold_per_floor":[212,227,239,239,249,277,277,304,327,339,48,48,68,81,81,186,186,201,218,228,245,245],"floor_reached":22,"playtime":1319,"items_purged":[],"score":232,"play_id":"49b6dd99-40ca-4d67-97b4-fead26c7af0c","local_time":"20190228205152","is_ascension_mode":true,"campfire_choices":[{"floor":7,"key":"REST"},{"floor":15,"key":"REST"}],"neow_cost":"NONE","seed_source_timestamp":1064044637697679,"circlet_count":0,"master_deck":["Strike_R","Strike_R","Strike_R","Strike_R","Defend_R","Defend_R","Defend_R","Defend_R","Bash","Sword Boomerang","Spot Weakness","Flame Barrier","Exhume"],"relics":["Burning Blood","Oddly Smooth Stone","Orichalcum","Bronze Scales","Omamori","Potion Belt","Busted Crown"],"potions_floor_usage":[8,16,16,22,22],"damage_taken":[{"damage":6,"enemies":"Cultist","floor":1,"turns":3},{"damage":14,"enemies":"Jaw Worm","floor":2,"turns":3},{"damage":15,"enemies":"Small Slimes","floor":3,"turns":3},{"damage":10,"enemies":"Gremlin Gang","floor":5,"turns":3},{"damage":32,"enemies":"Gremlin Nob","floor":6,"turns":5},{"damage":49,"enemies":"3 Sentries","floor":8,"turns":8},{"damage":9,"enemies":"3 Louse","floor":10,"turns":4},{"damage":7,"enemies":"Lots of Slimes","floor":13,"turns":4},{"damage":3,"enemies":"Exordium Wildlife","floor":14,"turns":4},{"damage":2,"enemies":"Hexaghost","floor":16,"turns":7},{"damage":31,"enemies":"Chosen","floor":18,"turns":5},{"damage":20,"enemies":"3 Byrds","floor":19,"turns":4},{"damage":36,"enemies":"Snecko","floor":20,"turns":6},{"damage":6,"enemies":"Chosen and Byrds","floor":21,"turns":4},{"damage":18,"enemies":"Cultist and Chosen","floor":22,"turns":4}],"seed_played":"8214076867511134069","potions_obtained":[{"floor":3,"key":"PowerPotion"},{"floor":5,"key":"PowerPotion"},{"floor":6,"key":"SneckoOil"},{"floor":10,"key":"EssenceOfSteel"},{"floor":18,"key":"FearPotion"},{"floor":19,"key":"PowerPotion"},{"floor":21,"key":"Energy Potion"}],"is_trial":false,"path_per_floor":["M","M","M","?","M","E","R","E","T","M","$","?","M","M","R","B",null,"M","M","M","M","M"],"character_chosen":"IRONCLAD","items_purchased":["Omamori","Potion Belt"],"campfire_rested":2,"item_purchase_floors":[11,11],"current_hp_per_floor":[80,72,63,63,59,33,57,14,14,11,11,11,10,13,37,41,80,55,41,11,11,0],"gold":245,"neow_bonus":"HUNDRED_GOLD","is_prod":false,"is_daily":false,"chose_seed":false,"campfire_upgraded":0,"win_rate":0,"timestamp":1551347512,"path_taken":["M","?","M","?","M","E","R","E","T","M","$","?","M","M","R","BOSS","M","M","?","M","M"],"build_version":"2019-01-23","purchased_purges":0,"victory":false,"max_hp_per_floor":[80,80,80,80,80,80,80,80,80,80,80,80,80,80,80,80,80,80,80,80,80,80],"card_choices":[{"not_picked":["Metallicize","Carnage"],"picked":"Sword Boomerang","floor":1},{"not_picked":["Shockwave","Cleave"],"picked":"Spot Weakness","floor":2},{"not_picked":["Intimidate","Anger"],"picked":"Flame Barrier","floor":3},{"not_picked":["Headbutt","Uppercut","Evolve"],"picked":"SKIP","floor":5},{"not_picked":["Searing Blow","Sword Boomerang","Demon Form"],"picked":"SKIP","floor":6},{"not_picked":["Armaments","Carnage","Pummel"],"picked":"SKIP","floor":8},{"not_picked":["Cleave","Sword Boomerang","Armaments"],"picked":"SKIP","floor":10},{"not_picked":["Warcry","Clash","Sword Boomerang"],"picked":"SKIP","floor":13},{"not_picked":["Heavy Blade","Dual Wield","Perfected Strike"],"picked":"SKIP","floor":14},{"not_picked":["Double Tap","Berserk"],"picked":"Exhume","floor":16},{"not_picked":["Body Slam"],"picked":"SKIP","floor":18},{"not_picked":["Perfected Strike"],"picked":"SKIP","floor":19},{"not_picked":["Flex"],"picked":"SKIP","floor":20},{"not_picked":["Clash"],"picked":"SKIP","floor":21}],"player_experience":206964,"relics_obtained":[{"floor":6,"key":"Oddly Smooth Stone"},{"floor":8,"key":"Orichalcum"},{"floor":9,"key":"Bronze Scales"}],"event_choices":[{"damage_healed":0,"gold_gain":0,"player_choice":"Ignored","damage_taken":0,"max_hp_gain":0,"max_hp_loss":0,"event_name":"Golden Wing","floor":4,"gold_loss":0},{"cards_removed":["Strike_R"],"damage_healed":0,"gold_gain":0,"player_choice":"Purged","damage_taken":0,"max_hp_gain":0,"max_hp_loss":0,"event_name":"Purifier","floor":12,"gold_loss":0}],"is_beta":false,"boss_relics":[{"not_picked":["Astrolabe","Mark of Pain"],"picked":"Busted Crown"}],"items_purged_floors":[],"is_endless":false,"potions_floor_spawned":[3,5,6,10,18,19,21],"killed_by":"Cultist and Chosen","ascension_level":3}