{"gold_per_floor":[118,130,7,282,298,298,313,326,326,397,432,432,432,432,432,553,553,573,586,586,602,701,701,701,736,736,736],"floor_reached":27,"playtime":664,"items_purged":["Strike_B"],"score":422,"play_id":"537b009e-3e16-4a29-b3ea-1d5e62665dd3","local_time":"20190211215716","is_ascension_mode":true,"campfire_choices":[{"data":"Zap","floor":6.0,"key":"SMITH"},{"data":"Dualcast","floor":12.0,"key":"SMITH"},{"data":"White Noise","floor":15.0,"key":"SMITH"},{"data":"Defragment","floor":24,"key":"SMITH"}],"neow_cost":"NONE","seed_source_timestamp":5274179426240,"circlet_count":0,"master_deck":["AscendersBane","Strike_B","Strike_B","Defend_B","Defend_B","Defend_B","Defend_B","Zap+1","Dualcast+1","Chill","Cold Snap","White Noise+1","Scrape","Melter","Reboot","Defragment+1","Reboot"],"special_seed":0,"relics":["Cracked Core","NeowsBlessing","Ornamental Fan","Mercury Hourglass","Pear","Golden Idol","Coffee Dripper","Bronze Scales","Singing Bowl","Meat on the Bone"],"potions_floor_usage":[25,25],"damage_taken":[{"damage":0.0,"enemies":"Small Slimes","floor":1.0,"turns":1.0},{"damage":0.0,"enemies":"Cultist","floor":2.0,"turns":1.0},{"damage":0.0,"enemies":"Jaw Worm","floor":5.0,"turns":1.0},{"damage":19.0,"enemies":"3 Louse","floor":7.0,"turns":5.0},{"damage":6.0,"enemies":"Exordium Wildlife","floor":8.0,"turns":3.0},{"damage":18.0,"enemies":"Lagavulin","floor":11.0,"turns":5.0},{"damage":0.0,"enemies":"The Guardian","floor":16.0,"turns":8.0},{"damage":0,"enemies":"Spheric Guardian","floor":18,"turns":2},{"damage":6,"enemies":"Chosen","floor":19,"turns":3},{"damage":4,"enemies":"Centurion and Healer","floor":21,"turns":3},{"damage":27,"enemies":"Book of Stabbing","floor":25,"turns":5},{"damage":35,"enemies":"Slavers","floor":27,"turns":2}],"seed_played":"-4581456754311034150","potions_obtained":[{"floor":2.0,"key":"Swift Potion"},{"floor":8.0,"key":"Energy Potion"}],"is_trial":false,"path_per_floor":["M","M","$","?","M","R","M","M","T","T","E","R","?","?","R","B",null,"M","M","?","M","?","T","R","E","T","E"],"character_chosen":"DEFECT","items_purchased":["AttackPotion"],"campfire_rested":0,"item_purchase_floors":[3],"current_hp_per_floor":[68,68,68,68,68,68,49,43,43,43,35,35,28,28,28,28,66,66,60,60,56,56,56,56,31,31,0],"gold":736,"neow_bonus":"THREE_ENEMY_KILL","is_prod":false,"is_daily":false,"chose_seed":false,"campfire_upgraded":4,"win_rate":0,"timestamp":1549918636,"path_taken":["M","M","$","?","M","R","M","?","T","?","E","R","?","?","R","BOSS","M","M","?","?","?","?","R","E","T","E"],"build_version":"2019-01-23","purchased_purges":1,"victory":false,"max_hp_per_floor":[75,75,75,75,75,75,75,75,75,75,85,85,85,79,79,79,79,79,79,79,79,79,79,79,81,81,81],"card_choices":[{"not_picked":["Coolheaded","Compile Driver","Hologram"],"picked":"SKIP","floor":1.0},{"not_picked":["Cold Snap","Coolheaded"],"picked":"Chill","floor":2.0},{"not_picked":["Capacitor","Sweeping Beam"],"picked":"Cold Snap","floor":5.0},{"not_picked":["Beam Cell","Turbo"],"picked":"White Noise","floor":7.0},{"not_picked":["Auto Shields","Compile Driver"],"picked":"Scrape","floor":8.0},{"not_picked":["Reinforced Body","Steam"],"picked":"Melter","floor":11.0},{"not_picked":["Machine Learning","Multi-Cast"],"picked":"Reboot","floor":16.0},{"not_picked":["Static Discharge","Gash","Coolheaded"],"picked":"SKIP","floor":18},{"not_picked":["Cold Snap+1","Scrape+1"],"picked":"Defragment","floor":19},{"not_picked":["Cold Snap","Leap"],"picked":"Reboot","floor":21},{"not_picked":["Conserve Battery","Streamline","Turbo"],"picked":"Singing Bowl","floor":25}],"player_experience":1050217,"relics_obtained":[{"floor":9.0,"key":"Ornamental Fan"},{"floor":10.0,"key":"Mercury Hourglass"},{"floor":11.0,"key":"Pear"},{"floor":23,"key":"Bronze Scales"},{"floor":25,"key":"Singing Bowl"},{"floor":26,"key":"Meat on the Bone"}],"event_choices":[{"damage_healed":0.0,"max_hp_gain":0.0,"max_hp_loss":0.0,"gold_gain":275.0,"event_name":"Golden Shrine","player_choice":"Desecrate","floor":4.0,"gold_loss":0.0,"damage_taken":0.0,"cards_obtained":["Regret"]},{"cards_removed":["Regret"],"damage_healed":0.0,"max_hp_gain":0.0,"max_hp_loss":0.0,"gold_gain":0.0,"event_name":"Golden Wing","player_choice":"Card Removal","floor":13.0,"gold_loss":0.0,"damage_taken":7.0},{"damage_healed":0.0,"max_hp_gain":0.0,"max_hp_loss":6.0,"gold_gain":0.0,"event_name":"Golden Idol","player_choice":"Lose Max HP","floor":14.0,"gold_loss":0.0,"damage_taken":0.0,"relics_obtained":["Golden Idol"]},{"cards_removed":["Strike_B"],"damage_healed":0,"gold_gain":0,"player_choice":"Purged","damage_taken":0,"max_hp_gain":0,"max_hp_loss":0,"event_name":"Purifier","floor":20,"gold_loss":0},{"damage_healed":0,"gold_gain":99,"player_choice":"Stole From Cult","damage_taken":0,"max_hp_gain":0,"max_hp_loss":0,"event_name":"Nest","floor":22,"gold_loss":0}],"is_beta":false,"boss_relics":[{"not_picked":["Black Star","Fusion Hammer"],"picked":"Coffee Dripper"}],"items_purged_floors":[3],"is_endless":false,"potions_floor_spawned":[2,8],"killed_by":"Slavers","ascension_level":10}