{"gold_per_floor":[115,190,190,201,219,219,73,90,116,143,158,158,173,185,185,285,285,300,399,193,206,17,17,17,17,95,113,141,66,0,0],"floor_reached":31,"playtime":1613,"items_purged":["Strike_G"],"score":306,"play_id":"e251318e-7325-4380-b854-b6069e8047a1","local_time":"20190318004315","is_ascension_mode":true,"campfire_choices":[{"data":"Noxious Fumes","floor":6,"key":"SMITH"},{"data":"Catalyst","floor":12,"key":"SMITH"},{"floor":15,"key":"REST"},{"floor":23,"key":"REST"},{"floor":25,"key":"REST"}],"neow_cost":"NONE","seed_source_timestamp":414164856419074,"circlet_count":0,"master_deck":["Defend_G","Defend_G","Defend_G","Defend_G","Defend_G","Strike_G","Strike_G","Strike_G","Survivor","Neutralize","Noxious Fumes+1","Flechettes","Catalyst+1","Infinite Blades","Cloak And Dagger","Malaise","Dash","Bouncing Flask","Backflip","Deadly Poison","Dodge and Roll","Caltrops","Cloak And Dagger","Noxious Fumes","Catalyst","Leg Sweep","Leg Sweep"],"relics":["Ring of the Snake","Oddly Smooth Stone","Vajra","Bag of Preparation","Philosopher\u0027s Stone","Dodecahedron","Kunai"],"potions_floor_usage":[13,16,28,28],"damage_taken":[{"damage":0,"enemies":"Small Slimes","floor":1,"turns":5},{"damage":0,"enemies":"2 Louse","floor":4,"turns":4},{"damage":0,"enemies":"Jaw Worm","floor":5,"turns":5},{"damage":10,"enemies":"2 Fungi Beasts","floor":8,"turns":4},{"damage":15,"enemies":"3 Sentries","floor":10,"turns":8},{"damage":9,"enemies":"Looter","floor":11,"turns":4},{"damage":0,"enemies":"Large Slime","floor":13,"turns":7},{"damage":17,"enemies":"Lots of Slimes","floor":14,"turns":5},{"damage":26,"enemies":"Slime Boss","floor":16,"turns":6},{"damage":4,"enemies":"Chosen","floor":18,"turns":6},{"damage":38,"enemies":"2 Thieves","floor":21,"turns":4},{"damage":32,"enemies":"Chosen and Byrds","floor":27,"turns":7},{"damage":29,"enemies":"Gremlin Leader","floor":28,"turns":3},{"damage":19,"enemies":"3 Cultists","floor":31,"turns":4}],"seed_played":"-1548679367497521032","potions_obtained":[{"floor":1,"key":"Strength Potion"},{"floor":5,"key":"SteroidPotion"},{"floor":8,"key":"Poison Potion"},{"floor":11,"key":"Block Potion"},{"floor":14,"key":"Weak Potion"},{"floor":21,"key":"Regen Potion"}],"is_trial":false,"path_per_floor":["M","?","?","M","M","R","$","M","T","E","M","R","M","M","R","B",null,"M","?","$","M","$","R","?","R","T","M","E","?","?","M"],"character_chosen":"THE_SILENT","items_purchased":["Catalyst","Infinite Blades","Dodge and Roll","Caltrops","Noxious Fumes","Catalyst","Leg Sweep"],"campfire_rested":3,"item_purchase_floors":[7,7,20,20,22,22,22],"current_hp_per_floor":[70,59,64,64,64,64,64,54,54,39,30,30,30,13,35,9,75,71,71,71,33,33,55,41,65,65,33,16,16,16,0],"gold":0,"neow_bonus":"RANDOM_COMMON_RELIC","is_prod":false,"is_daily":false,"chose_seed":false,"campfire_upgraded":2,"win_rate":0,"timestamp":1552884195,"path_taken":["M","?","?","M","M","R","$","M","T","E","M","R","M","?","R","BOSS","M","?","$","M","$","R","?","R","T","M","E","?","?","M"],"build_version":"2019-01-23","purchased_purges":1,"victory":false,"max_hp_per_floor":[70,70,75,75,75,75,75,75,75,75,75,75,75,75,75,75,75,75,75,75,75,75,75,80,80,80,80,80,80,80,80],"card_choices":[{"not_picked":["Calculated Gamble","Bane"],"picked":"Noxious Fumes","floor":1},{"not_picked":["Sucker Punch","Slice"],"picked":"Flechettes","floor":4},{"not_picked":["Setup","Phantasmal Killer","Underhanded Strike"],"picked":"SKIP","floor":5},{"not_picked":["Poisoned Stab","Prepared"],"picked":"Cloak And Dagger","floor":8},{"not_picked":["Setup","Blade Dance"],"picked":"Malaise","floor":10},{"not_picked":["Poisoned Stab","Expertise"],"picked":"Dash","floor":11},{"not_picked":["Deadly Poison","Bane"],"picked":"Bouncing Flask","floor":13},{"not_picked":["Quick Slash","Underhanded Strike"],"picked":"Backflip","floor":14},{"not_picked":["Prepared","Choke"],"picked":"Deadly Poison","floor":18},{"not_picked":["Dagger Spray+1","Dagger Throw+1"],"picked":"Cloak And Dagger","floor":21},{"not_picked":["Prepared","Blade Dance"],"picked":"Leg Sweep","floor":27},{"not_picked":["Dagger Spray","Glass Knife","Outmaneuver"],"picked":"SKIP","floor":28}],"player_experience":1260225,"relics_obtained":[{"floor":9,"key":"Vajra"},{"floor":10,"key":"Bag of Preparation"},{"floor":26,"key":"Dodecahedron"},{"floor":28,"key":"Kunai"}],"event_choices":[{"damage_healed":0,"gold_gain":75,"player_choice":"Gather Gold","damage_taken":11,"max_hp_gain":0,"max_hp_loss":0,"event_name":"World of Goop","floor":2,"gold_loss":0},{"damage_healed":0,"gold_gain":0,"player_choice":"Donut","damage_taken":0,"max_hp_gain":5,"max_hp_loss":0,"event_name":"Big Fish","floor":3,"gold_loss":0},{"damage_healed":0,"gold_gain":99,"player_choice":"Stole From Cult","damage_taken":0,"max_hp_gain":0,"max_hp_loss":0,"event_name":"Nest","floor":19,"gold_loss":0},{"damage_healed":0,"gold_gain":0,"player_choice":"Shed Blood","damage_taken":19,"max_hp_gain":5,"max_hp_loss":0,"event_name":"Forgotten Altar","floor":24,"gold_loss":0},{"cards_removed":["Strike_G"],"damage_healed":0,"gold_gain":0,"player_choice":"Gave Gold","damage_taken":0,"max_hp_gain":0,"max_hp_loss":0,"event_name":"Beggar","floor":29,"gold_loss":75},{"damage_healed":0,"gold_gain":0,"player_choice":"Paid Fearfully","damage_taken":0,"max_hp_gain":0,"max_hp_loss":0,"event_name":"Masked Bandits","floor":30,"gold_loss":66}],"is_beta":false,"boss_relics":[{"not_picked":["Pandora\u0027s Box","Fusion Hammer"],"picked":"Philosopher\u0027s Stone"}],"items_purged_floors":[20],"is_endless":false,"potions_floor_spawned":[1,5,8,11,14,21],"killed_by":"3 Cultists","ascension_level":4}