{"gold_per_floor":[10,30,42,62,62,62,91,91,91,91,126,126,151,168,168,242,242,255,270,50,63,78,78,78,134,134,184,184,215,233,253,253,324,324,340,17,28,42,58,58,83,83,83,99,24,39,69,69,69,69],"floor_reached":50,"playtime":2519,"items_purged":["Strike_B"],"score":1203,"play_id":"9153b587-b2b6-4f62-9c2a-929925881314","local_time":"20190304115824","is_ascension_mode":true,"campfire_choices":[{"data":"Zap","floor":6,"key":"SMITH"},{"floor":8,"key":"REST"},{"data":"Beam Cell","floor":10,"key":"SMITH"},{"floor":15,"key":"REST"},{"floor":23,"key":"RECALL"},{"floor":28,"key":"REST"},{"floor":32,"key":"REST"},{"floor":40,"key":"REST"},{"floor":42,"key":"REST"},{"floor":49,"key":"REST"}],"neow_cost":"NO_GOLD","seed_source_timestamp":505364339178798,"circlet_count":0,"master_deck":["AscendersBane","Defend_B","Defend_B+1","Defend_B","Defend_B","Zap+1","Dualcast","Thinking Ahead","Sweeping Beam","Beam Cell+1","Cold Snap","Melter","Electrodynamics","Ball Lightning","Defragment","Buffer","Chill","Coolheaded","Creative AI","Fission","Ball Lightning+1","Seek","FTL+1","Echo Form","Biased Cognition"],"relics":["Cracked Core","Orichalcum","Singing Bowl","FossilizedHelix","War Paint","Fusion Hammer","OrangePellets","Tiny Chest","Mummified Hand","Molten Egg 2","White Beast Statue","Bird Faced Urn","Strawberry","Boot","StoneCalendar","Potion Belt"],"potions_floor_usage":[7,13,16,22,29,33,37,50],"damage_taken":[{"damage":7,"enemies":"Small Slimes","floor":1,"turns":3},{"damage":7,"enemies":"Jaw Worm","floor":2,"turns":3},{"damage":1,"enemies":"Cultist","floor":3,"turns":3},{"damage":6,"enemies":"Looter","floor":4,"turns":3},{"damage":23,"enemies":"Gremlin Nob","floor":7,"turns":4},{"damage":22,"enemies":"Lagavulin","floor":11,"turns":6},{"damage":0,"enemies":"Gremlin Nob","floor":13,"turns":4},{"damage":0,"enemies":"2 Fungi Beasts","floor":14,"turns":3},{"damage":22,"enemies":"Hexaghost","floor":16,"turns":9},{"damage":0,"enemies":"Spheric Guardian","floor":18,"turns":2},{"damage":0,"enemies":"Shell Parasite","floor":19,"turns":4},{"damage":0,"enemies":"Centurion and Healer","floor":21,"turns":7},{"damage":6,"enemies":"Shelled Parasite and Fungi","floor":22,"turns":5},{"damage":22,"enemies":"Gremlin Leader","floor":25,"turns":6},{"damage":31,"enemies":"Book of Stabbing","floor":29,"turns":5},{"damage":0,"enemies":"Sentry and Sphere","floor":30,"turns":5},{"damage":0,"enemies":"Centurion and Healer","floor":31,"turns":5},{"damage":19,"enemies":"Champ","floor":33,"turns":9},{"damage":0,"enemies":"3 Shapes","floor":35,"turns":4},{"damage":5,"enemies":"3 Darklings","floor":37,"turns":5},{"damage":0,"enemies":"4 Shapes","floor":38,"turns":5},{"damage":54,"enemies":"Jaw Worm Horde","floor":39,"turns":5},{"damage":67,"enemies":"Nemesis","floor":41,"turns":9},{"damage":0,"enemies":"Spire Growth","floor":44,"turns":5},{"damage":9,"enemies":"4 Shapes","floor":46,"turns":6},{"damage":44,"enemies":"Reptomancer","floor":47,"turns":6},{"damage":150,"enemies":"Awakened One","floor":50,"turns":6}],"seed_played":"9014686124667162054","potions_obtained":[{"floor":3,"key":"Explosive Potion"},{"floor":4,"key":"EssenceOfSteel"},{"floor":11,"key":"SneckoOil"},{"floor":12,"key":"EssenceOfSteel"},{"floor":21,"key":"FearPotion"},{"floor":25,"key":"Energy Potion"},{"floor":30,"key":"Regen Potion"},{"floor":33,"key":"Swift Potion"},{"floor":35,"key":"FearPotion"},{"floor":37,"key":"Dexterity Potion"},{"floor":44,"key":"SkillPotion"}],"is_trial":false,"path_per_floor":["M","M","M","M","?","R","E","R","T","R","E","?","E","M","R","B",null,"M","M","$","M","M","R","?","E","T","?","R","E","M","M","R","B",null,"M","$","M","M","M","R","E","R","T","M","$","M","E","?","R","B"],"character_chosen":"DEFECT","items_purchased":["OrangePellets","Bird Faced Urn"],"campfire_rested":7,"item_purchase_floors":[20,36],"current_hp_per_floor":[57,50,49,43,43,43,20,41,41,41,19,19,19,21,42,20,60,60,62,62,64,60,60,60,38,38,38,61,32,34,34,58,54,76,78,78,86,89,49,75,41,69,69,89,89,100,74,74,100,0],"gold":69,"neow_bonus":"RANDOM_COLORLESS_2","is_prod":false,"is_daily":false,"chose_seed":false,"campfire_upgraded":2,"win_rate":0,"timestamp":1551697104,"path_taken":["M","M","M","M","?","R","E","R","T","R","E","?","E","M","R","BOSS","M","?","$","M","M","R","?","E","T","?","R","E","M","M","R","BOSS","M","$","M","M","M","R","E","R","T","M","$","M","E","?","R","BOSS"],"build_version":"2019-01-23","purchased_purges":1,"victory":false,"max_hp_per_floor":[71,71,71,71,71,71,71,71,71,71,71,71,71,73,73,73,73,73,75,75,77,79,79,79,79,79,79,79,81,83,83,83,83,83,85,85,87,89,89,89,96,96,96,98,98,100,100,100,100,100],"card_choices":[{"not_picked":["Steam","Gash"],"picked":"Sweeping Beam","floor":1},{"not_picked":["Streamline","Cold Snap"],"picked":"Beam Cell","floor":2},{"not_picked":["Coolheaded","Rebound"],"picked":"Cold Snap","floor":3},{"not_picked":["Go for the Eyes","Leap"],"picked":"Melter","floor":4},{"not_picked":["Sweeping Beam","Cold Snap"],"picked":"Electrodynamics","floor":7},{"not_picked":["Genetic Algorithm","Compile Driver"],"picked":"Ball Lightning","floor":11},{"not_picked":["Static Discharge","Darkness"],"picked":"Defragment","floor":13},{"not_picked":["Leap","Hologram","Double Energy"],"picked":"Singing Bowl","floor":14},{"not_picked":["Multi-Cast","Hyperbeam"],"picked":"Buffer","floor":16},{"not_picked":["Streamline","Self Repair"],"picked":"Chill","floor":18},{"not_picked":["Streamline","Stack","Undo"],"picked":"Singing Bowl","floor":19},{"not_picked":["Conserve Battery","Self Repair","Go for the Eyes"],"picked":"Singing Bowl","floor":21},{"not_picked":["Steam","Conserve Battery","Double Energy"],"picked":"Singing Bowl","floor":22},{"not_picked":["Go for the Eyes","Barrage"],"picked":"Fission","floor":25},{"not_picked":["Leap","Rebound","Loop"],"picked":"Singing Bowl","floor":29},{"not_picked":["Hologram","Rebound+1","Steam"],"picked":"Singing Bowl","floor":30},{"not_picked":["Turbo","Cold Snap+1"],"picked":"Ball Lightning+1","floor":31},{"not_picked":["Rainbow","Creative AI"],"picked":"Seek","floor":33},{"not_picked":["Go for the Eyes+1","Beam Cell+1","Scrape+1"],"picked":"Singing Bowl","floor":35},{"not_picked":["Redo","Ball Lightning+1","Steam"],"picked":"Singing Bowl","floor":37},{"not_picked":["Turbo+1","Steam+1","Gash+1"],"picked":"Singing Bowl","floor":38},{"not_picked":["Sweeping Beam+1","Beam Cell+1"],"picked":"FTL+1","floor":39},{"not_picked":["BootSequence","Hyperbeam+1"],"picked":"Echo Form","floor":41},{"not_picked":["Coolheaded","Go for the Eyes+1","Capacitor"],"picked":"Singing Bowl","floor":44},{"not_picked":["Go for the Eyes+1","Turbo+1","Coolheaded"],"picked":"Singing Bowl","floor":46},{"not_picked":["Capacitor+1","Consume"],"picked":"Biased Cognition","floor":47}],"player_experience":1162665,"relics_obtained":[{"floor":7,"key":"Orichalcum"},{"floor":9,"key":"Singing Bowl"},{"floor":11,"key":"FossilizedHelix"},{"floor":13,"key":"War Paint"},{"floor":25,"key":"Tiny Chest"},{"floor":26,"key":"Mummified Hand"},{"floor":29,"key":"Molten Egg 2"},{"floor":41,"key":"Strawberry"},{"floor":43,"key":"Boot"},{"floor":47,"key":"StoneCalendar"}],"event_choices":[{"cards_removed":["Strike_B"],"damage_healed":0,"gold_gain":0,"player_choice":"Forget","damage_taken":0,"max_hp_gain":0,"max_hp_loss":0,"event_name":"Living Wall","floor":5,"gold_loss":0},{"damage_healed":0,"gold_gain":0,"player_choice":"Got Potions","damage_taken":0,"max_hp_gain":0,"max_hp_loss":0,"event_name":"Lab","floor":12,"gold_loss":0},{"damage_healed":0,"gold_gain":0,"cards_transformed":["Strike_B","Strike_B"],"player_choice":"Became Test Subject","damage_taken":0,"max_hp_gain":0,"max_hp_loss":0,"event_name":"Drug Dealer","floor":24,"gold_loss":0,"cards_obtained":["Coolheaded","Creative AI"]},{"damage_healed":0,"gold_gain":50,"player_choice":"Stole From Cult","damage_taken":0,"max_hp_gain":0,"max_hp_loss":0,"event_name":"Nest","floor":27,"gold_loss":0},{"cards_removed":["Purity"],"damage_healed":0,"gold_gain":0,"player_choice":"Gave Card","damage_taken":0,"relics_obtained":["Potion Belt"],"max_hp_gain":0,"max_hp_loss":0,"event_name":"WeMeetAgain","floor":48,"gold_loss":0}],"is_beta":false,"boss_relics":[{"not_picked":["Lizard Tail","Orrery"],"picked":"Fusion Hammer"},{"not_picked":["Snecko Eye","Velvet Choker"],"picked":"White Beast Statue"}],"items_purged_floors":[45],"is_endless":false,"potions_floor_spawned":[3,4,11,21,25,30,33,35,37,38,39,41,44,46,47],"killed_by":"Awakened One","ascension_level":20}