{"gold_per_floor":[116,191,209,209,220,220,145,145,145,157,157,57,71,71,71,169,169,180,35,45,45,62,62,82,100,100,113,113,36,36,36,36,36],"floor_reached":33,"playtime":2301,"items_purged":["Defend_R","Strike_R"],"score":237,"play_id":"4a47206a-acfe-4937-9678-3b3443ce5747","local_time":"20180716002426","is_ascension_mode":false,"campfire_choices":[{"data":"Rage","floor":6,"key":"SMITH"},{"data":"Strike_R","floor":8,"key":"SMITH"},{"data":"Strike_R","floor":11,"key":"SMITH"},{"data":"Flame Barrier","floor":15,"key":"SMITH"},{"data":"Shrug It Off","floor":23,"key":"SMITH"},{"data":"Defend_R","floor":30,"key":"SMITH"},{"floor":32,"key":"REST"}],"neow_cost":"NONE","seed_source_timestamp":111791143074144,"circlet_count":0,"master_deck":["Strike_R+1","Strike_R+1","Strike_R+1","Strike_R+1","Defend_R","Defend_R+1","Bash+1","Rage+1","Flame Barrier+1","Feed+1","Shrug It Off+1","Sword Boomerang+1","Iron Wave+1","Twin Strike+1","J.A.X."],"relics":["Burning Blood","Pantograph","Question Card","Lizard Tail","Whetstone","Unceasing Top"],"potions_floor_usage":[18,22,23,33,33],"damage_taken":[{"damage":9,"enemies":"2 Louse","floor":1,"turns":3},{"damage":5,"enemies":"Jaw Worm","floor":3,"turns":5},{"damage":2,"enemies":"Small Slimes","floor":5,"turns":4},{"damage":11,"enemies":"3 Louse","floor":10,"turns":4},{"damage":0,"enemies":"Red Slaver","floor":13,"turns":3},{"damage":51,"enemies":"The Guardian","floor":16,"turns":13},{"damage":4,"enemies":"Chosen","floor":18,"turns":6},{"damage":16,"enemies":"Shell Parasite","floor":20,"turns":14},{"damage":5,"enemies":"Centurion and Healer","floor":22,"turns":10},{"damage":23,"enemies":"Chosen and Byrds","floor":24,"turns":10},{"damage":33,"enemies":"Cultist and Chosen","floor":25,"turns":10},{"damage":9,"enemies":"Snake Plant","floor":27,"turns":4},{"damage":160,"enemies":"Collector","floor":33,"turns":13}],"seed_played":"7046060630343262193","potions_obtained":[{"floor":5,"key":"SpeedPotion"},{"floor":13,"key":"SneckoOil"},{"floor":16,"key":"Explosive Potion"},{"floor":18,"key":"Strength Potion"},{"floor":22,"key":"Fruit Juice"}],"is_trial":false,"path_per_floor":["M","?","M","?","M","R","$","R","T","M","R","$","M","T","R","B",null,"M","$","M","?","M","R","M","M","T","M","$","?","R","?","R"],"character_chosen":"IRONCLAD","items_purchased":["Whetstone"],"campfire_rested":1,"item_purchase_floors":[19],"current_hp_per_floor":[77,66,67,51,55,55,55,55,55,50,50,50,56,56,56,35,80,80,80,70,70,75,80,63,36,36,33,33,33,33,38,64,0],"gold":36,"neow_bonus":"UPGRADE_CARD","is_prod":false,"is_daily":false,"chose_seed":false,"campfire_upgraded":6,"win_rate":0.0,"timestamp":1531715066,"path_taken":["M","?","M","?","M","R","$","R","T","?","R","?","M","?","R","BOSS","M","$","M","?","M","R","M","?","T","M","$","?","R","?","R","BOSS"],"build_version":"2018-07-12","purchased_purges":2,"victory":false,"max_hp_per_floor":[80,80,80,80,80,80,80,80,80,80,80,80,80,80,80,80,80,80,80,80,80,84,89,89,89,89,89,89,89,89,89,89,89],"card_choices":[{"not_picked":["Shrug It Off","Rage","Twin Strike"],"picked":"SKIP","floor":1},{"not_picked":["Anger","Blood for Blood","Thunderclap"],"picked":"SKIP","floor":3},{"not_picked":["Anger","True Grit"],"picked":"Rage","floor":5},{"not_picked":["Thunderclap","Searing Blow","Flex"],"picked":"SKIP","floor":10},{"not_picked":["Shockwave","Power Through"],"picked":"Flame Barrier","floor":13},{"not_picked":["Juggernaut","Demon Form","Offering"],"picked":"Feed","floor":16},{"not_picked":["Cleave","Dual Wield+1","Shrug It Off+1"],"picked":"Armaments+1","floor":18},{"not_picked":["Feel No Pain+1","Rampage","Second Wind"],"picked":"Shrug It Off","floor":20},{"not_picked":["Anger","Blood for Blood","Flame Barrier"],"picked":"Sword Boomerang+1","floor":22},{"not_picked":["Clothesline","Cleave","Twin Strike","Body Slam"],"picked":"SKIP","floor":24},{"not_picked":["Dropkick","Impervious","Perfected Strike"],"picked":"Iron Wave+1","floor":25},{"not_picked":["Corruption","Sword Boomerang","Armaments"],"picked":"Twin Strike+1","floor":27}],"player_experience":18142,"relics_obtained":[{"floor":9,"key":"Pantograph"},{"floor":14,"key":"Question Card"},{"floor":26,"key":"Unceasing Top"}],"event_choices":[{"event_name":"World of Goop","player_choice":"Gather Gold","floor":2,"damage_taken":0},{"event_name":"Shining Light","player_choice":"Entered Light","floor":4,"damage_taken":0},{"event_name":"Back to Basics","player_choice":"Elegance","floor":21,"damage_taken":0},{"event_name":"Drug Dealer","player_choice":"Got JAXXED","floor":29,"damage_taken":0},{"event_name":"Bonfire Elementals","player_choice":"COMMON","floor":31,"damage_taken":0}],"boss_relics":[{"not_picked":["Philosopher\u0027s Stone","White Beast Statue"],"picked":"Lizard Tail"}],"items_purged_floors":[7,12],"is_endless":false,"potions_floor_spawned":[5,13,16,18,20,22],"killed_by":"Collector","ascension_level":0}