{"gold_per_floor":[109,109,109,134,147,187,187,230,230,230,37,37,68,92,92,223,223,241,254,254,274,294,294,330,330,353,397,397,397,422,436,436,557,557,573,573,573,168,501,536,536,553,553,588,106,106,131,151,151,151],"floor_reached":51,"playtime":1913,"items_purged":["Strike_G","Defend_G"],"score":1189,"play_id":"6619841d-a328-4600-b6ca-3c37ae836cfb","local_time":"20181022150014","is_ascension_mode":true,"campfire_choices":[{"data":"Terror","floor":10,"key":"SMITH"},{"data":"Malaise","floor":15,"key":"SMITH"},{"data":"Cloak And Dagger","floor":23,"key":"SMITH"},{"data":"Adrenaline","floor":25,"key":"SMITH"},{"data":"Masterful Stab","floor":29,"key":"SMITH"},{"floor":32,"key":"REST"},{"data":"Footwork","floor":41,"key":"SMITH"},{"floor":49,"key":"REST"}],"neow_cost":"NONE","seed_source_timestamp":941991222785458,"circlet_count":0,"master_deck":["Defend_G+1","Defend_G+1","Defend_G+1","Strike_G+1","Strike_G+1","Survivor+1","Neutralize+1","Backflip+1","Skewer+1","Leg Sweep+1","Terror+1","Masterful Stab+1","Malaise+1","Cloak And Dagger+1","Adrenaline+1","Heel Hook+1","Deadly Poison+1","Blade Dance+1","Distraction+1","After Image+1","Footwork+1","Panache+1","Outmaneuver+1","Catalyst+1","Storm of Steel+1","Jack Of All Trades+1"],"relics":["Ring of the Snake","Bottled Flame","Shuriken","Blue Candle","TwistedFunnel","War Paint","Sozu","Juzu Bracelet","Anchor","Dream Catcher","Runic Pyramid","Membership Card","Unceasing Top","Lantern","Darkstone Periapt","Centennial Puzzle","HandDrill","Paper Crane","Turnip","Mark of the Bloom","Ginger"],"potions_floor_usage":[6,16,50],"damage_taken":[{"damage":0,"enemies":"2 Louse","floor":1,"turns":3},{"damage":0,"enemies":"Cultist","floor":4,"turns":4},{"damage":2,"enemies":"Small Slimes","floor":5,"turns":3},{"damage":21,"enemies":"Gremlin Nob","floor":6,"turns":5},{"damage":28,"enemies":"3 Sentries","floor":8,"turns":13},{"damage":0,"enemies":"Gremlin Nob","floor":13,"turns":2},{"damage":0,"enemies":"3 Louse","floor":14,"turns":2},{"damage":0,"enemies":"Hexaghost","floor":16,"turns":8},{"damage":0,"enemies":"3 Byrds","floor":18,"turns":5},{"damage":0,"enemies":"2 Thieves","floor":19,"turns":4},{"damage":0,"enemies":"Snake Plant","floor":21,"turns":2},{"damage":4,"enemies":"Snecko","floor":22,"turns":5},{"damage":0,"enemies":"Gremlin Leader","floor":24,"turns":7},{"damage":12,"enemies":"Book of Stabbing","floor":27,"turns":4},{"damage":0,"enemies":"Centurion and Healer","floor":30,"turns":3},{"damage":8,"enemies":"Sentry and Sphere","floor":31,"turns":4},{"damage":28,"enemies":"Automaton","floor":33,"turns":9},{"damage":0,"enemies":"Orb Walker","floor":35,"turns":2},{"damage":0,"enemies":"Nemesis","floor":40,"turns":5},{"damage":0,"enemies":"3 Shapes","floor":42,"turns":2},{"damage":0,"enemies":"Giant Head","floor":44,"turns":6},{"damage":0,"enemies":"Reptomancer","floor":47,"turns":5},{"damage":0,"enemies":"Sphere and 2 Shapes","floor":48,"turns":4},{"damage":0,"enemies":"Time Eater","floor":50,"turns":9}],"seed_played":"-2300694332286596201","potions_obtained":[{"floor":5,"key":"Poison Potion"},{"floor":13,"key":"Strength Potion"},{"floor":14,"key":"EssenceOfSteel"}],"is_trial":false,"path_per_floor":["M","?","?","M","M","E","?","E","T","R","$","?","E","M","R","B",null,"M","M","?","M","M","R","E","R","T","E","?","R","M","M","R","B",null,"M","?","?","$","?","E","R","M","T","E","$","?","E","M","R","B"],"character_chosen":"THE_SILENT","items_purchased":["TwistedFunnel","Membership Card","Unceasing Top","Outmaneuver","HandDrill","Paper Crane","Turnip","Jack Of All Trades"],"campfire_rested":2,"item_purchase_floors":[11,38,38,38,45,45,45,45],"current_hp_per_floor":[77,70,70,70,68,47,47,19,19,19,19,19,19,19,19,19,71,71,71,71,71,67,67,67,67,67,55,42,42,42,34,56,28,76,76,76,76,76,76,76,76,76,76,76,76,76,76,76,76,76],"gold":151,"neow_bonus":"TEN_PERCENT_HP_BONUS","is_prod":false,"is_daily":false,"chose_seed":false,"campfire_upgraded":6,"win_rate":0,"timestamp":1540213214,"path_taken":["M","?","?","M","M","E","?","E","T","R","$","?","E","M","R","BOSS","M","M","?","M","M","R","E","R","T","E","?","R","M","M","R","BOSS","M","?","?","$","?","E","R","M","T","E","$","?","E","M","R","BOSS"],"build_version":"2018-10-18","purchased_purges":2,"victory":true,"max_hp_per_floor":[77,77,71,71,71,71,71,71,71,71,71,71,71,71,71,71,71,71,71,71,71,71,71,71,71,71,71,76,76,76,76,76,76,76,76,76,76,76,76,76,76,76,76,76,76,76,76,76,76,76],"card_choices":[{"not_picked":["Acrobatics","Calculated Gamble"],"picked":"Backflip","floor":1},{"not_picked":["Heel Hook","Riddle With Holes"],"picked":"Skewer","floor":4},{"not_picked":["Dagger Spray","Outmaneuver"],"picked":"Leg Sweep","floor":5},{"not_picked":["Deflect","Footwork"],"picked":"Terror","floor":6},{"not_picked":["Poisoned Stab","Slice"],"picked":"Masterful Stab","floor":8},{"not_picked":["Choke","Acrobatics"],"picked":"Malaise","floor":13},{"not_picked":["Choke","Dagger Spray"],"picked":"Cloak And Dagger","floor":14},{"not_picked":["Doppelganger","Malaise"],"picked":"Adrenaline","floor":16},{"not_picked":["Prepared","Deflect"],"picked":"Heel Hook","floor":18},{"not_picked":["Sucker Punch","Leg Sweep"],"picked":"Deadly Poison+1","floor":19},{"not_picked":["Dodge and Roll","Masterful Stab","Outmaneuver+1"],"picked":"SKIP","floor":21},{"not_picked":["Predator","Dagger Spray","Prepared"],"picked":"SKIP","floor":22},{"not_picked":["Underhanded Strike+1","Caltrops"],"picked":"Blade Dance+1","floor":24},{"not_picked":["Blade Dance","Deadly Poison","Quick Slash"],"picked":"SKIP","floor":27},{"not_picked":["Choke+1","Outmaneuver+1","Sucker Punch+1"],"picked":"SKIP","floor":30},{"not_picked":["Reflex","Underhanded Strike"],"picked":"Distraction+1","floor":31},{"not_picked":["Unload","Bullet Time"],"picked":"After Image","floor":33},{"not_picked":["Underhanded Strike","Concentrate+1"],"picked":"Footwork","floor":35},{"not_picked":["Flash of Steel","Swift Strike"],"picked":"Panache","floor":37},{"not_picked":["Prepared+1","Dash","Deflect"],"picked":"SKIP","floor":40},{"not_picked":["Sucker Punch+1","Dagger Throw"],"picked":"Catalyst+1","floor":42},{"not_picked":["Distraction","Infinite Blades"],"picked":"Storm of Steel","floor":44},{"not_picked":["Footwork","Dagger Spray+1","PiercingWail"],"picked":"SKIP","floor":47},{"not_picked":["Bane","Sucker Punch","Flying Knee"],"picked":"SKIP","floor":48}],"player_experience":849717,"relics_obtained":[{"floor":6,"key":"Bottled Flame"},{"floor":8,"key":"Shuriken"},{"floor":9,"key":"Blue Candle"},{"floor":13,"key":"War Paint"},{"floor":24,"key":"Juzu Bracelet"},{"floor":26,"key":"Anchor"},{"floor":27,"key":"Dream Catcher"},{"floor":40,"key":"Lantern"},{"floor":43,"key":"Darkstone Periapt"},{"floor":44,"key":"Centennial Puzzle"},{"floor":47,"key":"Ginger"}],"event_choices":[{"cards_removed":["Defend_G"],"damage_healed":0,"gold_gain":0,"player_choice":"Card Removal","damage_taken":7,"max_hp_gain":0,"max_hp_loss":0,"event_name":"Golden Wing","floor":2,"gold_loss":0},{"damage_healed":0,"gold_gain":0,"player_choice":"Lose Max HP","damage_taken":0,"relics_obtained":["Golden Idol"],"max_hp_gain":0,"max_hp_loss":6,"event_name":"Golden Idol","floor":3,"gold_loss":0},{"damage_healed":0,"gold_gain":0,"player_choice":"Upgraded","damage_taken":0,"max_hp_gain":0,"max_hp_loss":0,"event_name":"Upgrade Shrine","floor":7,"gold_loss":0,"cards_upgraded":["Neutralize"]},{"damage_healed":0,"gold_gain":0,"player_choice":"Forge","damage_taken":0,"max_hp_gain":0,"max_hp_loss":0,"event_name":"Accursed Blacksmith","floor":12,"gold_loss":0,"cards_upgraded":["Skewer"]},{"cards_removed":["Strike_G"],"damage_healed":0,"gold_gain":0,"player_choice":"Offered Basic","damage_taken":0,"max_hp_gain":0,"max_hp_loss":0,"event_name":"Bonfire Elementals","floor":20,"gold_loss":0},{"damage_healed":0,"gold_gain":0,"player_choice":"Shed Blood","damage_taken":18,"max_hp_gain":5,"max_hp_loss":0,"event_name":"Forgotten Altar","floor":28,"gold_loss":0},{"cards_removed":["Strike_G"],"damage_healed":0,"gold_gain":0,"player_choice":"Removed Attack","damage_taken":0,"max_hp_gain":0,"max_hp_loss":0,"event_name":"Falling","floor":36,"gold_loss":0},{"damage_healed":0,"gold_gain":0,"player_choice":"Memory 1","damage_taken":0,"max_hp_gain":0,"max_hp_loss":0,"event_name":"SensoryStone","floor":37,"gold_loss":0},{"damage_healed":0,"gold_gain":333,"player_choice":"Gave Idol","damage_taken":0,"max_hp_gain":0,"max_hp_loss":0,"event_name":"The Moai Head","floor":39,"relics_lost":["Golden Idol"],"gold_loss":0},{"damage_healed":0,"gold_gain":0,"player_choice":"Upgrade","damage_taken":0,"relics_obtained":["Mark of the Bloom"],"max_hp_gain":0,"max_hp_loss":0,"event_name":"MindBloom","floor":46,"gold_loss":0,"cards_upgraded":["Defend_G","Defend_G","Defend_G","Strike_G","Strike_G","Backflip","Heel Hook","After Image","Panache","Outmaneuver","Storm of Steel","Jack Of All Trades"]}],"is_beta":false,"boss_relics":[{"not_picked":["Runic Dome","Orrery"],"picked":"Sozu"},{"not_picked":["Coffee Dripper","Cursed Key"],"picked":"Runic Pyramid"}],"items_purged_floors":[38,45],"is_endless":false,"potions_floor_spawned":[5,13,14,21,24,27,31,33,35,48],"ascension_level":1}