{"gold_per_floor":[111,128,20,33,47,76,87,87,87,119,174,174,184,195,195,271,271,290,309,164,177,197,197,217,217,294,309,320,320,347,347,347,347],"floor_reached":33,"playtime":3668,"items_purged":["Strike_R","Strike_R"],"score":434,"play_id":"223bba1b-bf99-47b1-86a3-42e656ecf09a","local_time":"20190305155352","is_ascension_mode":true,"campfire_choices":[{"data":"Hemokinesis","floor":8.0,"key":"SMITH"},{"floor":12.0,"key":"REST"},{"data":"Flame Barrier","floor":15.0,"key":"SMITH"},{"data":"Uppercut","floor":23,"key":"SMITH"},{"data":"Bash","floor":25,"key":"SMITH"},{"floor":32,"key":"REST"}],"neow_cost":"NONE","seed_source_timestamp":0,"circlet_count":0,"master_deck":["AscendersBane","Strike_R","Strike_R","Strike_R","Defend_R","Defend_R","Defend_R","Defend_R","Bash+1","Cleave","Clothesline","Hemokinesis+1","Combust","Flame Barrier+1","Iron Wave","Body Slam","Uppercut+1","Cleave","Reaper","Thunderclap","Battle Trance","Flash of Steel","Twin Strike","Whirlwind","Limit Break+1"],"special_seed":0,"relics":["Black Blood","Red Skull","Smiling Mask","Paper Frog","Mercury Hourglass","Darkstone Periapt","Bronze Scales"],"potions_floor_usage":[33,33],"damage_taken":[{"damage":11.0,"enemies":"Cultist","floor":1.0,"turns":4.0},{"damage":7.0,"enemies":"Small Slimes","floor":2.0,"turns":3.0},{"damage":4.0,"enemies":"2 Louse","floor":4.0,"turns":2.0},{"damage":21.0,"enemies":"Exordium Thugs","floor":5.0,"turns":4.0},{"damage":29.0,"enemies":"3 Sentries","floor":6.0,"turns":7.0},{"damage":3.0,"enemies":"3 Louse","floor":7.0,"turns":3.0},{"damage":25.0,"enemies":"Lagavulin","floor":10.0,"turns":4.0},{"damage":0.0,"enemies":"Gremlin Gang","floor":13.0,"turns":2.0},{"damage":2.0,"enemies":"2 Fungi Beasts","floor":14.0,"turns":2.0},{"damage":21.0,"enemies":"The Guardian","floor":16.0,"turns":10.0},{"damage":14,"enemies":"Chosen","floor":18,"turns":5},{"damage":24,"enemies":"Spheric Guardian","floor":19,"turns":4},{"damage":39,"enemies":"Centurion and Healer","floor":21,"turns":7},{"damage":4,"enemies":"Snecko","floor":22,"turns":3},{"damage":14,"enemies":"Cultist and Chosen","floor":24,"turns":3},{"damage":24,"enemies":"Centurion and Healer","floor":27,"turns":6},{"damage":20,"enemies":"Chosen and Byrds","floor":28,"turns":6},{"damage":120,"enemies":"Collector","floor":33,"turns":7}],"seed_played":"-8983767412697168230","potions_obtained":[{"floor":4.0,"key":"BloodPotion"},{"floor":5.0,"key":"GamblersBrew"}],"is_trial":false,"path_per_floor":["M","M","$","M","M","E","M","R","T","E","?","R","M","M","R","B",null,"M","M","$","M","M","R","M","R","T","M","M","?","T","?","R","B"],"character_chosen":"IRONCLAD","items_purchased":["Hemokinesis","Flash of Steel"],"campfire_rested":2,"item_purchase_floors":[3,20],"current_hp_per_floor":[67,66,66,68,53,30,33,33,33,14,14,38,44,48,48,33,68,64,50,50,33,51,51,47,47,47,47,46,31,31,31,56,0],"gold":347,"neow_bonus":"RANDOM_COMMON_RELIC","is_prod":false,"is_daily":false,"chose_seed":false,"campfire_upgraded":4,"win_rate":0,"timestamp":1551819232,"path_taken":["M","?","$","M","?","E","M","R","T","E","?","R","M","M","R","BOSS","M","M","$","M","M","R","M","R","T","M","M","?","?","?","R","BOSS"],"build_version":"2019-01-23","purchased_purges":2,"victory":false,"max_hp_per_floor":[80,80,80,80,80,80,80,80,80,80,80,80,80,80,80,80,80,80,80,80,80,80,80,80,80,80,80,80,85,85,85,85,85],"card_choices":[{"not_picked":["Wild Strike","Havoc"],"picked":"Cleave","floor":1.0},{"not_picked":["Wild Strike","Dual Wield"],"picked":"Clothesline","floor":2.0},{"not_picked":["Clash","Entrench"],"picked":"Combust","floor":4.0},{"not_picked":["Body Slam","Havoc"],"picked":"Flame Barrier","floor":5.0},{"not_picked":["Wild Strike","Exhume"],"picked":"Iron Wave","floor":6.0},{"not_picked":["Blood for Blood","Shrug It Off"],"picked":"Body Slam","floor":7.0},{"not_picked":["Dropkick","Heavy Blade"],"picked":"Uppercut","floor":10.0},{"not_picked":["Flex","Feel No Pain","Burning Pact"],"picked":"SKIP","floor":13.0},{"not_picked":["Perfected Strike","Warcry"],"picked":"Cleave","floor":14.0},{"not_picked":["Berserk","Dark Embrace"],"picked":"Reaper","floor":16.0},{"not_picked":["Sword Boomerang","Warcry"],"picked":"Thunderclap","floor":18},{"not_picked":["Shrug It Off","Havoc"],"picked":"Battle Trance","floor":19},{"not_picked":["Reckless Charge+1","Cleave"],"picked":"Twin Strike","floor":21},{"not_picked":["Iron Wave","Warcry"],"picked":"Whirlwind","floor":22},{"not_picked":["Flex","Twin Strike","Burning Pact+1"],"picked":"SKIP","floor":24},{"not_picked":["Clash","Wild Strike"],"picked":"Limit Break","floor":27},{"not_picked":["Flex","Searing Blow","Body Slam"],"picked":"SKIP","floor":28}],"player_experience":602870,"relics_obtained":[{"floor":6.0,"key":"Smiling Mask"},{"floor":9.0,"key":"Paper Frog"},{"floor":10.0,"key":"Mercury Hourglass"},{"floor":26,"key":"Darkstone Periapt"},{"floor":30,"key":"Bronze Scales"}],"event_choices":[{"damage_healed":0.0,"max_hp_gain":0.0,"max_hp_loss":0.0,"gold_gain":55.0,"event_name":"Golden Wing","player_choice":"Gained Gold","floor":11.0,"gold_loss":0.0,"damage_taken":0.0},{"damage_healed":0,"gold_gain":0,"player_choice":"Shed Blood","damage_taken":20,"max_hp_gain":5,"max_hp_loss":0,"event_name":"Forgotten Altar","floor":29,"gold_loss":0},{"damage_healed":0,"gold_gain":0,"player_choice":"Upgraded","damage_taken":0,"max_hp_gain":0,"max_hp_loss":0,"event_name":"Upgrade Shrine","floor":31,"gold_loss":0,"cards_upgraded":["Limit Break"]}],"is_beta":false,"boss_relics":[{"not_picked":["Cursed Key","Runic Cube"],"picked":"Black Blood"}],"items_purged_floors":[3,20],"is_endless":false,"potions_floor_spawned":[4,5,6,7,13,21,22,28],"killed_by":"Collector","ascension_level":13}