{"gold_per_floor":[114,114,189,206,381,392,92,106,151,161,161,161,175,250,250,250],"floor_reached":16,"playtime":845,"items_purged":["Doubt"],"score":92,"play_id":"4fbaa212-74f5-4e82-9cf1-3905220a0fbd","local_time":"20190114205139","is_ascension_mode":false,"campfire_choices":[{"data":"Bash","floor":12,"key":"SMITH"},{"data":"Body Slam","floor":15,"key":"SMITH"}],"neow_cost":"NONE","seed_source_timestamp":8185608523138,"circlet_count":0,"master_deck":["Strike_R","Strike_R","Strike_R","Strike_R","Defend_R+1","Defend_R","Defend_R","Defend_R","Bash+1","Seeing Red+1","Shrug It Off","Shrug It Off","Body Slam+1","Blood for Blood","Disarm"],"relics":["Burning Blood","Strawberry","Membership Card","Vajra"],"potions_floor_usage":[8],"damage_taken":[{"damage":6,"enemies":"Jaw Worm","floor":1,"turns":5},{"damage":9,"enemies":"Small Slimes","floor":4,"turns":4},{"damage":1,"enemies":"Cultist","floor":6,"turns":5},{"damage":3,"enemies":"2 Fungi Beasts","floor":8,"turns":4},{"damage":0,"enemies":"Gremlin Gang","floor":10,"turns":7},{"damage":16,"enemies":"Exordium Wildlife","floor":13,"turns":6},{"damage":52,"enemies":"Slime Boss","floor":16,"turns":12}],"seed_played":"-3759009257531358865","potions_obtained":[{"floor":1,"key":"LiquidBronze"},{"floor":4,"key":"SpeedPotion"},{"floor":6,"key":"SpeedPotion"}],"is_trial":false,"path_per_floor":["M","?","?","M","?","M","$","M","T","M","?","R","M","?","R","B"],"character_chosen":"IRONCLAD","items_purchased":["Membership Card","Body Slam"],"campfire_rested":0,"item_purchase_floors":[7,7],"current_hp_per_floor":[87,70,59,56,56,61,61,64,64,70,70,70,60,52,52,0],"gold":250,"neow_bonus":"RANDOM_COMMON_RELIC","is_prod":false,"is_daily":false,"chose_seed":false,"campfire_upgraded":2,"win_rate":0,"timestamp":1547517099,"path_taken":["M","?","?","M","?","M","$","M","T","M","?","R","?","?","R","BOSS"],"build_version":"2019-01-10","purchased_purges":1,"victory":false,"max_hp_per_floor":[87,87,87,87,87,87,87,87,87,87,87,87,87,87,87,87],"card_choices":[{"not_picked":["Rupture","Shrug It Off"],"picked":"Seeing Red","floor":1},{"not_picked":["Cleave","Heavy Blade"],"picked":"Shrug It Off","floor":4},{"not_picked":["Rupture","Seeing Red"],"picked":"Shrug It Off","floor":6},{"not_picked":["Clash","Anger","Havoc"],"picked":"SKIP","floor":8},{"not_picked":["Intimidate","Sword Boomerang","Clothesline"],"picked":"SKIP","floor":10},{"not_picked":["Reaper","Entrench"],"picked":"Disarm","floor":13}],"player_experience":325959,"relics_obtained":[{"floor":9,"key":"Vajra"}],"event_choices":[{"damage_healed":0,"gold_gain":0,"player_choice":"Entered Light","damage_taken":17,"max_hp_gain":0,"max_hp_loss":0,"event_name":"Shining Light","floor":2,"gold_loss":0,"cards_upgraded":["Seeing Red","Defend_R"]},{"damage_healed":0,"gold_gain":75,"player_choice":"Gather Gold","damage_taken":11,"max_hp_gain":0,"max_hp_loss":0,"event_name":"World of Goop","floor":3,"gold_loss":0},{"damage_healed":0,"gold_gain":175,"player_choice":"AGREE","damage_taken":0,"max_hp_gain":0,"max_hp_loss":0,"event_name":"Liars Game","floor":5,"gold_loss":0,"cards_obtained":["Doubt"]},{"damage_healed":0,"gold_gain":0,"cards_transformed":["Strike_R"],"player_choice":"Transformed","damage_taken":0,"max_hp_gain":0,"max_hp_loss":0,"event_name":"Transmorgrifier","floor":11,"gold_loss":0,"cards_obtained":["Blood for Blood"]},{"damage_healed":0,"gold_gain":75,"player_choice":"Touch","damage_taken":8,"max_hp_gain":0,"max_hp_loss":0,"event_name":"FaceTrader","floor":14,"gold_loss":0}],"is_beta":false,"boss_relics":[],"items_purged_floors":[7],"is_endless":false,"potions_floor_spawned":[1,4,6],"killed_by":"Slime Boss","ascension_level":0}