{"gold_per_floor":[17,37,47,57,70,70,99,24,24,24,43,43,43,43,43,115,115,134,145,162,162,179,210,210,260,260,280,280,293,306,317,317,317],"floor_reached":33,"playtime":3090,"items_purged":["Strike_G"],"score":478,"play_id":"29fe774a-8e6a-4e60-89bc-c80660cab96a","local_time":"20190308014908","is_ascension_mode":true,"campfire_choices":[{"data":"Neutralize","floor":6.0,"key":"SMITH"},{"data":"Bouncing Flask","floor":12.0,"key":"SMITH"},{"data":"Dash","floor":15.0,"key":"SMITH"},{"floor":24,"key":"REST"},{"floor":28,"key":"REST"},{"floor":32,"key":"REST"}],"neow_cost":"NO_GOLD","seed_source_timestamp":1828503789824747,"circlet_count":0,"master_deck":["AscendersBane","Defend_G+1","Defend_G+1","Defend_G+1","Defend_G+1","Defend_G+1","Strike_G+1","Strike_G+1","Survivor","Neutralize+1","Underhanded Strike","Bouncing Flask+1","Dash+1","Dagger Spray","Backstab","Sucker Punch+1","Prepared","Poisoned Stab","Die Die Die","Cloak And Dagger","PiercingWail","Catalyst","Backflip","Noxious Fumes"],"special_seed":0,"relics":["Ring of the Snake","Pen Nib","Bottled Flame","Singing Bowl","WristBlade","PreservedInsect","Sundial"],"potions_floor_usage":[23,23,29,33],"damage_taken":[{"damage":1.0,"enemies":"Cultist","floor":1.0,"turns":3.0},{"damage":0.0,"enemies":"Small Slimes","floor":2.0,"turns":4.0},{"damage":0.0,"enemies":"2 Louse","floor":3.0,"turns":3.0},{"damage":3.0,"enemies":"Blue Slaver","floor":4.0,"turns":3.0},{"damage":5.0,"enemies":"2 Fungi Beasts","floor":5.0,"turns":2.0},{"damage":9.0,"enemies":"3 Sentries","floor":7.0,"turns":8.0},{"damage":0.0,"enemies":"Red Slaver","floor":11.0,"turns":2.0},{"damage":22.0,"enemies":"The Guardian","floor":16.0,"turns":8.0},{"damage":12.0,"enemies":"3 Byrds","floor":18.0,"turns":4.0},{"damage":12.0,"enemies":"Shell Parasite","floor":19.0,"turns":4.0},{"damage":16.0,"enemies":"Centurion and Healer","floor":20.0,"turns":6.0},{"damage":0.0,"enemies":"Snecko","floor":22.0,"turns":4.0},{"damage":17,"enemies":"Gremlin Leader","floor":23,"turns":8},{"damage":0,"enemies":"Snake Plant","floor":27,"turns":5},{"damage":0,"enemies":"Shelled Parasite and Fungi","floor":29,"turns":3},{"damage":8,"enemies":"3 Cultists","floor":30,"turns":6},{"damage":0,"enemies":"Centurion and Healer","floor":31,"turns":7},{"damage":70,"enemies":"Automaton","floor":33,"turns":10}],"seed_played":"-3711345630934224810","potions_obtained":[{"floor":2.0,"key":"PowerPotion"},{"floor":3.0,"key":"GhostInAJar"},{"floor":18.0,"key":"SkillPotion"},{"floor":19.0,"key":"Energy Potion"},{"floor":27,"key":"Fire Potion"},{"floor":30,"key":"Fire Potion"}],"is_trial":false,"path_per_floor":["M","M","M","M","M","R","E","$","T","?","M","R","?","?","R","B",null,"M","M","M","?","M","E","R","?","T","M","R","M","M","M","R","B"],"character_chosen":"THE_SILENT","items_purchased":[],"campfire_rested":3,"item_purchase_floors":[],"current_hp_per_floor":[58,58,58,55,50,50,41,41,41,41,41,41,41,41,41,19,54,42,30,16,16,18,1,22,22,22,24,45,45,39,39,61,0],"gold":317,"neow_bonus":"TRANSFORM_TWO_CARDS","is_prod":false,"is_daily":false,"chose_seed":false,"campfire_upgraded":3,"win_rate":0,"timestamp":1552027748,"path_taken":["M","M","M","M","?","R","E","?","T","?","M","R","?","?","R","BOSS","M","M","M","?","M","E","R","?","T","M","R","M","?","M","R","BOSS"],"build_version":"2019-01-23","purchased_purges":1,"victory":false,"max_hp_per_floor":[66,66,66,66,66,66,66,66,66,66,66,66,66,66,66,66,66,66,66,68,68,70,70,70,70,70,72,72,72,74,74,74,74],"card_choices":[{"not_picked":["Slice","Blade Dance"],"picked":"Dash","floor":1.0},{"not_picked":["Calculated Gamble","Outmaneuver"],"picked":"Dagger Spray","floor":2.0},{"not_picked":["Reflex","Slice"],"picked":"Backstab","floor":3.0},{"not_picked":["Bane","Predator"],"picked":"Sucker Punch","floor":4.0},{"not_picked":["Flying Knee","Dodge and Roll"],"picked":"Prepared","floor":5.0},{"not_picked":["Underhanded Strike","Prepared","Poisoned Stab"],"picked":"SKIP","floor":7.0},{"not_picked":["Cloak And Dagger","Tools of the Trade"],"picked":"Poisoned Stab","floor":11.0},{"not_picked":["Glass Knife","Storm of Steel"],"picked":"Die Die Die","floor":16.0},{"not_picked":["Dagger Spray","Backstab"],"picked":"Cloak And Dagger","floor":18.0},{"not_picked":["Prepared","Poisoned Stab"],"picked":"PiercingWail","floor":19.0},{"not_picked":["Poisoned Stab","Acrobatics","Distraction"],"picked":"Singing Bowl","floor":20.0},{"not_picked":["Prepared+1","Eviscerate","Bouncing Flask"],"picked":"Singing Bowl","floor":22.0},{"not_picked":["Dagger Throw","Accuracy"],"picked":"Catalyst","floor":23},{"not_picked":["Deadly Poison","Flechettes","Die Die Die"],"picked":"Singing Bowl","floor":27},{"not_picked":["PiercingWail","Flying Knee"],"picked":"Backflip","floor":29},{"not_picked":["Dash","Terror","Infinite Blades"],"picked":"Singing Bowl","floor":30},{"not_picked":["Bane","Well Laid Plans"],"picked":"Noxious Fumes","floor":31}],"player_experience":651072,"relics_obtained":[{"floor":7.0,"key":"Pen Nib"},{"floor":9.0,"key":"Bottled Flame"},{"floor":23,"key":"PreservedInsect"},{"floor":26,"key":"Sundial"}],"event_choices":[{"damage_healed":0.0,"max_hp_gain":0.0,"max_hp_loss":0.0,"gold_gain":0.0,"event_name":"Golden Idol","player_choice":"Ignored","floor":10.0,"gold_loss":0.0,"damage_taken":0.0},{"damage_healed":0.0,"max_hp_gain":0.0,"max_hp_loss":0.0,"gold_gain":0.0,"event_name":"Living Wall","player_choice":"Grow","floor":13.0,"gold_loss":0.0,"damage_taken":0.0,"cards_upgraded":["Sucker Punch"]},{"damage_healed":0.0,"max_hp_gain":0.0,"max_hp_loss":0.0,"gold_gain":0.0,"event_name":"Dead Adventurer","player_choice":"Searched \u00271\u0027 times","floor":14.0,"gold_loss":0.0,"damage_taken":0.0,"relics_obtained":["Singing Bowl"]},{"damage_healed":0.0,"max_hp_gain":0.0,"max_hp_loss":0.0,"gold_gain":0.0,"event_name":"Back to Basics","player_choice":"Simplicity","floor":21.0,"gold_loss":0.0,"damage_taken":0.0,"cards_upgraded":["Defend_G","Defend_G","Defend_G","Defend_G","Defend_G","Strike_G","Strike_G"]},{"damage_healed":0,"gold_gain":50,"player_choice":"Pray","damage_taken":0,"max_hp_gain":0,"max_hp_loss":0,"event_name":"Golden Shrine","floor":25,"gold_loss":0}],"is_beta":false,"boss_relics":[{"not_picked":["Runic Dome","Orrery"],"picked":"WristBlade"}],"items_purged_floors":[8],"is_endless":false,"potions_floor_spawned":[2,3,4,18,19,27,30],"killed_by":"Automaton","ascension_level":15}