{"gold_per_floor":[211,231,160,178,189,189,218,218,218,23,23,23,54,19,19,19],"floor_reached":16,"playtime":1117,"items_purged":[],"score":162,"play_id":"7e1d9a54-5b56-4a67-805d-ff12b8482121","local_time":"20190213194133","is_ascension_mode":true,"campfire_choices":[{"data":"Bash","floor":6.0,"key":"SMITH"},{"data":"Flame Barrier","floor":8.0,"key":"SMITH"},{"data":"Inflame","floor":11.0,"key":"SMITH"},{"floor":15.0,"key":"REST"}],"neow_cost":"NONE","seed_source_timestamp":5354800320779,"circlet_count":0,"master_deck":["AscendersBane","Strike_R","Strike_R","Strike_R","Strike_R","Strike_R","Defend_R","Defend_R","Defend_R","Defend_R","Bash+1","Flame Barrier+1","Inflame+1","Shrug It Off","Pommel Strike","Cleave"],"special_seed":0,"relics":["Burning Blood","Darkstone Periapt","Bottled Tornado","Chemical X","Toxic Egg 2"],"potions_floor_usage":[],"damage_taken":[{"damage":6.0,"enemies":"Cultist","floor":1.0,"turns":4.0},{"damage":10.0,"enemies":"Small Slimes","floor":2.0,"turns":4.0},{"damage":3.0,"enemies":"2 Louse","floor":4.0,"turns":4.0},{"damage":5.0,"enemies":"Exordium Wildlife","floor":5.0,"turns":5.0},{"damage":18.0,"enemies":"Lagavulin","floor":7.0,"turns":5.0},{"damage":42.0,"enemies":"3 Sentries","floor":13.0,"turns":10.0},{"damage":69,"enemies":"Slime Boss","floor":16,"turns":9}],"seed_played":"-8396988538728677030","potions_obtained":[{"floor":2.0,"key":"Energy Potion"},{"floor":4.0,"key":"AttackPotion"}],"is_trial":false,"path_per_floor":["M","M","$","M","M","R","E","R","T","$","R","$","E","?","R","B"],"character_chosen":"IRONCLAD","items_purchased":["Inflame","Chemical X"],"campfire_rested":1,"item_purchase_floors":[3,10],"current_hp_per_floor":[72,68,68,71,72,72,60,60,60,60,60,60,24,44,68,0],"gold":19,"neow_bonus":"HUNDRED_GOLD","is_prod":false,"is_daily":false,"chose_seed":false,"campfire_upgraded":3,"win_rate":0,"timestamp":1550104893,"path_taken":["M","M","$","M","M","R","E","R","T","?","R","$","E","?","R","BOSS"],"build_version":"2019-01-23","purchased_purges":0,"victory":false,"max_hp_per_floor":[80,80,80,80,80,80,80,80,80,80,80,80,80,80,80,80],"card_choices":[{"not_picked":["Thunderclap","Hemokinesis"],"picked":"Flame Barrier","floor":1.0},{"not_picked":["Perfected Strike","Headbutt","Ghostly Armor"],"picked":"SKIP","floor":2.0},{"not_picked":["Battle Trance","Thunderclap"],"picked":"Shrug It Off","floor":4.0},{"not_picked":["Clash","Iron Wave"],"picked":"Pommel Strike","floor":5.0},{"not_picked":["Entrench","Thunderclap","Battle Trance"],"picked":"SKIP","floor":7.0},{"not_picked":["Searing Blow","Juggernaut"],"picked":"Cleave","floor":13.0}],"player_experience":456552,"relics_obtained":[{"floor":7.0,"key":"Darkstone Periapt"},{"floor":9.0,"key":"Bottled Tornado"},{"floor":13.0,"key":"Toxic Egg 2"}],"event_choices":[{"damage_healed":20.0,"max_hp_gain":0.0,"max_hp_loss":0.0,"gold_gain":0.0,"event_name":"The Cleric","player_choice":"Healed","floor":14.0,"gold_loss":35.0,"damage_taken":0.0}],"is_beta":false,"boss_relics":[],"items_purged_floors":[],"is_endless":false,"potions_floor_spawned":[2,4],"killed_by":"Slime Boss","ascension_level":10}