{"gold_per_floor":[145,161,161,161,172,172,200,217,217,229,0,16,16,16,16,139,139,134,134,59,59,78,98,98,113,113,113,152,152,173,88,88,88],"floor_reached":33,"playtime":1465,"items_purged":["Strike_R"],"score":321,"play_id":"d7df5a87-cd7e-4018-bc48-26180cb2b40c","local_time":"20180809234028","is_ascension_mode":true,"campfire_choices":[{"data":"True Grit","floor":6,"key":"SMITH"},{"floor":13,"key":"REST"},{"floor":15,"key":"REST"},{"data":"Whirlwind","floor":24,"key":"SMITH"},{"data":"Bash","floor":27,"key":"SMITH"},{"floor":29,"key":"REST"},{"floor":32,"key":"REST"}],"neow_cost":"NONE","seed_source_timestamp":70878667635165,"circlet_count":0,"master_deck":["Strike_R+1","Strike_R","Strike_R","Defend_R","Defend_R+1","Defend_R","Defend_R","Bash+1","True Grit+1","Offering","Clash","RitualDagger","Whirlwind+1"],"relics":["Burning Blood","Tiny Chest","Bag of Preparation","Potion Belt","Juzu Bracelet","Golden Idol","Busted Crown","Matryoshka","Unceasing Top","Pen Nib","Red Mask","Art of War"],"potions_floor_usage":[16,16,23,33,33],"damage_taken":[{"damage":8,"enemies":"2 Louse","floor":1,"turns":3},{"damage":4,"enemies":"Jaw Worm","floor":2,"turns":5},{"damage":1,"enemies":"Small Slimes","floor":5,"turns":5},{"damage":34,"enemies":"Gremlin Nob","floor":7,"turns":5},{"damage":10,"enemies":"Exordium Thugs","floor":8,"turns":8},{"damage":6,"enemies":"Blue Slaver","floor":10,"turns":5},{"damage":0,"enemies":"2 Fungi Beasts","floor":12,"turns":4},{"damage":61,"enemies":"Hexaghost","floor":16,"turns":13},{"damage":10,"enemies":"2 Thieves","floor":18,"turns":4},{"damage":17,"enemies":"Spheric Guardian","floor":22,"turns":5},{"damage":13,"enemies":"Cultist and Chosen","floor":23,"turns":4},{"damage":6,"enemies":"3 Cultists","floor":25,"turns":3},{"damage":10,"floor":28,"turns":3},{"damage":6,"enemies":"Snake Plant","floor":30,"turns":2},{"damage":97,"enemies":"Champ","floor":33,"turns":9}],"seed_played":"1113882241349443324","potions_obtained":[{"floor":7,"key":"SkillPotion"},{"floor":10,"key":"Energy Potion"},{"floor":16,"key":"Energy Potion"},{"floor":22,"key":"Swift Potion"},{"floor":28,"key":"GamblersBrew"}],"is_trial":false,"path_per_floor":["M","M","?","?","M","R","E","M","T","M","$","M","R","?","R","B",null,"M","?","?","T","M","M","R","M","T","R","?","R","M","?","R"],"character_chosen":"IRONCLAD","items_purchased":["Juzu Bracelet"],"campfire_rested":4,"item_purchase_floors":[11],"current_hp_per_floor":[70,72,56,56,61,61,33,29,29,29,29,35,59,39,63,8,62,58,52,52,52,41,34,34,34,34,34,30,54,54,54,78,0],"gold":88,"neow_bonus":"RANDOM_COMMON_RELIC","is_prod":false,"is_daily":false,"chose_seed":false,"campfire_upgraded":3,"win_rate":0,"timestamp":1533872428,"path_taken":["M","M","?","?","M","R","E","M","T","M","?","M","R","?","R","BOSS","M","?","?","?","M","M","R","M","T","R","?","R","M","?","R","BOSS"],"build_version":"2018-08-09","purchased_purges":1,"victory":false,"max_hp_per_floor":[80,80,80,80,80,80,80,80,80,80,80,80,80,80,80,80,80,80,80,80,80,80,80,80,80,80,80,80,80,80,80,80,80],"card_choices":[{"not_picked":["Cleave","Shrug It Off","Body Slam"],"picked":"SKIP","floor":1},{"not_picked":["Power Through","Wild Strike","Bloodletting"],"picked":"SKIP","floor":2},{"not_picked":["Dark Embrace","Flame Barrier"],"picked":"True Grit","floor":5},{"not_picked":["Headbutt","Armaments"],"picked":"Offering","floor":7},{"not_picked":["Ghostly Armor","Perfected Strike","Seeing Red"],"picked":"SKIP","floor":8},{"not_picked":["Armaments","Perfected Strike","Fire Breathing"],"picked":"SKIP","floor":10},{"not_picked":["Searing Blow","Armaments"],"picked":"Clash","floor":12},{"not_picked":["True Grit+1"],"picked":"SKIP","floor":18},{"not_picked":[],"picked":"Whirlwind","floor":22},{"not_picked":["Rupture"],"picked":"SKIP","floor":23},{"not_picked":["Cleave"],"picked":"SKIP","floor":25},{"not_picked":["Cleave"],"picked":"SKIP","floor":25},{"not_picked":["Whirlwind"],"picked":"SKIP","floor":30}],"player_experience":179163,"relics_obtained":[{"floor":7,"key":"Bag of Preparation"},{"floor":9,"key":"Potion Belt"},{"floor":21,"key":"Matryoshka"},{"floor":26,"key":"Unceasing Top"},{"floor":26,"key":"Pen Nib"},{"floor":28,"key":"Red Mask"}],"event_choices":[{"event_name":"Shining Light","player_choice":"Entered Light","floor":3,"damage_taken":0},{"event_name":"Liars Game","player_choice":"disagreed","floor":4,"damage_taken":0},{"event_name":"Golden Idol","player_choice":"Take Damage","floor":14,"damage_taken":0},{"event_name":"Nest","player_choice":"Joined the Cult","floor":19,"damage_taken":0},{"event_name":"Beggar","player_choice":"Gave Gold","floor":20,"damage_taken":0},{"event_name":"Masked Bandits","player_choice":"Fought Bandits","floor":28,"damage_taken":0},{"event_name":"Addict","player_choice":"Obtained Relic","floor":31,"damage_taken":0}],"is_beta":false,"boss_relics":[{"not_picked":["White Beast Statue","Philosopher\u0027s Stone"],"picked":"Busted Crown"}],"items_purged_floors":[11],"is_endless":false,"potions_floor_spawned":[7,10,16,22,28],"killed_by":"Champ","ascension_level":6}