{"gold_per_floor":[110,130,141,241,261,261,273,293,293,310,62,62,80,97,97,202,232,251,265,265,265,279,297,297,297,297,317,317,329,343,12,12,113,113,133,145,145,155,209,209,228,243,243,243,290,290,290,308,308,308],"floor_reached":50,"playtime":3902,"items_purged":["Defend_B"],"score":469,"play_id":"ac34b7e0-a21f-4205-9d40-cd4056067dfb","local_time":"20180716130604","is_ascension_mode":false,"campfire_choices":[{"data":"Zap","floor":6,"key":"SMITH"},{"data":"Ball Lightning","floor":12,"key":"SMITH"},{"data":"Darkness","floor":15,"key":"SMITH"},{"floor":24,"key":"REST"},{"data":"FTL","floor":28,"key":"SMITH"},{"floor":32,"key":"REST"},{"data":"Electrodynamics","floor":40,"key":"SMITH"},{"data":"Strike_B","floor":47,"key":"PURGE"},{"data":"Defend_B","floor":49,"key":"PURGE"}],"neow_cost":"","seed_source_timestamp":149928866848595,"circlet_count":0,"master_deck":["Strike_B","Strike_B","Defend_B","Defend_B","Zap+1","Dualcast","Melter+1","Ball Lightning+1","Go for the Eyes+1","FTL+1","BootSequence","FTL+1","Darkness+1","Ball Lightning","Electrodynamics+1","Cold Snap","Sweeping Beam+1","FTL+1","Sweeping Beam+1","Machine Learning","Self Repair","Static Discharge+1","Steam+1","All For One","Doom and Gloom","Ball Lightning+1","Gash+1","Sweeping Beam+1","Beam Cell+1"],"relics":["Cracked Core","Whetstone","Pantograph","Tiny House","Enchiridion","Bottled Tornado","Dodecahedron","Coffee Dripper","Peace Pipe","Juzu Bracelet","Happy Flower"],"potions_floor_usage":[3,16,16,16,23,30,33,36,38,50,50,50],"damage_taken":[{"damage":5,"enemies":"Jaw Worm","floor":1,"turns":4},{"damage":1,"enemies":"Cultist","floor":2,"turns":3},{"damage":5,"enemies":"Small Slimes","floor":3,"turns":2},{"damage":3,"enemies":"2 Fungi Beasts","floor":5,"turns":3},{"damage":10,"enemies":"Exordium Thugs","floor":7,"turns":4},{"damage":0,"enemies":"Blue Slaver","floor":8,"turns":2},{"damage":0,"enemies":"Lots of Slimes","floor":10,"turns":3},{"damage":0,"enemies":"Large Slime","floor":13,"turns":4},{"damage":0,"enemies":"Looter","floor":14,"turns":2},{"damage":30,"enemies":"Hexaghost","floor":16,"turns":6},{"damage":0,"enemies":"Spheric Guardian","floor":18,"turns":2},{"damage":0,"enemies":"3 Byrds","floor":19,"turns":3},{"damage":17,"enemies":"Centurion and Healer","floor":22,"turns":5},{"damage":8,"enemies":"3 Cultists","floor":23,"turns":4},{"damage":0,"enemies":"Cultist and Chosen","floor":27,"turns":3},{"damage":5,"enemies":"Chosen and Byrds","floor":29,"turns":3},{"damage":0,"enemies":"Slaver and Parasite","floor":30,"turns":3},{"damage":49,"enemies":"Champ","floor":33,"turns":7},{"damage":0,"enemies":"Orb Walker","floor":35,"turns":2},{"damage":0,"enemies":"Flame Bruiser 1 Orb","floor":36,"turns":3},{"damage":0,"enemies":"Sphere and 2 Shapes","floor":38,"turns":3},{"damage":13,"floor":39,"turns":2},{"damage":0,"enemies":"Transient","floor":41,"turns":5},{"damage":11,"enemies":"Flame Bruiser 2 Orb","floor":42,"turns":3},{"damage":2,"enemies":"4 Shapes","floor":48,"turns":3},{"damage":123,"enemies":"Time Eater","floor":50,"turns":8}],"seed_played":"5865377167976990919","potions_obtained":[{"floor":2,"key":"SteroidPotion"},{"floor":7,"key":"PowerPotion"},{"floor":8,"key":"LiquidBronze"},{"floor":13,"key":"Block Potion"},{"floor":16,"key":"EssenceOfSteel"},{"floor":17,"key":"Block Potion"},{"floor":19,"key":"SpeedPotion"},{"floor":23,"key":"FearPotion"},{"floor":30,"key":"Explosive Potion"},{"floor":33,"key":"Dexterity Potion"},{"floor":35,"key":"AttackPotion"},{"floor":36,"key":"Poison Potion"},{"floor":44,"key":"Regen Potion"},{"floor":44,"key":"Dexterity Potion"},{"floor":48,"key":"Block Potion"}],"is_trial":false,"path_per_floor":["M","M","M","?","M","R","M","M","T","M","$","R","M","M","R","B",null,"M","M","?","?","M","M","R","?","T","M","R","M","M","$","R","B",null,"M","M","?","M","?","R","M","M","T","?","T","?","R","M","R"],"character_chosen":"DEFECT","items_purchased":["Pantograph","Dodecahedron"],"campfire_rested":2,"item_purchase_floors":[11,31],"current_hp_per_floor":[70,69,64,64,61,61,51,51,51,51,51,51,51,51,51,45,80,80,80,64,64,47,39,63,63,63,63,63,65,65,65,80,31,80,80,80,80,80,67,67,74,70,70,70,70,70,70,68,68,0],"gold":308,"neow_bonus":"","is_prod":false,"is_daily":false,"chose_seed":false,"campfire_upgraded":5,"win_rate":0.0,"timestamp":1531760764,"path_taken":["M","M","M","?","M","R","M","M","T","?","?","R","?","M","R","BOSS","M","M","?","?","M","M","R","?","T","M","R","M","M","?","R","BOSS","M","?","?","M","?","R","?","M","T","?","?","?","R","M","R","BOSS"],"build_version":"2018-07-12","purchased_purges":1,"victory":false,"max_hp_per_floor":[75,75,75,75,75,75,75,75,75,75,75,75,75,75,75,75,80,80,80,80,80,80,80,80,80,80,80,80,80,80,80,80,80,80,80,80,80,80,80,80,80,80,80,80,80,80,80,80,80,80],"card_choices":[{"not_picked":["Sweeping Beam","Leap"],"picked":"Melter","floor":1},{"not_picked":["Aggregate","Capacitor"],"picked":"Ball Lightning","floor":2},{"not_picked":["Glacier","Ball Lightning"],"picked":"Go for the Eyes","floor":3},{"not_picked":["Ball Lightning","Beam Cell"],"picked":"FTL","floor":5},{"not_picked":["Go for the Eyes","Static Discharge"],"picked":"BootSequence","floor":7},{"not_picked":["Stack","Ball Lightning","Thunder Strike"],"picked":"SKIP","floor":8},{"not_picked":["Cold Snap","Stack"],"picked":"FTL","floor":10},{"not_picked":["Scrape","Capacitor"],"picked":"Darkness","floor":13},{"not_picked":["Stack","Gash"],"picked":"Ball Lightning","floor":14},{"not_picked":["Rainbow","Amplify"],"picked":"Electrodynamics","floor":16},{"not_picked":["Aggregate","Storm"],"picked":"Cold Snap","floor":17},{"not_picked":["Conserve Battery","Sweeping Beam"],"picked":"Hologram","floor":18},{"not_picked":["Hologram","Storm+1"],"picked":"Sweeping Beam+1","floor":19},{"not_picked":["Auto Shields","Sweeping Beam+1","Redo"],"picked":"SKIP","floor":22},{"not_picked":["Auto Shields","Redo"],"picked":"Sweeping Beam+1","floor":22},{"not_picked":["Stack","Defragment"],"picked":"Machine Learning","floor":23},{"not_picked":["Steam","Hologram"],"picked":"Static Discharge+1","floor":27},{"not_picked":["Reinforced Body","Chill+1"],"picked":"Steam+1","floor":29},{"not_picked":["Compile Driver","Steam Power","Steam+1"],"picked":"SKIP","floor":30},{"not_picked":["Machine Learning","Fission"],"picked":"All For One","floor":33},{"not_picked":["Defragment","Heatsinks","Coolheaded"],"picked":"SKIP","floor":35},{"not_picked":["Stack","Scrape+1"],"picked":"Doom and Gloom","floor":36},{"not_picked":["Barrage","Doom and Gloom","Hologram"],"picked":"SKIP","floor":38},{"not_picked":["Genetic Algorithm+1","BootSequence+1"],"picked":"Ball Lightning+1","floor":39},{"not_picked":["Go for the Eyes+1","Conserve Battery"],"picked":"Gash+1","floor":41},{"not_picked":["Leap+1","Ball Lightning"],"picked":"Sweeping Beam+1","floor":42},{"not_picked":["Genetic Algorithm","Steam"],"picked":"Beam Cell+1","floor":48}],"player_experience":37917,"relics_obtained":[{"floor":9,"key":"Whetstone"},{"floor":20,"key":"Enchiridion"},{"floor":26,"key":"Bottled Tornado"},{"floor":39,"key":"Peace Pipe"},{"floor":43,"key":"Juzu Bracelet"},{"floor":45,"key":"Happy Flower"}],"event_choices":[{"event_name":"Golden Shrine","player_choice":"Pray","floor":4,"damage_taken":0},{"event_name":"Cursed Tome","player_choice":"Obtained Book","floor":20,"damage_taken":0},{"event_name":"Duplicator","player_choice":"One dupe","floor":21,"damage_taken":0},{"event_name":"The Library","player_choice":"Read","floor":25,"damage_taken":0},{"event_name":"Bonfire Elementals","player_choice":"BASIC","floor":37,"damage_taken":0},{"event_name":"Mysterious Sphere","player_choice":"Fight","floor":39,"damage_taken":0},{"event_name":"The Lab","player_choice":"Got Potions","floor":44,"damage_taken":0},{"event_name":"Falling","player_choice":"Removed Skill","floor":46,"damage_taken":0}],"boss_relics":[{"not_picked":["Cursed Key","Fusion Hammer"],"picked":"Tiny House"},{"not_picked":["Orrery","Snecko Eye"],"picked":"Coffee Dripper"}],"items_purged_floors":[31],"is_endless":false,"potions_floor_spawned":[2,7,8,13,14,16,19,22,23,30,33,35,36,48],"killed_by":"Time Eater","ascension_level":0}