{"gold_per_floor":[110,110,35,45,58,87,87,87],"floor_reached":8,"playtime":204,"items_purged":[],"score":112,"play_id":"a4897501-4940-4bed-888a-5f09b4f1afff","local_time":"20190309025606","is_ascension_mode":true,"campfire_choices":[{"floor":7.0,"key":"REST"}],"neow_cost":"NONE","seed_source_timestamp":907127404359052,"circlet_count":0,"master_deck":["AscendersBane","Strike_R","Strike_R","Strike_R","Defend_R","Defend_R","Defend_R","Defend_R","Bash","Body Slam","Body Slam","Rampage","Carnage"],"special_seed":0,"relics":["Burning Blood","NeowsBlessing","Charon\u0027s Ashes"],"potions_floor_usage":[8],"damage_taken":[{"damage":0.0,"enemies":"Small Slimes","floor":1.0,"turns":1.0},{"damage":0.0,"enemies":"Jaw Worm","floor":4.0,"turns":1.0},{"damage":0.0,"enemies":"2 Louse","floor":5.0,"turns":1.0},{"damage":74.0,"enemies":"Gremlin Nob","floor":6.0,"turns":6.0},{"damage":25,"enemies":"Lagavulin","floor":8,"turns":5}],"seed_played":"-8542190511292982130","potions_obtained":[{"floor":6.0,"key":"GamblersBrew"}],"is_trial":false,"path_per_floor":["M","?","?","M","M","E","R","E"],"character_chosen":"IRONCLAD","items_purchased":[],"campfire_rested":1,"item_purchase_floors":[],"current_hp_per_floor":[74,67,67,73,75,7,29,4],"gold":87,"neow_bonus":"THREE_ENEMY_KILL","is_prod":false,"is_daily":false,"chose_seed":false,"campfire_upgraded":0,"win_rate":0,"timestamp":1552096566,"path_taken":["M","?","?","M","M","E","R","E"],"build_version":"2019-01-23","purchased_purges":0,"victory":false,"max_hp_per_floor":[75,75,75,75,75,75,75,75],"card_choices":[{"not_picked":["Sword Boomerang","Thunderclap"],"picked":"Body Slam","floor":1.0},{"not_picked":["Perfected Strike","Wild Strike"],"picked":"Body Slam","floor":4.0},{"not_picked":["Thunderclap","Clothesline"],"picked":"Rampage","floor":5.0},{"not_picked":["Burning Pact","Heavy Blade"],"picked":"Carnage","floor":6.0}],"player_experience":1173128,"relics_obtained":[{"floor":6.0,"key":"Charon\u0027s Ashes"}],"event_choices":[{"cards_removed":["Strike_R"],"damage_healed":0.0,"max_hp_gain":0.0,"max_hp_loss":0.0,"gold_gain":0.0,"event_name":"Golden Wing","player_choice":"Card Removal","floor":2.0,"gold_loss":0.0,"damage_taken":7.0},{"cards_removed":["Strike_R"],"damage_healed":0.0,"max_hp_gain":0.0,"max_hp_loss":0.0,"gold_gain":0.0,"event_name":"The Cleric","player_choice":"Card Removal","floor":3.0,"gold_loss":75.0,"damage_taken":0.0}],"is_beta":false,"boss_relics":[],"items_purged_floors":[],"is_endless":false,"potions_floor_spawned":[6],"killed_by":"Lagavulin","ascension_level":20}