{"gold_per_floor":[110,126,142,156,31,66,86,118,143,154,65,65,65,79,79,154,154,171,121,121,148,148,148,177,177,227,227,22,51,69,81,81,158,158,175,125,125,125,1124,1124,1024,1036,1036,308,308,340,352,386,386,386],"floor_reached":51,"playtime":4507,"items_purged":["Lockon","Dualcast","Redo","Chill","Aggregate+1","BootSequence","Beam Cell"],"score":1427,"play_id":"850e54d7-5397-43f5-b2a6-c674be5a6da6","local_time":"20190317023747","is_ascension_mode":true,"campfire_choices":[{"floor":12.0,"key":"REST"},{"data":"Go for the Eyes","floor":15.0,"key":"SMITH"},{"data":"Echo Form","floor":23,"key":"SMITH"},{"data":"Hyperbeam","floor":25,"key":"SMITH"},{"data":"Sunder","floor":27,"key":"SMITH"},{"floor":32,"key":"REST"},{"data":"Echo Form","floor":40,"key":"SMITH"},{"data":"Meteor Strike","floor":45,"key":"SMITH"},{"data":"Leap","floor":49,"key":"SMITH"}],"neow_cost":"NONE","seed_source_timestamp":23472727336211,"circlet_count":0,"master_deck":["AscendersBane","Machine Learning","Hyperbeam+1","Sunder","Sunder+1","Conserve Battery","Recycle","Go for the Eyes+1","Genetic Algorithm","Leap+1","Echo Form+1","Seek","Meteor Strike+1","Skim+1","Echo Form+1","Machine Learning+1","Multi-Cast+1","Rebound"],"special_seed":0,"relics":["Pandora\u0027s Box","Bottled Tornado","Centennial Puzzle","Smiling Mask","Snecko Eye","Red Mask","Ancient Tea Set","Juzu Bracelet","Lantern","Omamori","Astrolabe","Darkstone Periapt","Strawberry","Strange Spoon","Toxic Egg 2","Prayer Wheel","Boot"],"potions_floor_usage":[16,24,50,50],"damage_taken":[{"damage":12.0,"enemies":"Small Slimes","floor":1.0,"turns":2.0},{"damage":0.0,"enemies":"2 Louse","floor":2.0,"turns":2.0},{"damage":2.0,"enemies":"Jaw Worm","floor":3.0,"turns":2.0},{"damage":10.0,"enemies":"Blue Slaver","floor":4.0,"turns":3.0},{"damage":16.0,"enemies":"Gremlin Nob","floor":6.0,"turns":3.0},{"damage":0.0,"enemies":"3 Louse","floor":7.0,"turns":1.0},{"damage":0.0,"enemies":"3 Sentries","floor":8.0,"turns":4.0},{"damage":0.0,"enemies":"Lots of Slimes","floor":10.0,"turns":1.0},{"damage":0.0,"enemies":"2 Fungi Beasts","floor":14.0,"turns":3.0},{"damage":32,"enemies":"The Guardian","floor":16,"turns":13},{"damage":5,"enemies":"Shell Parasite","floor":18,"turns":4},{"damage":1,"enemies":"Masked Bandits","floor":21,"turns":2},{"damage":10,"enemies":"Book of Stabbing","floor":24,"turns":4},{"damage":0,"enemies":"Gremlin Leader","floor":29,"turns":4},{"damage":0,"enemies":"Chosen","floor":30,"turns":3},{"damage":0,"enemies":"3 Cultists","floor":31,"turns":3},{"damage":7,"enemies":"Automaton","floor":33,"turns":3},{"damage":0,"enemies":"3 Shapes","floor":35,"turns":2},{"damage":0,"enemies":"3 Darklings","floor":42,"turns":3},{"damage":0,"enemies":"Nemesis","floor":46,"turns":5},{"damage":13,"enemies":"Writhing Mass","floor":47,"turns":3},{"damage":0,"enemies":"Giant Head","floor":48,"turns":4},{"damage":17,"enemies":"Donu and Deca","floor":50,"turns":3}],"seed_played":"372386658404494430","potions_obtained":[{"floor":4.0,"key":"Fire Potion"},{"floor":7.0,"key":"Dexterity Potion"},{"floor":16,"key":"AttackPotion"},{"floor":18,"key":"FearPotion"},{"floor":24,"key":"PowerPotion"}],"is_trial":false,"path_per_floor":["M","M","M","M","$","E","M","E","T","M","$","R","?","M","R","B",null,"M","$","?","?","?","R","E","R","T","R","$","E","M","M","R","B",null,"M","$","?","?","?","R","$","M","T","$","R","E","M","E","R","B",null],"character_chosen":"DEFECT","items_purchased":["Energy Potion","Genetic Algorithm","Lantern","Rebound","Strawberry","Strange Spoon","GamblersBrew","Toxic Egg 2"],"campfire_rested":2,"item_purchase_floors":[5,11,28,41,44,44,44,44],"current_hp_per_floor":[52,52,50,40,40,24,24,24,24,24,24,45,45,45,45,13,57,52,52,52,51,51,51,41,41,41,41,41,41,41,41,62,55,67,67,67,67,67,67,67,67,67,67,74,74,74,61,61,61,44],"gold":386,"neow_bonus":"BOSS_RELIC","is_prod":false,"is_daily":false,"chose_seed":false,"campfire_upgraded":7,"win_rate":0,"timestamp":1552804667,"path_taken":["M","M","M","M","$","E","M","E","T","M","$","R","?","M","R","BOSS","M","$","?","?","?","R","E","R","T","R","$","E","M","M","R","BOSS","M","$","?","?","?","R","$","M","T","$","R","E","M","E","R","BOSS"],"build_version":"2019-01-23","purchased_purges":7,"victory":true,"max_hp_per_floor":[71,71,71,71,71,71,71,71,71,71,71,71,71,71,71,71,71,71,71,71,71,71,71,71,71,71,71,71,71,71,71,71,71,71,71,71,67,67,67,67,67,67,67,74,74,74,74,74,74,74],"card_choices":[{"not_picked":["Steam","Turbo"],"picked":"BootSequence","floor":1.0},{"not_picked":["Barrage","BootSequence"],"picked":"Ball Lightning","floor":2.0},{"not_picked":["Stack","Compile Driver"],"picked":"Conserve Battery","floor":3.0},{"not_picked":["Compile Driver","Ball Lightning","Sweeping Beam"],"picked":"SKIP","floor":4.0},{"not_picked":["Gash","Streamline"],"picked":"Recycle","floor":6.0},{"not_picked":["Rainbow","Streamline"],"picked":"Chill","floor":7.0},{"not_picked":["Ball Lightning","Conserve Battery"],"picked":"Go for the Eyes","floor":8.0},{"not_picked":["Sunder","Lockon","Hello World"],"picked":"SKIP","floor":10.0},{"not_picked":["White Noise","Ball Lightning"],"picked":"Leap","floor":14.0},{"not_picked":["Rainbow","Multi-Cast"],"picked":"Echo Form","floor":16},{"not_picked":["Capacitor","White Noise","Reinforced Body"],"picked":"SKIP","floor":18},{"not_picked":["Capacitor","White Noise","Reinforced Body"],"picked":"SKIP","floor":18},{"not_picked":["Capacitor","Redo"],"picked":"Meteor Strike","floor":24},{"not_picked":["FTL","Stack"],"picked":"Beam Cell","floor":29},{"not_picked":["Capacitor","Conserve Battery"],"picked":"Skim+1","floor":30},{"not_picked":["Beam Cell","Defragment"],"picked":"Echo Form","floor":31},{"not_picked":["Blizzard+1","Stack","Ball Lightning"],"picked":"SKIP","floor":35},{"not_picked":["Compile Driver+1","White Noise","Reprogram"],"picked":"SKIP","floor":42},{"not_picked":["FTL+1","Sunder+1","Gash"],"picked":"SKIP","floor":46},{"not_picked":["Hologram+1","Double Energy+1","Scrape"],"picked":"SKIP","floor":47},{"not_picked":["Barrage+1","Coolheaded+1","Sweeping Beam"],"picked":"SKIP","floor":47},{"not_picked":["Leap+1","Glacier+1","Seek+1"],"picked":"SKIP","floor":48}],"player_experience":729378,"relics_obtained":[{"floor":6.0,"key":"Bottled Tornado"},{"floor":8.0,"key":"Centennial Puzzle"},{"floor":9.0,"key":"Smiling Mask"},{"floor":21,"key":"Red Mask"},{"floor":24,"key":"Ancient Tea Set"},{"floor":26,"key":"Juzu Bracelet"},{"floor":29,"key":"Omamori"},{"floor":43,"key":"Darkstone Periapt"},{"floor":46,"key":"Prayer Wheel"},{"floor":48,"key":"Boot"}],"event_choices":[{"damage_healed":0.0,"max_hp_gain":0.0,"max_hp_loss":0.0,"gold_gain":0.0,"event_name":"Liars Game","player_choice":"Ignored","floor":13.0,"gold_loss":0.0,"damage_taken":0.0},{"damage_healed":0,"gold_gain":0,"cards_transformed":["Zap","Blizzard"],"player_choice":"Became Test Subject","damage_taken":0,"max_hp_gain":0,"max_hp_loss":0,"event_name":"Drug Dealer","floor":20,"gold_loss":0,"cards_obtained":["Heatsinks","Seek"]},{"damage_healed":0,"gold_gain":0,"player_choice":"Fought Bandits","damage_taken":0,"max_hp_gain":0,"max_hp_loss":0,"event_name":"Masked Bandits","floor":21,"gold_loss":0},{"damage_healed":0,"gold_gain":0,"player_choice":"Ignored","damage_taken":0,"max_hp_gain":0,"max_hp_loss":0,"event_name":"Vampires","floor":22,"gold_loss":0},{"damage_healed":0,"gold_gain":0,"player_choice":"Max HP","damage_taken":0,"max_hp_gain":0,"max_hp_loss":4,"event_name":"Winding Halls","floor":37,"gold_loss":0},{"damage_healed":0,"gold_gain":0,"player_choice":"0 cards matched","damage_taken":0,"max_hp_gain":0,"max_hp_loss":0,"event_name":"Match and Keep!","floor":38,"gold_loss":0,"cards_obtained":[]},{"damage_healed":0,"gold_gain":999,"player_choice":"Gold","damage_taken":0,"max_hp_gain":0,"max_hp_loss":0,"event_name":"MindBloom","floor":39,"gold_loss":0,"cards_obtained":["Normality","Normality"]}],"is_beta":false,"boss_relics":[{"not_picked":["Eternal Feather","Empty Cage"],"picked":"Snecko Eye"},{"not_picked":["Orrery","Runic Pyramid"],"picked":"Astrolabe"}],"items_purged_floors":[5,11,19,28,36,41,44],"is_endless":false,"potions_floor_spawned":[4,7,14,16,18,21,24,31,42,46,48],"ascension_level":15}