{"gold_per_floor":[115,40,40,55,130,145,155,155,178,178,213,229,229,256,256,356,356,366,377,377,394,244,244,258,258,258,258,273,288,288,303,303,406,406,426,445,445,96,116,116,132,143,191,191,210,210,8,8,8,8],"floor_reached":51,"playtime":3963,"items_purged":["Strike_R","Strike_R"],"score":611,"play_id":"8c689314-b75d-4940-b881-2b7cfd65e7dd","local_time":"20181212142640","is_ascension_mode":false,"campfire_choices":[{"data":"Body Slam","floor":8,"key":"SMITH"},{"data":"Disarm","floor":10,"key":"SMITH"},{"floor":13,"key":"REST"},{"data":"Fiend Fire","floor":15,"key":"SMITH"},{"data":"Inflame","floor":23,"key":"SMITH"},{"data":"True Grit","floor":25,"key":"SMITH"},{"floor":32,"key":"REST"},{"data":"Shrug It Off","floor":40,"key":"SMITH"},{"floor":44,"key":"REST"},{"data":"Secret Technique","floor":49,"key":"SMITH"}],"neow_cost":"NONE","seed_source_timestamp":0,"circlet_count":0,"master_deck":["Strike_R","Strike_R+1","Strike_R","Defend_R+1","Defend_R+1","Defend_R+1","Defend_R","Bash+1","Feel No Pain","Combust+1","Disarm+1","Body Slam+1","Flame Barrier","Fiend Fire+1","Iron Wave","Demon Form","Inflame+1","True Grit+1","Shrug It Off+1","Disarm+1","Juggernaut","Shrug It Off+1","Secret Technique+1","The Bomb","Dramatic Entrance","Intimidate+1","Parasite"],"special_seed":0,"relics":["Burning Blood","Pen Nib","Boot","Blood Vial","Busted Crown","Art of War","Eternal Feather","Orichalcum","War Paint","Anchor"],"potions_floor_usage":[11,24,33,33,50,50,50],"damage_taken":[{"damage":6,"enemies":"2 Louse","floor":1,"turns":2},{"damage":7,"enemies":"Small Slimes","floor":4,"turns":3},{"damage":0,"enemies":"Cultist","floor":6,"turns":4},{"damage":5,"enemies":"Looter","floor":7,"turns":4},{"damage":23,"enemies":"Lagavulin","floor":11,"turns":6},{"damage":14,"enemies":"3 Louse","floor":12,"turns":3},{"damage":19,"enemies":"Gremlin Nob","floor":14,"turns":5},{"damage":20,"enemies":"The Guardian","floor":16,"turns":11},{"damage":2,"enemies":"Spheric Guardian","floor":18,"turns":3},{"damage":7,"enemies":"3 Byrds","floor":19,"turns":3},{"damage":13,"enemies":"Snake Plant","floor":21,"turns":4},{"damage":20,"enemies":"Chosen and Byrds","floor":24,"turns":6},{"damage":12,"enemies":"Colosseum Slavers","floor":27,"turns":5},{"damage":31,"enemies":"Shelled Parasite and Fungi","floor":28,"turns":7},{"damage":13,"enemies":"Centurion and Healer","floor":29,"turns":5},{"damage":3,"enemies":"Snecko","floor":31,"turns":5},{"damage":44,"enemies":"Collector","floor":33,"turns":10},{"damage":15,"enemies":"Orb Walker","floor":35,"turns":4},{"damage":33,"enemies":"3 Darklings","floor":36,"turns":7},{"damage":14,"enemies":"Sphere and 2 Shapes","floor":39,"turns":7},{"damage":23,"enemies":"4 Shapes","floor":41,"turns":7},{"damage":21,"enemies":"Spire Growth","floor":42,"turns":7},{"damage":1,"enemies":"Writhing Mass","floor":45,"turns":8},{"damage":41,"enemies":"Awakened One","floor":50,"turns":18}],"seed_played":"-6865251775530239719","potions_obtained":[{"floor":1,"key":"Poison Potion"},{"floor":7,"key":"Ancient Potion"},{"floor":11,"key":"SkillPotion"},{"floor":18,"key":"Weak Potion"},{"floor":29,"key":"Poison Potion"},{"floor":33,"key":"SpeedPotion"},{"floor":35,"key":"SkillPotion"},{"floor":39,"key":"Swift Potion"}],"is_trial":false,"path_per_floor":["M","$","?","M","?","M","M","R","T","R","E","M","R","E","R","B",null,"M","M","?","M","$","R","M","R","T","?","M","M","?","M","R","B",null,"M","M","?","$","M","R","M","M","T","R","M","?","$","?","R","B",null],"character_chosen":"IRONCLAD","items_purchased":["Combust","Inflame","Orichalcum","Dramatic Entrance","Anchor","Fire Potion"],"campfire_rested":3,"item_purchase_floors":[2,22,38,38,47,47],"current_hp_per_floor":[80,80,64,63,52,58,59,59,59,59,42,34,58,45,45,33,80,80,79,79,73,73,73,61,61,61,57,34,29,29,34,58,22,80,71,46,36,36,30,45,30,17,17,56,63,63,63,63,76,41],"gold":8,"neow_bonus":"UPGRADE_CARD","is_prod":false,"is_daily":false,"chose_seed":false,"campfire_upgraded":7,"win_rate":0,"timestamp":1544642800,"path_taken":["M","$","?","M","?","M","M","R","T","R","E","M","R","E","R","BOSS","M","M","?","M","$","R","?","R","T","?","M","M","?","?","R","BOSS","M","M","?","$","M","R","M","M","T","R","M","?","$","?","R","BOSS"],"build_version":"2018-12-06","purchased_purges":2,"victory":true,"max_hp_per_floor":[80,80,80,80,80,80,80,80,80,80,80,80,80,80,80,80,80,80,80,80,80,80,80,80,80,80,80,80,80,80,80,80,80,80,80,80,80,80,80,80,80,80,80,80,80,80,80,76,76,76],"card_choices":[{"not_picked":["Burning Pact","Hemokinesis"],"picked":"Feel No Pain","floor":1},{"not_picked":["Heavy Blade","Power Through"],"picked":"Disarm","floor":4},{"not_picked":["Twin Strike","Power Through"],"picked":"Body Slam","floor":6},{"not_picked":["Flex","Cleave","Perfected Strike"],"picked":"SKIP","floor":7},{"not_picked":["Clash","Carnage"],"picked":"Flame Barrier","floor":11},{"not_picked":["Wild Strike","Second Wind"],"picked":"Fiend Fire","floor":12},{"not_picked":["Reckless Charge","Warcry"],"picked":"Iron Wave","floor":14},{"not_picked":["Offering","Juggernaut"],"picked":"Demon Form","floor":16},{"not_picked":["Headbutt"],"picked":"SKIP","floor":18},{"not_picked":["Sword Boomerang+1"],"picked":"SKIP","floor":19},{"not_picked":["Infernal Blade"],"picked":"SKIP","floor":21},{"not_picked":[],"picked":"True Grit","floor":24},{"not_picked":["Burning Pact"],"picked":"SKIP","floor":28},{"not_picked":[],"picked":"Shrug It Off","floor":29},{"not_picked":["Havoc"],"picked":"SKIP","floor":31},{"not_picked":[],"picked":"Juggernaut","floor":33},{"not_picked":["Pommel Strike"],"picked":"SKIP","floor":35},{"not_picked":[],"picked":"Shrug It Off+1","floor":36},{"not_picked":[],"picked":"Secret Technique","floor":37},{"not_picked":[],"picked":"The Bomb","floor":37},{"not_picked":[],"picked":"Intimidate+1","floor":39},{"not_picked":["Anger"],"picked":"SKIP","floor":41},{"not_picked":["Twin Strike"],"picked":"SKIP","floor":42},{"not_picked":["Headbutt"],"picked":"SKIP","floor":45}],"player_experience":257624,"relics_obtained":[{"floor":9,"key":"Pen Nib"},{"floor":11,"key":"Boot"},{"floor":14,"key":"Blood Vial"},{"floor":26,"key":"Art of War"},{"floor":43,"key":"War Paint"}],"event_choices":[{"damage_healed":0,"gold_gain":0,"player_choice":"Entered Light","damage_taken":16,"max_hp_gain":0,"max_hp_loss":0,"event_name":"Shining Light","floor":3,"gold_loss":0,"cards_upgraded":["Defend_R","Strike_R"]},{"damage_healed":0,"gold_gain":75,"player_choice":"Gather Gold","damage_taken":11,"max_hp_gain":0,"max_hp_loss":0,"event_name":"World of Goop","floor":5,"gold_loss":0},{"damage_healed":0,"gold_gain":0,"player_choice":"Upgraded","damage_taken":0,"max_hp_gain":0,"max_hp_loss":0,"event_name":"Upgrade Shrine","floor":20,"gold_loss":0,"cards_upgraded":["Combust"]},{"damage_healed":0,"gold_gain":0,"player_choice":"Fight","damage_taken":0,"max_hp_gain":0,"max_hp_loss":0,"event_name":"Colosseum","floor":27,"gold_loss":0},{"damage_healed":0,"gold_gain":0,"player_choice":"Fled From Nobs","damage_taken":0,"max_hp_gain":0,"max_hp_loss":0,"event_name":"Colosseum","floor":27,"gold_loss":0},{"damage_healed":0,"gold_gain":0,"player_choice":"Copied","damage_taken":0,"max_hp_gain":0,"max_hp_loss":0,"event_name":"Duplicator","floor":30,"gold_loss":0,"cards_obtained":["Disarm"]},{"damage_healed":0,"gold_gain":0,"player_choice":"Memory 3","damage_taken":10,"max_hp_gain":0,"max_hp_loss":0,"event_name":"SensoryStone","floor":37,"gold_loss":0},{"damage_healed":0,"gold_gain":0,"player_choice":"Ignored","damage_taken":0,"max_hp_gain":0,"max_hp_loss":0,"event_name":"Tomb of Lord Red Mask","floor":46,"gold_loss":0},{"damage_healed":0,"gold_gain":0,"player_choice":"Max HP","damage_taken":0,"max_hp_gain":0,"max_hp_loss":4,"event_name":"Winding Halls","floor":48,"gold_loss":0}],"is_beta":false,"boss_relics":[{"not_picked":["Fusion Hammer","Snecko Eye"],"picked":"Busted Crown"},{"not_picked":["Runic Dome","White Beast Statue"],"picked":"Eternal Feather"}],"items_purged_floors":[22,38],"is_endless":false,"potions_floor_spawned":[1,7,11,18,27,29,31,33,35,39],"ascension_level":0}