{"gold_per_floor":[115,65,65,140,213,244,244,262,285,303,303,327,327,346,346,450,450,450,405,2,2,2,2,2,2,2,2,2,2,2,2,2,2,2,2,2,2,2,2,2,2,2,2,2,2,2,2,2,2,2],"floor_reached":51,"playtime":1306,"items_purged":["Strike_R"],"score":672,"play_id":"c771c70d-ff40-410a-80b1-dc5f5ff4d9df","local_time":"20190317190955","is_ascension_mode":false,"campfire_choices":[{"floor":7.0,"key":"REST"},{"data":"Flame Barrier","floor":11.0,"key":"SMITH"},{"data":"Clothesline","floor":13.0,"key":"SMITH"},{"data":"Heavy Blade","floor":15.0,"key":"SMITH"},{"data":"Uppercut","floor":23.0,"key":"SMITH"},{"data":"Uppercut","floor":25.0,"key":"SMITH"},{"data":"Whirlwind","floor":27.0,"key":"SMITH"},{"data":"Demon Form","floor":32,"key":"SMITH"},{"data":"Uppercut","floor":40,"key":"SMITH"},{"data":"Burning Pact","floor":42,"key":"SMITH"},{"data":"Offering","floor":45,"key":"SMITH"},{"floor":49,"key":"REST"}],"neow_cost":"PERCENT_DAMAGE","seed_source_timestamp":1224684714449,"circlet_count":0,"master_deck":["Strike_R","Strike_R+1","Strike_R","Defend_R","Defend_R","Defend_R","Defend_R","Bash+1","Heavy Blade+1","Flame Barrier+1","Clothesline+1","Thunderclap","Demon Form+1","Cleave+1","Sword Boomerang","Whirlwind+1","Uppercut+1","Uppercut+1","Shame","Burning Pact+1","Iron Wave+1","Offering+1","Uppercut+1","Reaper","Headbutt","Whirlwind+1","Dark Shackles","Master of Strategy","True Grit+1"],"special_seed":0,"relics":["Burning Blood","Champion Belt","Smiling Mask","Ancient Tea Set","Red Skull","Ectoplasm","Happy Flower","Blue Candle","The Courier","Velvet Choker","Whetstone","Peace Pipe"],"potions_floor_usage":[33,50,50,50],"damage_taken":[{"damage":4.0,"enemies":"Cultist","floor":1.0,"turns":4.0},{"damage":46.0,"enemies":"3 Sentries","floor":6.0,"turns":14.0},{"damage":0.0,"enemies":"Jaw Worm","floor":8.0,"turns":5.0},{"damage":0.0,"enemies":"Small Slimes","floor":10.0,"turns":3.0},{"damage":4.0,"enemies":"3 Louse","floor":14.0,"turns":3.0},{"damage":12.0,"enemies":"Slime Boss","floor":16.0,"turns":8.0},{"damage":14.0,"enemies":"Shell Parasite","floor":18.0,"turns":5.0},{"damage":17.0,"enemies":"2 Thieves","floor":19.0,"turns":4.0},{"damage":9.0,"enemies":"Snecko","floor":21.0,"turns":4.0},{"damage":9.0,"enemies":"Centurion and Healer","floor":24.0,"turns":5.0},{"damage":0.0,"enemies":"Chosen and Byrds","floor":28.0,"turns":3.0},{"damage":31.0,"enemies":"Snake Plant","floor":29.0,"turns":3.0},{"damage":8.0,"enemies":"Sentry and Sphere","floor":30.0,"turns":4.0},{"damage":19,"enemies":"Collector","floor":33,"turns":6},{"damage":55,"enemies":"3 Darklings","floor":35,"turns":4},{"damage":12,"enemies":"Orb Walker","floor":37,"turns":2},{"damage":16,"enemies":"Maw","floor":39,"turns":6},{"damage":2,"enemies":"Writhing Mass","floor":41,"turns":4},{"damage":4,"enemies":"Sphere and 2 Shapes","floor":46,"turns":4},{"damage":0,"enemies":"Mind Bloom Boss Battle","floor":47,"turns":3},{"damage":50,"enemies":"Awakened One","floor":50,"turns":7}],"seed_played":"2542126439323150763","potions_obtained":[{"floor":6.0,"key":"Energy Potion"},{"floor":8.0,"key":"PowerPotion"},{"floor":10.0,"key":"Fire Potion"},{"floor":29.0,"key":"SteroidPotion"},{"floor":30.0,"key":"Ancient Potion"},{"floor":37,"key":"Weak Potion"}],"is_trial":false,"path_per_floor":["M","?","?","?","?","E","R","M","T","M","R","T","R","M","R","B",null,"M","M","$","M","?","R","M","R","T","R","M","M","M","?","R","B",null,"M","$","M","$","M","R","M","R","T","?","R","M","?","$","R","B",null],"character_chosen":"IRONCLAD","items_purchased":["Whirlwind","Uppercut","Happy Flower","Fruit Juice"],"campfire_rested":2,"item_purchase_floors":[20,20,20,20],"current_hp_per_floor":[58,58,58,47,47,7,31,37,37,43,43,43,43,45,45,39,80,72,61,66,63,63,63,60,60,60,60,66,41,39,39,39,26,85,54,54,48,48,38,38,60,60,60,50,50,52,58,58,83,39],"gold":2,"neow_bonus":"ONE_RARE_RELIC","is_prod":false,"is_daily":false,"chose_seed":false,"campfire_upgraded":10,"win_rate":0,"timestamp":1552871395,"path_taken":["M","?","?","?","?","E","R","M","T","M","R","?","R","M","R","BOSS","M","?","$","M","?","R","M","R","T","R","M","M","M","?","R","BOSS","M","$","M","$","?","R","M","R","T","?","R","M","?","?","R","BOSS"],"build_version":"2019-01-23","purchased_purges":1,"victory":true,"max_hp_per_floor":[80,80,80,80,80,80,80,80,80,80,80,80,80,80,80,80,80,80,80,85,85,85,85,85,85,85,85,85,85,85,85,85,85,85,85,85,85,85,85,85,85,85,85,85,85,85,85,85,85,85],"card_choices":[{"not_picked":["Anger","Power Through"],"picked":"Heavy Blade","floor":1.0},{"not_picked":["Sentinel","Offering"],"picked":"Flame Barrier","floor":6.0},{"not_picked":["Sever Soul","Wild Strike"],"picked":"Clothesline","floor":8.0},{"not_picked":["Clothesline","Rage","Dropkick"],"picked":"SKIP","floor":10.0},{"not_picked":["Warcry","Shrug It Off"],"picked":"Thunderclap","floor":14.0},{"not_picked":["Juggernaut","Dark Embrace"],"picked":"Demon Form","floor":16.0},{"not_picked":["Entrench","Searing Blow"],"picked":"Cleave+1","floor":18.0},{"not_picked":["Armaments","Twin Strike"],"picked":"Sword Boomerang","floor":19.0},{"not_picked":["Armaments","Pummel"],"picked":"Uppercut","floor":21.0},{"not_picked":["Warcry","Ghostly Armor","Perfected Strike"],"picked":"SKIP","floor":24.0},{"not_picked":["Perfected Strike","Hemokinesis+1"],"picked":"Burning Pact","floor":28.0},{"not_picked":["Flex","Thunderclap+1"],"picked":"Iron Wave","floor":29.0},{"not_picked":["Bloodletting","Entrench","Flex"],"picked":"SKIP","floor":30.0},{"not_picked":["Brutality","Juggernaut"],"picked":"Reaper","floor":33},{"not_picked":["Headbutt","Reckless Charge","Warcry"],"picked":"SKIP","floor":35},{"not_picked":["Reckless Charge","Warcry"],"picked":"Headbutt","floor":35},{"not_picked":["Pommel Strike","Cleave+1","Clothesline"],"picked":"SKIP","floor":37},{"not_picked":["Clothesline+1","Flex","Second Wind"],"picked":"SKIP","floor":39},{"not_picked":["Wild Strike+1","Blood for Blood+1"],"picked":"Whirlwind+1","floor":41},{"not_picked":["Madness","Enlightenment"],"picked":"Dark Shackles","floor":44},{"not_picked":["Thinking Ahead","PanicButton"],"picked":"Master of Strategy","floor":44},{"not_picked":["Blood for Blood+1","Pommel Strike","Armaments"],"picked":"SKIP","floor":46},{"not_picked":["Flex","Metallicize+1"],"picked":"True Grit+1","floor":47}],"player_experience":1052298,"relics_obtained":[{"floor":6.0,"key":"Smiling Mask"},{"floor":9.0,"key":"Ancient Tea Set"},{"floor":12.0,"key":"Red Skull"},{"floor":26.0,"key":"The Courier"},{"floor":43,"key":"Whetstone"},{"floor":47,"key":"Peace Pipe"}],"event_choices":[{"cards_removed":["Strike_R"],"damage_healed":0.0,"max_hp_gain":0.0,"max_hp_loss":0.0,"gold_gain":0.0,"event_name":"The Cleric","player_choice":"Card Removal","floor":2.0,"gold_loss":50.0,"damage_taken":0.0},{"damage_healed":0.0,"max_hp_gain":0.0,"max_hp_loss":0.0,"gold_gain":0.0,"event_name":"Living Wall","player_choice":"Grow","floor":3.0,"gold_loss":0.0,"damage_taken":0.0,"cards_upgraded":["Bash"]},{"damage_healed":0.0,"max_hp_gain":0.0,"max_hp_loss":0.0,"gold_gain":75.0,"event_name":"World of Goop","player_choice":"Gather Gold","floor":4.0,"gold_loss":0.0,"damage_taken":11.0},{"damage_healed":0.0,"max_hp_gain":0.0,"max_hp_loss":0.0,"gold_gain":73.0,"event_name":"Golden Wing","player_choice":"Gained Gold","floor":5.0,"gold_loss":0.0,"damage_taken":0.0},{"damage_healed":0.0,"max_hp_gain":0.0,"max_hp_loss":0.0,"gold_gain":0.0,"event_name":"Addict","player_choice":"Stole Relic","floor":22.0,"gold_loss":0.0,"damage_taken":0.0,"relics_obtained":["Blue Candle"],"cards_obtained":["Shame"]},{"damage_healed":0,"gold_gain":0,"player_choice":"2 cards matched","damage_taken":0,"max_hp_gain":0,"max_hp_loss":0,"event_name":"Match and Keep!","floor":31,"gold_loss":0,"cards_obtained":["Offering","Uppercut"]},{"damage_healed":0,"gold_gain":0,"player_choice":"Memory 3","damage_taken":10,"max_hp_gain":0,"max_hp_loss":0,"event_name":"SensoryStone","floor":44,"gold_loss":0},{"damage_healed":0,"gold_gain":0,"player_choice":"Fight","damage_taken":0,"max_hp_gain":0,"max_hp_loss":0,"event_name":"MindBloom","floor":47,"gold_loss":0}],"is_beta":false,"boss_relics":[{"not_picked":["Eternal Feather","Tiny House"],"picked":"Ectoplasm"},{"not_picked":["Calling Bell","Orrery"],"picked":"Velvet Choker"}],"items_purged_floors":[20],"is_endless":false,"potions_floor_spawned":[6,8,10,29,30,37,41,47],"ascension_level":0}