{"gold_per_floor":[114,134,145,70,70,70,85,85,85,115,135,148,173,191,191,294,294,309,328,328,328,338,338,367,16,41,57,57,74,101,1,1,103,103,121,132,147,160,206,206,231,243,282,327,339,376,404,52,52,52],"floor_reached":51,"playtime":1736,"items_purged":["Defend_G","Strike_G"],"score":957,"play_id":"3d4399d2-abe6-4329-8a29-1009b6d2ecff","local_time":"20190219120655","is_ascension_mode":true,"campfire_choices":[{"data":"Doppelganger","floor":6.0,"key":"SMITH"},{"data":"Cloak And Dagger","floor":8.0,"key":"SMITH"},{"data":"Finisher","floor":15.0,"key":"SMITH"},{"data":"Adrenaline","floor":23.0,"key":"SMITH"},{"data":"Backstab","floor":28.0,"key":"SMITH"},{"data":"Glass Knife","floor":32.0,"key":"SMITH"},{"data":"1","floor":40,"key":"LIFT"},{"data":"2","floor":42,"key":"LIFT"},{"data":"3","floor":49,"key":"LIFT"}],"neow_cost":"PERCENT_DAMAGE","seed_source_timestamp":314757002045128,"circlet_count":0,"master_deck":["Defend_G","Defend_G","Defend_G","Strike_G","Strike_G","Strike_G","Survivor","Neutralize","Adrenaline+1","Cloak And Dagger+1","Finisher+1","Doppelganger+1","Prepared","Distraction+1","Backstab+1","Burst+1","Endless Agony","Cloak And Dagger+1","Blade Dance+1","Glass Knife+1","Adrenaline+1","Escape Plan+1","Terror+1","Phantasmal Killer+1","Mayhem"],"special_seed":0,"relics":["Ring of the Snake","Ancient Tea Set","Toxic Egg 2","Pantograph","Runic Dome","MutagenicStrength","Snake Skull","Bag of Marbles","TwistedFunnel","Dream Catcher","Strawberry","Runic Pyramid","Girya","MawBank","Anchor","Centennial Puzzle","Regal Pillow","Torii","Strange Spoon"],"potions_floor_usage":[38,38,38],"damage_taken":[{"damage":0.0,"enemies":"Cultist","floor":1.0,"turns":4.0},{"damage":0.0,"enemies":"Small Slimes","floor":2.0,"turns":3.0},{"damage":0.0,"enemies":"Jaw Worm","floor":3.0,"turns":4.0},{"damage":0.0,"enemies":"2 Fungi Beasts","floor":7.0,"turns":3.0},{"damage":16.0,"enemies":"Lagavulin","floor":10.0,"turns":7.0},{"damage":1.0,"enemies":"Gremlin Gang","floor":11.0,"turns":6.0},{"damage":5.0,"enemies":"Lots of Slimes","floor":12.0,"turns":4.0},{"damage":6.0,"enemies":"Gremlin Nob","floor":13.0,"turns":3.0},{"damage":0.0,"enemies":"Large Slime","floor":14.0,"turns":4.0},{"damage":25.0,"enemies":"Hexaghost","floor":16.0,"turns":8.0},{"damage":6.0,"enemies":"Chosen","floor":18.0,"turns":3.0},{"damage":1.0,"enemies":"Shell Parasite","floor":19.0,"turns":3.0},{"damage":0.0,"enemies":"Centurion and Healer","floor":22.0,"turns":7.0},{"damage":27.0,"enemies":"Gremlin Leader","floor":24.0,"turns":4.0},{"damage":0.0,"enemies":"Shelled Parasite and Fungi","floor":27.0,"turns":2.0},{"damage":0.0,"enemies":"Snecko","floor":29.0,"turns":1.0},{"damage":0.0,"enemies":"Slavers","floor":30.0,"turns":2.0},{"damage":26.0,"enemies":"Automaton","floor":33.0,"turns":8.0},{"damage":0.0,"enemies":"Orb Walker","floor":35.0,"turns":2.0},{"damage":0.0,"enemies":"3 Darklings","floor":36.0,"turns":3.0},{"damage":0.0,"enemies":"Jaw Worm Horde","floor":37.0,"turns":2.0},{"damage":10,"enemies":"Transient","floor":38,"turns":5},{"damage":0,"enemies":"2 Orb Walkers","floor":39,"turns":1},{"damage":0,"enemies":"Reptomancer","floor":41,"turns":2},{"damage":0,"enemies":"Giant Head","floor":44,"turns":2},{"damage":0,"enemies":"Nemesis","floor":46,"turns":3},{"damage":0,"enemies":"Spire Growth","floor":47,"turns":2},{"damage":27,"enemies":"Awakened One","floor":50,"turns":5}],"seed_played":"-1302180821008648059","potions_obtained":[{"floor":2.0,"key":"Regen Potion"},{"floor":12.0,"key":"SteroidPotion"},{"floor":13.0,"key":"SkillPotion"},{"floor":14.0,"key":"FearPotion"},{"floor":22.0,"key":"AttackPotion"},{"floor":38,"key":"EssenceOfSteel"},{"floor":47,"key":"Ancient Potion"}],"is_trial":false,"path_per_floor":["M","M","M","$","?","R","M","R","T","E","M","M","E","M","R","B",null,"M","M","?","?","M","R","E","$","T","M","R","M","E","$","R","B",null,"M","M","M","M","?","R","E","R","T","E","?","E","M","$","R","B",null],"character_chosen":"THE_SILENT","items_purchased":["Bag of Marbles","TwistedFunnel","Strange Spoon","Mayhem"],"campfire_rested":0,"item_purchase_floors":[25,25,48,48],"current_hp_per_floor":[49,49,49,49,49,49,49,49,49,48,47,42,36,36,36,36,70,64,63,63,63,63,63,36,36,36,36,36,36,43,43,43,42,77,77,77,77,67,67,67,67,67,67,67,67,67,67,67,67,50],"gold":52,"neow_bonus":"THREE_RARE_CARDS","is_prod":false,"is_daily":false,"chose_seed":false,"campfire_upgraded":6,"win_rate":0,"timestamp":1550574415,"path_taken":["M","?","M","?","?","R","M","R","T","E","M","M","E","M","R","BOSS","M","M","?","?","?","R","E","$","T","?","R","?","E","$","R","BOSS","M","M","M","?","?","R","E","R","T","E","?","E","?","$","R","BOSS"],"build_version":"2019-01-23","purchased_purges":2,"victory":true,"max_hp_per_floor":[70,70,70,70,70,70,70,70,70,70,70,70,70,70,70,70,70,70,70,70,70,70,70,70,70,70,70,70,70,77,77,77,77,77,77,77,77,77,77,77,77,77,77,77,77,77,77,77,77,77],"card_choices":[{"not_picked":["Glass Knife","Grand Finale"],"picked":"Adrenaline","floor":0.0},{"not_picked":["Quick Slash","Deadly Poison"],"picked":"Cloak And Dagger","floor":1.0},{"not_picked":["Choke","Poisoned Stab"],"picked":"Finisher","floor":2.0},{"not_picked":["Dodge and Roll","Backflip"],"picked":"Doppelganger","floor":3.0},{"not_picked":["Outmaneuver","Calculated Gamble"],"picked":"Prepared","floor":7.0},{"not_picked":["Outmaneuver","Flechettes","Caltrops"],"picked":"SKIP","floor":10.0},{"not_picked":["Footwork","Dagger Spray"],"picked":"Distraction+1","floor":11.0},{"not_picked":["Acrobatics+1","Backflip+1"],"picked":"Backstab","floor":12.0},{"not_picked":["Flying Knee","Tools of the Trade","Riddle With Holes"],"picked":"SKIP","floor":13.0},{"not_picked":["Dodge and Roll+1","Noxious Fumes","Bane"],"picked":"SKIP","floor":14.0},{"not_picked":["Venomology+1","Bullet Time+1"],"picked":"Burst+1","floor":16.0},{"not_picked":["Bouncing Flask+1","Backflip+1"],"picked":"Endless Agony","floor":18.0},{"not_picked":["Poisoned Stab","Dash","Dodge and Roll+1"],"picked":"SKIP","floor":19.0},{"not_picked":["Dagger Throw","Setup+1"],"picked":"Cloak And Dagger+1","floor":22.0},{"not_picked":["Riddle With Holes+1","Backstab"],"picked":"Blade Dance+1","floor":24.0},{"not_picked":["Bane","Prepared+1","Slice"],"picked":"SKIP","floor":27.0},{"not_picked":["Sucker Punch","Quick Slash"],"picked":"Glass Knife","floor":29.0},{"not_picked":["Dodge and Roll+1","Choke","Setup+1"],"picked":"SKIP","floor":30.0},{"not_picked":["Corpse Explosion+1","Night Terror+1"],"picked":"Adrenaline+1","floor":33.0},{"not_picked":["Expertise+1","Dagger Throw+1","Bane+1"],"picked":"SKIP","floor":35.0},{"not_picked":["Deflect+1","Endless Agony+1"],"picked":"Escape Plan+1","floor":36.0},{"not_picked":["Dagger Spray","Cloak And Dagger+1","Accuracy"],"picked":"SKIP","floor":37.0},{"not_picked":["Poisoned Stab","Slice"],"picked":"Terror+1","floor":38},{"not_picked":["Cloak And Dagger+1","Dagger Throw","Quick Slash+1"],"picked":"SKIP","floor":41},{"not_picked":["Bane+1","Flechettes+1"],"picked":"Phantasmal Killer+1","floor":44},{"not_picked":["Cloak And Dagger+1","Concentrate+1","After Image"],"picked":"SKIP","floor":46},{"not_picked":["Prepared+1","Flying Knee","Distraction+1"],"picked":"SKIP","floor":47}],"player_experience":1112244,"relics_obtained":[{"floor":9.0,"key":"Ancient Tea Set"},{"floor":10.0,"key":"Toxic Egg 2"},{"floor":13.0,"key":"Pantograph"},{"floor":24.0,"key":"Snake Skull"},{"floor":26.0,"key":"Dream Catcher"},{"floor":30.0,"key":"Strawberry"},{"floor":39,"key":"Girya"},{"floor":41,"key":"MawBank"},{"floor":43,"key":"Anchor"},{"floor":44,"key":"Centennial Puzzle"},{"floor":46,"key":"Torii"}],"event_choices":[{"cards_removed":["Strike_G"],"damage_healed":0.0,"max_hp_gain":0.0,"max_hp_loss":0.0,"gold_gain":0.0,"event_name":"Living Wall","player_choice":"Forget","floor":5.0,"gold_loss":0.0,"damage_taken":0.0},{"damage_healed":0.0,"max_hp_gain":0.0,"max_hp_loss":0.0,"gold_gain":0.0,"event_name":"Drug Dealer","player_choice":"Inject Mutagens","floor":20.0,"gold_loss":0.0,"damage_taken":0.0,"relics_obtained":["MutagenicStrength"]},{"cards_removed":["Defend_G"],"damage_healed":0.0,"max_hp_gain":0.0,"max_hp_loss":0.0,"gold_gain":0.0,"event_name":"Bonfire Elementals","player_choice":"Offered Basic","floor":21.0,"gold_loss":0.0,"damage_taken":0.0},{"damage_healed":0,"gold_gain":0,"player_choice":"Fight","damage_taken":0,"max_hp_gain":0,"max_hp_loss":0,"event_name":"Mysterious Sphere","floor":39,"gold_loss":0},{"damage_healed":0,"gold_gain":0,"player_choice":"Gave Potion","damage_taken":0,"relics_obtained":["Regal Pillow"],"max_hp_gain":0,"max_hp_loss":0,"event_name":"WeMeetAgain","floor":45,"gold_loss":0}],"is_beta":false,"boss_relics":[{"not_picked":["Lizard Tail","Empty Cage"],"picked":"Runic Dome"},{"not_picked":["Orrery","Philosopher\u0027s Stone"],"picked":"Runic Pyramid"}],"items_purged_floors":[4,31],"is_endless":false,"potions_floor_spawned":[2,12,13,14,18,22,24,27,35,36,38,47],"ascension_level":1}