{"gold_per_floor":[118,130,144,59,70,70,103,103,153,166,166,182,196,222,222,294,294,311,236,246,296,0,0,0,0,0,25,25,42,53,88,88,88],"floor_reached":33,"playtime":1260,"items_purged":["Strike_G"],"score":579,"play_id":"0164d0c9-af15-4a32-a38b-5c2122d76029","local_time":"20181004193831","is_ascension_mode":true,"campfire_choices":[{"data":"Cloak And Dagger","floor":6,"key":"SMITH"},{"data":"Bouncing Flask","floor":8,"key":"SMITH"},{"data":"Neutralize","floor":15,"key":"SMITH"},{"data":"Bouncing Flask","floor":23,"key":"SMITH"},{"data":"Backflip","floor":25,"key":"SMITH"},{"data":"Predator","floor":28,"key":"SMITH"},{"floor":32,"key":"REST"}],"neow_cost":"NONE","seed_source_timestamp":506358815508815,"circlet_count":0,"master_deck":["Defend_G","Defend_G","Defend_G","Defend_G","Defend_G","Strike_G","Survivor","Neutralize+1","AscendersBane","Bouncing Flask+1","Predator+1","Cloak And Dagger+1","Bouncing Flask+1","Escape Plan","Flying Knee+1","Poisoned Stab+1","Glass Knife+1","Backflip+1","Masterful Stab+1","Noxious Fumes","Catalyst"],"special_seed":0,"relics":["Ring of the Snake","Bronze Scales","Molten Egg 2","Dream Catcher","Strawberry","Empty Cage","TwistedFunnel","Bag of Preparation","Mercury Hourglass","Anchor","Kunai"],"potions_floor_usage":[5,7,10,12,14,20,27,31,31],"damage_taken":[{"damage":7.0,"enemies":"Cultist","floor":1.0,"turns":4.0},{"damage":0.0,"enemies":"Jaw Worm","floor":2.0,"turns":5.0},{"damage":0.0,"enemies":"2 Louse","floor":3.0,"turns":3.0},{"damage":2,"enemies":"2 Fungi Beasts","floor":5,"turns":3},{"damage":22,"enemies":"Gremlin Nob","floor":7,"turns":4},{"damage":3,"enemies":"Blue Slaver","floor":10,"turns":3},{"damage":13,"enemies":"Exordium Wildlife","floor":12,"turns":5},{"damage":3,"enemies":"Looter","floor":13,"turns":3},{"damage":8,"enemies":"3 Sentries","floor":14,"turns":5},{"damage":16,"enemies":"Hexaghost","floor":16,"turns":7},{"damage":0,"enemies":"Chosen","floor":18,"turns":3},{"damage":0,"enemies":"3 Byrds","floor":20,"turns":3},{"damage":21,"enemies":"Slavers","floor":27,"turns":4},{"damage":3,"enemies":"Snake Plant","floor":29,"turns":3},{"damage":13,"enemies":"Shelled Parasite and Fungi","floor":30,"turns":5},{"damage":11,"enemies":"Book of Stabbing","floor":31,"turns":4},{"damage":54,"enemies":"Automaton","floor":33,"turns":6}],"seed_played":"-1126879281740146989","potions_obtained":[{"floor":1.0,"key":"Swift Potion"},{"floor":5,"key":"Strength Potion"},{"floor":7,"key":"Regen Potion"},{"floor":10,"key":"Poison Potion"},{"floor":16,"key":"Block Potion"},{"floor":18,"key":"SteroidPotion"},{"floor":27,"key":"Weak Potion"},{"floor":30,"key":"EssenceOfSteel"}],"is_trial":false,"path_per_floor":["M","M","M","$","M","R","E","R","T","M","?","M","M","E","R","B",null,"M","?","M","?","$","R","T","R","T","E","R","M","M","E","R"],"character_chosen":"THE_SILENT","items_purchased":["Regen Potion","TwistedFunnel"],"campfire_rested":1,"item_purchase_floors":[4,22],"current_hp_per_floor":[52,52,52,52,50,50,28,28,28,37,37,39,36,35,35,19,60,60,60,60,60,60,60,60,60,60,39,39,36,23,12,33,0],"gold":88,"neow_bonus":"RANDOM_COMMON_RELIC","is_prod":false,"is_daily":false,"chose_seed":false,"campfire_upgraded":6,"win_rate":0,"timestamp":1538674711,"path_taken":["M","M","M","$","?","R","E","R","T","M","?","M","M","E","R","BOSS","M","?","M","?","$","R","?","R","T","E","R","M","?","E","R","BOSS"],"build_version":"2018-09-27","purchased_purges":1,"victory":false,"max_hp_per_floor":[66,66,66,66,66,66,66,66,66,66,66,66,66,73,73,73,73,73,73,73,73,73,73,73,73,73,73,73,73,73,73,73,73],"card_choices":[{"not_picked":["Calculated Gamble","Prepared"],"picked":"Bouncing Flask","floor":1.0},{"not_picked":["Expertise","Acrobatics","Slice"],"picked":"SKIP","floor":2.0},{"not_picked":["Acrobatics","Setup"],"picked":"Predator","floor":3.0},{"not_picked":["Outmaneuver","Distraction"],"picked":"Cloak And Dagger","floor":5},{"not_picked":["Heel Hook","Dash"],"picked":"Bouncing Flask","floor":7},{"not_picked":["Outmaneuver","Blade Dance","Riddle With Holes+1"],"picked":"SKIP","floor":10},{"not_picked":["Endless Agony+1","Deflect"],"picked":"Escape Plan","floor":12},{"not_picked":["Underhanded Strike+1","Blade Dance"],"picked":"Flying Knee+1","floor":13},{"not_picked":["Sucker Punch+1","Unload+1"],"picked":"Poisoned Stab+1","floor":14},{"not_picked":["Venomology","Malaise"],"picked":"Glass Knife+1","floor":16},{"not_picked":["Heel Hook+1","Noxious Fumes"],"picked":"Backflip","floor":18},{"not_picked":["Dagger Spray+1","Deflect","Cloak And Dagger"],"picked":"SKIP","floor":20},{"not_picked":["Dodge and Roll","Setup+1"],"picked":"Masterful Stab+1","floor":27},{"not_picked":["Deflect","Flying Knee+1"],"picked":"Noxious Fumes","floor":29},{"not_picked":["Noxious Fumes","Dash+1"],"picked":"Catalyst","floor":30},{"not_picked":["Riddle With Holes+1","Accuracy","Bane+1"],"picked":"SKIP","floor":31}],"player_experience":808836,"relics_obtained":[{"floor":7,"key":"Molten Egg 2"},{"floor":9,"key":"Dream Catcher"},{"floor":14,"key":"Strawberry"},{"floor":24,"key":"Bag of Preparation"},{"floor":26,"key":"Mercury Hourglass"},{"floor":27,"key":"Anchor"},{"floor":31,"key":"Kunai"}],"event_choices":[{"event_name":"The Lab","player_choice":"Got Potions","floor":11,"damage_taken":0},{"event_name":"Beggar","player_choice":"Gave Gold","floor":19,"damage_taken":0},{"event_name":"Nest","player_choice":"Stole From Cult","floor":21,"damage_taken":0}],"is_beta":false,"boss_relics":[{"not_picked":["HoveringKite","Lizard Tail"],"picked":"Empty Cage"}],"items_purged_floors":[22],"is_endless":false,"potions_floor_spawned":[1,5,7,10,16,18,27,30],"killed_by":"Automaton","ascension_level":19}