{"gold_per_floor":[112,112,112,131,82,113,130,163,237,263,342,342,214,241,241,337,337,355,235,235,249,264,264,290,290,290,315,329,329,355,369,369,468,468,479,498,7,56,75,104,104,104,131,131,146,146,146,162,162,162,162,162,9,38,38],"floor_reached":55,"playtime":7364,"items_purged":["Strike_G","Strike_G","Strike_G"],"score":1048,"play_id":"589bb3f1-4606-407a-86ba-d1b7f5e8e192","local_time":"20190207172442","is_ascension_mode":true,"campfire_choices":[{"floor":12.0,"key":"REST"},{"data":"Catalyst","floor":15.0,"key":"SMITH"},{"data":"Burst","floor":23.0,"key":"SMITH"},{"floor":25.0,"key":"RECALL"},{"floor":29.0,"key":"REST"},{"data":"Footwork","floor":32.0,"key":"SMITH"},{"floor":41.0,"key":"REST"},{"data":"After Image","floor":44.0,"key":"SMITH"},{"data":"Neutralize","floor":46.0,"key":"SMITH"},{"data":"Well Laid Plans","floor":49.0,"key":"SMITH"},{"data":"Noxious Fumes","floor":52.0,"key":"SMITH"}],"neow_cost":"NONE","seed_source_timestamp":0,"circlet_count":0,"master_deck":["Defend_G","Defend_G","Defend_G","Defend_G","Defend_G","Strike_G","Survivor","Neutralize+1","Dagger Throw","Underhanded Strike","Poisoned Stab+1","Catalyst+1","Bouncing Flask","Crippling Poison","Burst+1","Noxious Fumes+1","Poisoned Stab+1","Prepared+1","Footwork+1","Well Laid Plans+1","After Image+1","Bane+1"],"special_seed":0,"relics":["Ring of the Snake","NeowsBlessing","Thread and Needle","Regal Pillow","Happy Flower","Lantern","Smiling Mask","Ninja Scroll","Busted Crown","Blue Candle","Vajra","Bag of Preparation","Mercury Hourglass","Sozu","Ice Cream","Ancient Tea Set","Incense Burner","PreservedInsect","Whetstone","Oddly Smooth Stone","Kunai"],"potions_floor_usage":[],"damage_taken":[{"damage":0.0,"enemies":"Jaw Worm","floor":1.0,"turns":1.0},{"damage":0.0,"enemies":"2 Louse","floor":4.0,"turns":1.0},{"damage":0.0,"enemies":"Gremlin Nob","floor":6.0,"turns":1.0},{"damage":0.0,"enemies":"Cultist","floor":7.0,"turns":4.0},{"damage":15.0,"enemies":"Lagavulin","floor":8.0,"turns":6.0},{"damage":8.0,"enemies":"3 Sentries","floor":10.0,"turns":8.0},{"damage":13.0,"enemies":"Lagavulin","floor":14.0,"turns":4.0},{"damage":8.0,"enemies":"Hexaghost","floor":16.0,"turns":7.0},{"damage":2.0,"enemies":"2 Thieves","floor":18.0,"turns":3.0},{"damage":0.0,"enemies":"Shell Parasite","floor":21.0,"turns":2.0},{"damage":0.0,"enemies":"Snake Plant","floor":22.0,"turns":3.0},{"damage":19.0,"enemies":"Book of Stabbing","floor":24.0,"turns":5.0},{"damage":5.0,"enemies":"Slavers","floor":27.0,"turns":7.0},{"damage":15.0,"enemies":"Sentry and Sphere","floor":28.0,"turns":5.0},{"damage":6.0,"enemies":"Gremlin Leader","floor":30.0,"turns":7.0},{"damage":0.0,"enemies":"Centurion and Healer","floor":31.0,"turns":5.0},{"damage":4.0,"enemies":"Champ","floor":33.0,"turns":6.0},{"damage":0.0,"enemies":"3 Shapes","floor":35.0,"turns":3.0},{"damage":0.0,"enemies":"3 Darklings","floor":36.0,"turns":4.0},{"damage":16.0,"enemies":"2 Orb Walkers","floor":38.0,"turns":4.0},{"damage":0.0,"enemies":"Jaw Worm Horde","floor":39.0,"turns":4.0},{"damage":0.0,"enemies":"Reptomancer","floor":40.0,"turns":3.0},{"damage":5.0,"enemies":"Spire Growth","floor":45.0,"turns":3.0},{"damage":2.0,"enemies":"Maw","floor":48.0,"turns":5.0},{"damage":24.0,"enemies":"Awakened One","floor":50.0,"turns":14.0},{"damage":13.0,"enemies":"Shield and Spear","floor":54.0,"turns":5.0},{"damage":46,"enemies":"The Heart","floor":55,"turns":6}],"seed_played":"-3863489980711454490","potions_obtained":[{"floor":4.0,"key":"Dexterity Potion"},{"floor":7.0,"key":"Strength Potion"},{"floor":10.0,"key":"SpeedPotion"},{"floor":27.0,"key":"LiquidBronze"},{"floor":28.0,"key":"Block Potion"}],"is_trial":false,"path_per_floor":["M","?","?","M","$","E","M","E","T","E","?","R","$","E","R","B",null,"M","$","?","M","M","R","E","R","T","E","M","R","E","M","R","B",null,"M","M","$","?","M","E","R","?","T","R","M","R","?","M","R","B",null,"R","$","E","B"],"character_chosen":"THE_SILENT","items_purchased":["Poison Potion","Crippling Poison","Noxious Fumes","Ice Cream","Ancient Tea Set","Oddly Smooth Stone"],"campfire_rested":3,"item_purchase_floors":[5,13,19,37,37,53],"current_hp_per_floor":[63,60,60,60,60,60,60,45,45,37,37,70,70,57,57,49,65,63,63,63,63,63,63,44,44,44,39,24,60,54,54,54,50,65,65,65,65,49,49,49,70,70,70,70,65,65,65,63,63,39,59,59,59,46,0],"gold":38,"neow_bonus":"THREE_ENEMY_KILL","is_prod":false,"is_daily":false,"chose_seed":false,"campfire_upgraded":7,"win_rate":0,"timestamp":1549578282,"path_taken":["M","?","?","M","$","E","?","E","T","E","?","R","?","E","R","BOSS","M","$","?","M","M","R","E","R","T","E","?","R","E","M","R","BOSS","M","M","$","?","M","E","R","?","T","R","M","R","?","M","R","BOSS","R","$","E","BOSS"],"build_version":"2019-01-23","purchased_purges":3,"victory":false,"max_hp_per_floor":[70,70,70,70,70,70,70,70,70,70,70,70,70,70,70,70,70,70,70,70,70,70,70,70,70,70,70,70,70,70,70,70,70,70,70,70,70,70,70,70,70,70,70,70,70,70,66,66,66,66,66,66,66,66,66],"card_choices":[{"not_picked":["Deadly Poison","Acrobatics"],"picked":"Flying Knee","floor":1.0},{"not_picked":["Infinite Blades","Backflip"],"picked":"Dagger Throw","floor":4.0},{"not_picked":["Dodge and Roll","Cloak And Dagger"],"picked":"Underhanded Strike","floor":6.0},{"not_picked":["Masterful Stab","Bouncing Flask"],"picked":"Poisoned Stab","floor":7.0},{"not_picked":["PiercingWail","Adrenaline"],"picked":"Catalyst","floor":8.0},{"not_picked":["Escape Plan","PiercingWail"],"picked":"Bouncing Flask","floor":10.0},{"not_picked":["Deadly Poison","Blade Dance"],"picked":"Burst","floor":14.0},{"not_picked":["Slice"],"picked":"SKIP","floor":18.0},{"not_picked":[],"picked":"Poisoned Stab","floor":21.0},{"not_picked":[],"picked":"Prepared+1","floor":22.0},{"not_picked":["Crippling Poison"],"picked":"SKIP","floor":24.0},{"not_picked":[],"picked":"Footwork","floor":27.0},{"not_picked":["Finisher"],"picked":"SKIP","floor":28.0},{"not_picked":["Terror"],"picked":"SKIP","floor":30.0},{"not_picked":[],"picked":"Well Laid Plans","floor":31.0},{"not_picked":[],"picked":"After Image","floor":33.0},{"not_picked":["All Out Attack"],"picked":"SKIP","floor":35.0},{"not_picked":[],"picked":"Bane+1","floor":36.0},{"not_picked":["Riddle With Holes+1"],"picked":"SKIP","floor":39.0},{"not_picked":["Dash"],"picked":"SKIP","floor":40.0},{"not_picked":["Bane+1"],"picked":"SKIP","floor":45.0},{"not_picked":["Backflip"],"picked":"SKIP","floor":48.0},{"not_picked":["Bane"],"picked":"SKIP","floor":54.0}],"player_experience":382858,"relics_obtained":[{"floor":6.0,"key":"Happy Flower"},{"floor":8.0,"key":"Lantern"},{"floor":10.0,"key":"Smiling Mask"},{"floor":14.0,"key":"Ninja Scroll"},{"floor":24.0,"key":"Blue Candle"},{"floor":26.0,"key":"Vajra"},{"floor":27.0,"key":"Bag of Preparation"},{"floor":30.0,"key":"Mercury Hourglass"},{"floor":38.0,"key":"Incense Burner"},{"floor":40.0,"key":"PreservedInsect"},{"floor":43.0,"key":"Whetstone"},{"floor":54.0,"key":"Kunai"}],"event_choices":[{"damage_healed":0.0,"max_hp_gain":0.0,"max_hp_loss":0.0,"gold_gain":0.0,"event_name":"Scrap Ooze","player_choice":"Success","floor":2.0,"gold_loss":0.0,"damage_taken":3.0,"relics_obtained":["Thread and Needle"]},{"cards_removed":["Flying Knee"],"damage_healed":0.0,"max_hp_gain":0.0,"max_hp_loss":0.0,"gold_gain":0.0,"event_name":"WeMeetAgain","player_choice":"Gave Card","floor":3.0,"gold_loss":0.0,"damage_taken":0.0,"relics_obtained":["Regal Pillow"]},{"damage_healed":0.0,"max_hp_gain":0.0,"max_hp_loss":0.0,"gold_gain":79.0,"event_name":"Golden Wing","player_choice":"Gained Gold","floor":11.0,"gold_loss":0.0,"damage_taken":0.0},{"cards_removed":["Strike_G"],"damage_healed":0.0,"max_hp_gain":0.0,"max_hp_loss":0.0,"gold_gain":0.0,"event_name":"Bonfire Elementals","player_choice":"Offered Basic","floor":20.0,"gold_loss":0.0,"damage_taken":0.0},{"damage_healed":0.0,"max_hp_gain":0.0,"max_hp_loss":0.0,"gold_gain":0.0,"event_name":"Mysterious Sphere","player_choice":"Fight","floor":38.0,"gold_loss":0.0,"damage_taken":0.0},{"damage_healed":0.0,"max_hp_gain":0.0,"max_hp_loss":0.0,"gold_gain":0.0,"event_name":"SensoryStone","player_choice":"Memory 1","floor":42.0,"gold_loss":0.0,"damage_taken":0.0},{"damage_healed":0.0,"max_hp_gain":0.0,"max_hp_loss":4.0,"gold_gain":0.0,"event_name":"Winding Halls","player_choice":"Max HP","floor":47.0,"gold_loss":0.0,"damage_taken":0.0}],"is_beta":false,"boss_relics":[{"not_picked":["Pandora\u0027s Box","Runic Dome"],"picked":"Busted Crown"},{"not_picked":["HoveringKite","Eternal Feather"],"picked":"Sozu"}],"items_purged_floors":[13,19,37],"is_endless":false,"potions_floor_spawned":[4,7,10,14,22,27,28,35,40,48,54],"killed_by":"The Heart","ascension_level":6}