{"gold_per_floor":[218,230,9,27,27,52,52,81,81,100,126,126,126,126,126,230,230,246,246,264,274,274,304,317,337,337,386,412,412,443,443,443,544,544,558,558,658,710,263,297,310,344,344,367,367,367,367,393,393,393],"floor_reached":50,"playtime":2752,"items_purged":[],"score":796,"play_id":"8234ef19-0525-4130-b42f-72d412e56dc4","local_time":"20190209184652","is_ascension_mode":true,"campfire_choices":[{"floor":7,"key":"REST"},{"floor":12,"key":"REST"},{"data":"Pummel","floor":15,"key":"SMITH"},{"data":"Immolate","floor":29,"key":"SMITH"},{"data":"1","floor":32,"key":"LIFT"},{"floor":46,"key":"REST"},{"data":"2","floor":49,"key":"LIFT"}],"neow_cost":"NONE","seed_source_timestamp":257987511791181,"circlet_count":0,"master_deck":["Strike_R","Strike_R","Strike_R","Strike_R","Strike_R","Defend_R","Defend_R","Defend_R","Defend_R","Bash","Perfected Strike","Pummel+1","Pummel+1","Armaments+1","Double Tap+1","Pommel Strike","Immolate+1","Flex+1","Shockwave+1","Exhume+1","Pummel+1","Madness+1","Flex+1"],"relics":["Burning Blood","Omamori","FaceOfCleric","Anchor","Toxic Egg 2","Red Skull","Juzu Bracelet","PreservedInsect","Sozu","Vajra","Shuriken","Oddly Smooth Stone","Girya","Potion Belt","Mango","Magic Flower","Paper Frog","HandDrill","Boot","Dream Catcher","Blue Candle","Blood Vial","Prayer Wheel"],"potions_floor_usage":[8,16,16,50],"damage_taken":[{"damage":6,"enemies":"Cultist","floor":1,"turns":3},{"damage":1,"enemies":"2 Louse","floor":2,"turns":3},{"damage":7,"enemies":"Jaw Worm","floor":4,"turns":3},{"damage":32,"enemies":"Gremlin Nob","floor":6,"turns":4},{"damage":60,"enemies":"Lagavulin","floor":8,"turns":7},{"damage":0,"enemies":"Blue Slaver","floor":10,"turns":2},{"damage":8,"enemies":"Gremlin Nob","floor":11,"turns":3},{"damage":32,"enemies":"Slime Boss","floor":16,"turns":12},{"damage":6,"enemies":"Spheric Guardian","floor":18,"turns":3},{"damage":7,"enemies":"2 Thieves","floor":20,"turns":4},{"damage":13,"enemies":"Chosen and Byrds","floor":21,"turns":6},{"damage":35,"enemies":"Gremlin Leader","floor":23,"turns":4},{"damage":0,"enemies":"Snecko","floor":24,"turns":3},{"damage":6,"enemies":"3 Cultists","floor":25,"turns":3},{"damage":19,"enemies":"Slavers","floor":28,"turns":3},{"damage":0,"enemies":"Gremlin Leader","floor":30,"turns":2},{"damage":40,"enemies":"Collector","floor":33,"turns":4},{"damage":6,"enemies":"Orb Walker","floor":35,"turns":2},{"damage":37,"enemies":"Mind Bloom Boss Battle","floor":37,"turns":5},{"damage":36,"enemies":"2 Orb Walkers","floor":38,"turns":3},{"damage":13,"enemies":"Giant Head","floor":40,"turns":4},{"damage":14,"enemies":"3 Darklings","floor":41,"turns":3},{"damage":2,"enemies":"Reptomancer","floor":42,"turns":2},{"damage":6,"enemies":"Giant Head","floor":48,"turns":5},{"damage":101,"enemies":"Awakened One","floor":50,"turns":5}],"seed_played":"-3210576624002455331","potions_obtained":[{"floor":2,"key":"SpeedPotion"},{"floor":4,"key":"LiquidBronze"},{"floor":6,"key":"EssenceOfSteel"},{"floor":16,"key":"Strength Potion"}],"is_trial":false,"path_per_floor":["M","M","$","M","?","E","R","E","T","M","E","R","?","?","R","B",null,"M","?","M","M","?","E","M","M","T","T","E","R","E","?","R","B",null,"M","?","?","?","$","E","M","E","T","T","?","R","?","E","R","B"],"character_chosen":"IRONCLAD","items_purchased":["Pummel","Omamori","Paper Frog","HandDrill"],"campfire_rested":3,"item_purchase_floors":[3,3,39,39],"current_hp_per_floor":[80,80,80,79,79,54,78,25,25,32,31,56,56,56,56,31,85,86,86,86,80,80,52,59,60,60,60,48,48,55,60,60,27,94,95,95,79,50,50,48,45,54,54,54,54,88,88,96,96,0],"gold":393,"neow_bonus":"HUNDRED_GOLD","is_prod":false,"is_daily":false,"chose_seed":false,"campfire_upgraded":2,"win_rate":0,"timestamp":1549698412,"path_taken":["M","M","$","M","?","E","R","E","T","M","E","R","?","?","R","BOSS","M","?","M","M","?","E","M","M","T","?","E","R","E","?","R","BOSS","M","?","?","?","$","E","M","E","T","?","?","R","?","E","R","BOSS"],"build_version":"2019-01-23","purchased_purges":0,"victory":false,"max_hp_per_floor":[80,80,80,80,80,81,81,82,82,83,84,84,84,84,84,85,85,86,86,87,88,88,89,90,91,91,91,92,92,93,93,93,94,94,95,95,110,111,111,112,113,114,114,114,114,114,114,115,115,115],"card_choices":[{"not_picked":["Havoc","True Grit"],"picked":"Perfected Strike","floor":1},{"not_picked":["Dual Wield","Shrug It Off","Fire Breathing"],"picked":"SKIP","floor":2},{"not_picked":["Iron Wave","Armaments"],"picked":"Pummel","floor":4},{"not_picked":["Disarm","Armaments","Anger"],"picked":"SKIP","floor":6},{"not_picked":["Blood for Blood","Wild Strike","Body Slam"],"picked":"SKIP","floor":8},{"not_picked":["Rage+1","Headbutt","Warcry+1"],"picked":"SKIP","floor":10},{"not_picked":["Intimidate+1","Battle Trance+1"],"picked":"Armaments+1","floor":11},{"not_picked":["Dark Embrace","Brutality"],"picked":"Double Tap+1","floor":16},{"not_picked":["True Grit+1","Armaments+1","Clash"],"picked":"SKIP","floor":18},{"not_picked":["Clothesline","Power Through+1"],"picked":"Perfected Strike","floor":20},{"not_picked":["Wild Strike","Twin Strike"],"picked":"Pommel Strike","floor":21},{"not_picked":["Twin Strike","Body Slam"],"picked":"Cleave","floor":23},{"not_picked":["Warcry+1","Clash"],"picked":"Flex+1","floor":24},{"not_picked":["Sentinel+1","Armaments+1","Anger+1"],"picked":"SKIP","floor":25},{"not_picked":["Reckless Charge","Sentinel+1","Sever Soul"],"picked":"SKIP","floor":28},{"not_picked":["Feed","Pommel Strike"],"picked":"Shockwave+1","floor":30},{"not_picked":["Double Tap+1","Feed"],"picked":"Exhume+1","floor":33},{"not_picked":["Power Through+1","Pommel Strike+1"],"picked":"Pummel+1","floor":35},{"not_picked":["Flash of Steel","Swift Strike"],"picked":"Madness+1","floor":36},{"not_picked":["Wild Strike+1","True Grit+1"],"picked":"Flex+1","floor":38},{"not_picked":["Carnage","Impervious+1","Flame Barrier+1"],"picked":"SKIP","floor":40},{"not_picked":["Clothesline+1","Warcry+1","Wild Strike"],"picked":"SKIP","floor":41},{"not_picked":["Dual Wield+1","Shockwave+1","Thunderclap"],"picked":"SKIP","floor":42},{"not_picked":["Seeing Red+1","Iron Wave+1","Metallicize+1"],"picked":"SKIP","floor":48}],"player_experience":171334,"relics_obtained":[{"floor":6,"key":"Anchor"},{"floor":8,"key":"Toxic Egg 2"},{"floor":9,"key":"Red Skull"},{"floor":11,"key":"Juzu Bracelet"},{"floor":23,"key":"Vajra"},{"floor":26,"key":"Shuriken"},{"floor":27,"key":"Oddly Smooth Stone"},{"floor":28,"key":"Girya"},{"floor":30,"key":"Potion Belt"},{"floor":37,"key":"Mango"},{"floor":38,"key":"Magic Flower"},{"floor":40,"key":"Boot"},{"floor":42,"key":"Dream Catcher"},{"floor":43,"key":"Blue Candle"},{"floor":44,"key":"Blood Vial"},{"floor":48,"key":"Prayer Wheel"}],"event_choices":[{"damage_healed":0,"gold_gain":0,"player_choice":"Trade","damage_taken":0,"relics_obtained":["FaceOfCleric"],"max_hp_gain":0,"max_hp_loss":0,"event_name":"FaceTrader","floor":5,"gold_loss":0},{"damage_healed":0,"gold_gain":0,"player_choice":"Box","damage_taken":0,"relics_obtained":["PreservedInsect"],"max_hp_gain":0,"max_hp_loss":0,"event_name":"Big Fish","floor":13,"gold_loss":0,"cards_obtained":["Regret"]},{"damage_healed":0,"gold_gain":0,"player_choice":"Grow","damage_taken":0,"max_hp_gain":0,"max_hp_loss":0,"event_name":"Living Wall","floor":14,"gold_loss":0,"cards_upgraded":["Pummel"]},{"damage_healed":0,"gold_gain":0,"player_choice":"Ignored","damage_taken":0,"max_hp_gain":0,"max_hp_loss":0,"event_name":"Ghosts","floor":19,"gold_loss":0},{"damage_healed":0,"gold_gain":0,"player_choice":"Read","damage_taken":0,"max_hp_gain":0,"max_hp_loss":0,"event_name":"The Library","floor":22,"gold_loss":0,"cards_obtained":["Immolate"]},{"cards_removed":["Perfected Strike"],"damage_healed":5,"gold_gain":0,"player_choice":"Offered Common","damage_taken":0,"max_hp_gain":0,"max_hp_loss":0,"event_name":"Bonfire Elementals","floor":31,"gold_loss":0},{"cards_removed":["Perfected Strike"],"damage_healed":5,"gold_gain":0,"player_choice":"Offered Special","damage_taken":0,"max_hp_gain":0,"max_hp_loss":0,"event_name":"Bonfire Elementals","floor":31,"gold_loss":0},{"damage_healed":0,"gold_gain":0,"player_choice":"Memory 1","damage_taken":0,"max_hp_gain":0,"max_hp_loss":0,"event_name":"SensoryStone","floor":36,"gold_loss":0},{"damage_healed":0,"gold_gain":0,"player_choice":"Fight","damage_taken":0,"max_hp_gain":0,"max_hp_loss":0,"event_name":"MindBloom","floor":37,"gold_loss":0},{"damage_healed":0,"gold_gain":0,"player_choice":"Fight","damage_taken":0,"max_hp_gain":0,"max_hp_loss":0,"event_name":"Mysterious Sphere","floor":38,"gold_loss":0},{"damage_healed":0,"gold_gain":0,"player_choice":"Ignored","damage_taken":0,"max_hp_gain":0,"max_hp_loss":0,"event_name":"Tomb of Lord Red Mask","floor":45,"gold_loss":0},{"cards_removed":["Cleave"],"damage_healed":0,"gold_gain":0,"player_choice":"Removed Attack","damage_taken":0,"max_hp_gain":0,"max_hp_loss":0,"event_name":"Falling","floor":47,"gold_loss":0}],"is_beta":false,"boss_relics":[{"not_picked":["Cursed Key","Tiny House"],"picked":"Sozu"},{"not_picked":["Snecko Eye","Runic Dome","Runic Pyramid"]}],"items_purged_floors":[],"is_endless":false,"potions_floor_spawned":[2,4,6,16,20,23,24,30,35,42],"killed_by":"Awakened One","ascension_level":3}