{"gold_per_floor":[118,118,135,210,210,236,236,270,352,352,352,386,386,401,401,473,473,484,499,109,124,139,139,153,187,187,187,212,227,227,241,241,315,315,327,18,29,46,58,91,103,146,158,120,158,170,197,236,248,260,272],"floor_reached":52,"playtime":3023,"items_purged":["Strike_G","Strike_G"],"score":2260,"play_id":"b9270d64-bac1-4bbb-b4c2-199ddeb5bbb2","local_time":"20181207225136","is_ascension_mode":true,"campfire_choices":[{"data":"Deadly Poison","floor":7,"key":"SMITH"},{"floor":10,"key":"REST"},{"data":"Catalyst","floor":13,"key":"SMITH"},{"data":"Neutralize","floor":15,"key":"SMITH"},{"data":"A Thousand Cuts","floor":23,"key":"SMITH"},{"data":"Burst","floor":27,"key":"SMITH"},{"data":"Footwork","floor":30,"key":"SMITH"},{"floor":32,"key":"REST"},{"data":"Malaise","floor":41,"key":"SMITH"},{"data":"Bouncing Flask","floor":46,"key":"SMITH"},{"floor":49,"key":"REST"}],"neow_cost":"NONE","seed_source_timestamp":14708236886995,"circlet_count":0,"master_deck":["AscendersBane","Defend_G","Defend_G","Defend_G","Defend_G","Defend_G","Strike_G","Strike_G+1","Survivor","Neutralize+1","Deadly Poison+1","Flying Knee+1","Catalyst+1","After Image","Well Laid Plans","Adrenaline","Quick Slash+1","Footwork+1","A Thousand Cuts+1","Bouncing Flask+1","Footwork","Escape Plan","Burst+1","Cloak And Dagger+1","Backflip+1","Malaise+1","Leg Sweep","Noxious Fumes+1","Infinite Blades+1","Escape Plan+1"],"relics":["Ring of the Snake","NeowsBlessing","Ancient Tea Set","Mercury Hourglass","Potion Belt","Meat on the Bone","Oddly Smooth Stone","White Beast Statue","Lantern","Tough Bandages","Singing Bowl","Whetstone","Philosopher\u0027s Stone","Pen Nib","MawBank","Paper Crane","Happy Flower","Calipers","Prayer Wheel"],"potions_floor_usage":[16,18,22,24,25,28,28,28,33,35,37,45,50,50,50,50],"damage_taken":[{"damage":0,"enemies":"2 Louse","floor":1,"turns":1},{"damage":0,"enemies":"Small Slimes","floor":3,"turns":1},{"damage":0,"enemies":"Lagavulin","floor":6,"turns":1},{"damage":33,"enemies":"Gremlin Nob","floor":8,"turns":4},{"damage":9,"enemies":"3 Sentries","floor":12,"turns":7},{"damage":0,"enemies":"Cultist","floor":14,"turns":3},{"damage":2,"enemies":"Hexaghost","floor":16,"turns":9},{"damage":3,"enemies":"3 Byrds","floor":18,"turns":5},{"damage":10,"enemies":"Shell Parasite","floor":19,"turns":5},{"damage":5,"enemies":"3 Cultists","floor":21,"turns":5},{"damage":8,"enemies":"Sentry and Sphere","floor":22,"turns":7},{"damage":19,"enemies":"Cultist and Chosen","floor":24,"turns":4},{"damage":8,"enemies":"Gremlin Leader","floor":25,"turns":7},{"damage":1,"enemies":"Book of Stabbing","floor":28,"turns":4},{"damage":9,"enemies":"Snake Plant","floor":29,"turns":4},{"damage":0,"enemies":"3 Cultists","floor":31,"turns":3},{"damage":24,"enemies":"Automaton","floor":33,"turns":10},{"damage":10,"enemies":"3 Darklings","floor":35,"turns":5},{"damage":0,"enemies":"3 Shapes","floor":37,"turns":5},{"damage":2,"enemies":"Sphere and 2 Shapes","floor":38,"turns":5},{"damage":17,"enemies":"4 Shapes","floor":39,"turns":4},{"damage":14,"enemies":"Nemesis","floor":40,"turns":9},{"damage":0,"enemies":"Giant Head","floor":42,"turns":7},{"damage":0,"enemies":"Reptomancer","floor":45,"turns":5},{"damage":0,"enemies":"Transient","floor":47,"turns":6},{"damage":0,"enemies":"Giant Head","floor":48,"turns":7},{"damage":1,"enemies":"Awakened One","floor":50,"turns":15},{"damage":22,"enemies":"Time Eater","floor":51,"turns":8}],"seed_played":"5769323307780890455","potions_obtained":[{"floor":14,"key":"Fire Potion"},{"floor":16,"key":"Fruit Juice"},{"floor":18,"key":"SpeedPotion"},{"floor":19,"key":"GamblersBrew"},{"floor":21,"key":"Strength Potion"},{"floor":22,"key":"GamblersBrew"},{"floor":24,"key":"Energy Potion"},{"floor":25,"key":"PowerPotion"},{"floor":28,"key":"SpeedPotion"},{"floor":29,"key":"Weak Potion"},{"floor":31,"key":"Weak Potion"},{"floor":33,"key":"Ancient Potion"},{"floor":35,"key":"Fire Potion"},{"floor":37,"key":"GhostInAJar"},{"floor":38,"key":"SpeedPotion"},{"floor":40,"key":"SmokeBomb"},{"floor":42,"key":"AttackPotion"},{"floor":45,"key":"Dexterity Potion"},{"floor":47,"key":"Block Potion"}],"is_trial":false,"path_per_floor":["M","?","M","?","?","E","R","E","T","R","?","E","R","M","R","B",null,"M","M","$","M","M","R","M","E","T","R","E","M","R","M","R","B",null,"M","$","M","M","M","E","R","E","T","?","E","R","M","E","R","B","B",null],"character_chosen":"THE_SILENT","items_purchased":["Lantern","A Thousand Cuts","Noxious Fumes","Pen Nib"],"campfire_rested":3,"item_purchase_floors":[20,20,36,36],"current_hp_per_floor":[59,54,54,43,36,36,36,3,3,22,22,25,25,37,37,40,63,60,50,50,45,37,37,30,34,34,34,45,38,38,38,59,47,67,57,57,59,59,42,42,42,44,44,44,44,44,46,48,73,72,50],"gold":284,"neow_bonus":"THREE_ENEMY_KILL","is_prod":false,"is_daily":false,"chose_seed":false,"campfire_upgraded":8,"win_rate":0,"timestamp":1544219496,"path_taken":["M","?","M","?","?","E","R","E","T","R","?","E","R","M","R","BOSS","M","M","$","M","M","R","M","E","T","R","E","?","R","M","R","BOSS","M","$","?","M","M","E","R","E","T","?","E","R","?","E","R","BOSS","BOSS"],"build_version":"2018-12-06","purchased_purges":2,"victory":true,"max_hp_per_floor":[66,66,66,66,66,66,66,66,66,66,66,66,66,66,66,71,71,71,71,71,71,71,71,71,71,71,71,71,73,73,73,73,73,73,73,73,75,77,77,79,79,81,81,81,81,81,83,85,85,85,85],"card_choices":[{"not_picked":["Deflect","Sucker Punch"],"picked":"Deadly Poison","floor":1},{"not_picked":["Acrobatics","Masterful Stab"],"picked":"Flying Knee","floor":3},{"not_picked":["Flechettes","Acrobatics"],"picked":"Catalyst","floor":6},{"not_picked":["Acrobatics","Blade Dance","Dodge and Roll"],"picked":"SKIP","floor":8},{"not_picked":["PiercingWail","Calculated Gamble"],"picked":"After Image","floor":12},{"not_picked":["Choke","Poisoned Stab"],"picked":"Well Laid Plans","floor":14},{"not_picked":["Tools of the Trade","Doppelganger"],"picked":"Adrenaline","floor":16},{"not_picked":["Poisoned Stab","Bane"],"picked":"Quick Slash+1","floor":18},{"not_picked":["Flying Knee+1","Eviscerate"],"picked":"Footwork","floor":19},{"not_picked":["Dash+1","Outmaneuver"],"picked":"Bouncing Flask","floor":21},{"not_picked":["Slice","Expertise"],"picked":"Footwork","floor":22},{"not_picked":["Blade Dance+1","Quick Slash+1"],"picked":"Escape Plan","floor":24},{"not_picked":["Phantasmal Killer","Slice"],"picked":"Burst","floor":25},{"not_picked":["Reflex","Flechettes"],"picked":"Cloak And Dagger+1","floor":28},{"not_picked":["Choke","Accuracy","Dagger Throw"],"picked":"Singing Bowl","floor":29},{"not_picked":["Terror","Choke"],"picked":"Backflip+1","floor":31},{"not_picked":["Doppelganger","Bullet Time"],"picked":"Malaise","floor":33},{"not_picked":["Outmaneuver","Quick Slash+1"],"picked":"Leg Sweep","floor":35},{"not_picked":["Sucker Punch+1","Footwork+1","Crippling Poison+1"],"picked":"Singing Bowl","floor":37},{"not_picked":["Slice","Skewer","Dagger Throw"],"picked":"Singing Bowl","floor":38},{"not_picked":["Distraction+1","Acrobatics"],"picked":"Infinite Blades+1","floor":39},{"not_picked":["Heel Hook","A Thousand Cuts","Quick Slash"],"picked":"Singing Bowl","floor":40},{"not_picked":["Cloak And Dagger+1","Dagger Throw","Bane"],"picked":"Singing Bowl","floor":42},{"not_picked":["Flying Knee","Eviscerate"],"picked":"Escape Plan+1","floor":45},{"not_picked":["Poisoned Stab","Blade Dance","Unload"],"picked":"Singing Bowl","floor":47},{"not_picked":["Footwork","All Out Attack","Quick Slash"],"picked":"Singing Bowl","floor":48}],"player_experience":884348,"relics_obtained":[{"floor":6,"key":"Mercury Hourglass"},{"floor":8,"key":"Potion Belt"},{"floor":9,"key":"Meat on the Bone"},{"floor":12,"key":"Oddly Smooth Stone"},{"floor":25,"key":"Tough Bandages"},{"floor":26,"key":"Singing Bowl"},{"floor":28,"key":"Whetstone"},{"floor":40,"key":"MawBank"},{"floor":42,"key":"Paper Crane"},{"floor":43,"key":"Happy Flower"},{"floor":45,"key":"Calipers"},{"floor":48,"key":"Prayer Wheel"}],"event_choices":[{"damage_healed":0,"gold_gain":0,"player_choice":"Success","damage_taken":5,"relics_obtained":["Ancient Tea Set"],"max_hp_gain":0,"max_hp_loss":0,"event_name":"Scrap Ooze","floor":2,"gold_loss":0},{"damage_healed":0,"gold_gain":75,"player_choice":"Gather Gold","damage_taken":11,"max_hp_gain":0,"max_hp_loss":0,"event_name":"World of Goop","floor":4,"gold_loss":0},{"cards_removed":["Strike_G"],"damage_healed":0,"gold_gain":0,"player_choice":"Card Removal","damage_taken":7,"max_hp_gain":0,"max_hp_loss":0,"event_name":"Golden Wing","floor":5,"gold_loss":0},{"damage_healed":0,"gold_gain":0,"player_choice":"0 cards matched","damage_taken":0,"max_hp_gain":0,"max_hp_loss":0,"event_name":"Match and Keep!","floor":11,"gold_loss":0,"cards_obtained":[]},{"damage_healed":0,"gold_gain":0,"player_choice":"Upgrade","damage_taken":0,"max_hp_gain":0,"max_hp_loss":0,"event_name":"Designer","floor":44,"gold_loss":50,"cards_upgraded":["Noxious Fumes"]}],"is_beta":false,"boss_relics":[{"not_picked":["Fusion Hammer","Tiny House"],"picked":"White Beast Statue"},{"not_picked":["Black Star","Pandora\u0027s Box"],"picked":"Philosopher\u0027s Stone"}],"items_purged_floors":[20,36],"is_endless":false,"potions_floor_spawned":[14,16,18,19,21,22,24,25,28,29,31,33,35,37,38,39,40,42,45,47,48],"ascension_level":20}