{"gold_per_floor":[119,136,136,154,32,32,32,46,46,77,98,98,173,192,192,192],"floor_reached":16,"playtime":887,"items_purged":[],"score":204,"play_id":"cfb1de6a-77f0-4186-8cb2-af46b03f77ce","local_time":"20181018125217","is_ascension_mode":true,"campfire_choices":[{"data":"Defragment","floor":6,"key":"SMITH"},{"floor":12,"key":"REST"},{"data":"Defragment","floor":15,"key":"SMITH"}],"neow_cost":"NONE","seed_source_timestamp":589735841882386,"circlet_count":0,"master_deck":["Strike_B","Strike_B","Strike_B","Strike_B","Defend_B","Defend_B","Defend_B","Defend_B","Zap","Dualcast","AscendersBane","Defragment+1","Defragment+1","Melter","Dramatic Entrance","Rebound","Reboot","Cold Snap","White Noise","Leap"],"relics":["Cracked Core","Bag of Marbles","Golden Idol","Bottled Lightning","Ginger"],"potions_floor_usage":[11,16],"damage_taken":[{"damage":2,"enemies":"Jaw Worm","floor":1,"turns":3},{"damage":6,"enemies":"Small Slimes","floor":2,"turns":3},{"damage":1,"enemies":"Cultist","floor":4,"turns":3},{"damage":7,"enemies":"2 Fungi Beasts","floor":8,"turns":2},{"damage":35,"enemies":"3 Sentries","floor":10,"turns":8},{"damage":8,"enemies":"Looter","floor":11,"turns":2},{"damage":3,"enemies":"Gremlin Gang","floor":14,"turns":3},{"damage":13,"enemies":"Hexaghost","floor":16,"turns":9}],"seed_played":"-428325773043351278","potions_obtained":[{"floor":8,"key":"Weak Potion"},{"floor":14,"key":"SkillPotion"}],"is_trial":false,"path_per_floor":["M","M","?","M","$","R","?","M","T","E","M","R","?","M","R"],"character_chosen":"DEFECT","items_purchased":["Dramatic Entrance"],"campfire_rested":1,"item_purchase_floors":[5],"current_hp_per_floor":[62,56,56,55,55,55,55,48,48,13,5,24,13,10,10,0],"gold":192,"neow_bonus":"RANDOM_COMMON_RELIC","is_prod":false,"is_daily":false,"chose_seed":false,"campfire_upgraded":2,"win_rate":0,"timestamp":1539859937,"path_taken":["M","M","?","M","$","R","?","M","T","E","M","R","?","M","R","BOSS"],"build_version":"2018-10-11","purchased_purges":0,"victory":false,"max_hp_per_floor":[71,71,64,64,64,64,64,64,64,64,64,64,64,64,64,64],"card_choices":[{"not_picked":["Conserve Battery","Redo"],"picked":"Defragment","floor":1},{"not_picked":["Compile Driver","Leap"],"picked":"Defragment","floor":2},{"not_picked":["Barrage","Redo"],"picked":"Melter","floor":4},{"not_picked":["Go for the Eyes","Consume"],"picked":"Cold Snap","floor":8},{"not_picked":["Beam Cell","Gash"],"picked":"White Noise","floor":10},{"not_picked":["Redo","Streamline"],"picked":"Leap","floor":11},{"not_picked":["Beam Cell","Hologram","Sweeping Beam"],"picked":"SKIP","floor":14}],"player_experience":843372,"relics_obtained":[{"floor":9,"key":"Bottled Lightning"},{"floor":10,"key":"Ginger"}],"event_choices":[{"event_name":"Golden Idol","player_choice":"Lose Max HP","floor":3,"damage_taken":0},{"event_name":"Match and Keep!","player_choice":"2 cards matched","floor":7,"damage_taken":0},{"event_name":"World of Goop","player_choice":"Gather Gold","floor":13,"damage_taken":0}],"is_beta":false,"boss_relics":[],"items_purged_floors":[],"is_endless":false,"potions_floor_spawned":[8,14],"killed_by":"Hexaghost","ascension_level":20}