{"gold_per_floor":[117,117,117,134,150,176,176,205,205,205,221,221,50,50,50,50],"floor_reached":16,"playtime":436,"items_purged":[],"score":216,"play_id":"12cc56be-ffde-4ffc-bba3-4eafcf7e365b","local_time":"20190311011349","is_ascension_mode":true,"campfire_choices":[{"floor":7,"key":"REST"},{"data":"Zap","floor":10,"key":"SMITH"},{"data":"Dualcast","floor":12,"key":"SMITH"},{"data":"Conserve Battery","floor":15,"key":"SMITH"}],"neow_cost":"NONE","seed_source_timestamp":1073585121713131,"circlet_count":0,"master_deck":["AscendersBane","Strike_B","Strike_B+1","Strike_B+1","Defend_B","Defend_B","Defend_B","Defend_B","Zap+1","Dualcast+1","Blizzard","Cold Snap","Ball Lightning","Conserve Battery+1"],"relics":["Cracked Core","NeowsBlessing","Cables","Mummified Hand","Letter Opener","Blood Vial"],"potions_floor_usage":[6,8,16,16],"damage_taken":[{"damage":0,"enemies":"Cultist","floor":1,"turns":1},{"damage":0,"enemies":"Small Slimes","floor":4,"turns":1},{"damage":0,"enemies":"Jaw Worm","floor":5,"turns":1},{"damage":36,"enemies":"3 Sentries","floor":6,"turns":5},{"damage":9,"enemies":"Gremlin Nob","floor":8,"turns":3},{"damage":7,"enemies":"Lots of Slimes","floor":11,"turns":3},{"damage":18,"enemies":"Hexaghost","floor":16,"turns":9}],"seed_played":"5420014707766810299","potions_obtained":[{"floor":3,"key":"AttackPotion"},{"floor":3,"key":"LiquidBronze"},{"floor":6,"key":"EssenceOfSteel"},{"floor":11,"key":"Weak Potion"}],"is_trial":false,"path_per_floor":["M","?","?","M","M","E","R","E","T","R","M","R","$","?","R","B"],"character_chosen":"DEFECT","items_purchased":["Blood Vial"],"campfire_rested":1,"item_purchase_floors":[13],"current_hp_per_floor":[64,43,43,43,43,7,28,19,19,19,12,12,12,12,12,0],"gold":50,"neow_bonus":"THREE_ENEMY_KILL","is_prod":false,"is_daily":false,"chose_seed":false,"campfire_upgraded":3,"win_rate":0,"timestamp":1552263229,"path_taken":["M","?","?","M","?","E","R","E","T","R","M","R","$","?","R","BOSS"],"build_version":"2019-01-23","purchased_purges":0,"victory":false,"max_hp_per_floor":[71,71,71,71,71,71,71,71,71,71,71,71,71,71,71,71],"card_choices":[{"not_picked":["Go for the Eyes","Rebound"],"picked":"Blizzard","floor":1},{"not_picked":["Undo","Steam"],"picked":"Cold Snap","floor":4},{"not_picked":["Undo","Aggregate"],"picked":"Ball Lightning","floor":5},{"not_picked":["Redo","Ball Lightning","Fusion"],"picked":"SKIP","floor":6},{"not_picked":["Reprogram","Melter","Blizzard"],"picked":"SKIP","floor":8},{"not_picked":["Compile Driver","Redo"],"picked":"Conserve Battery","floor":11}],"player_experience":1177305,"relics_obtained":[{"floor":6,"key":"Cables"},{"floor":8,"key":"Mummified Hand"},{"floor":9,"key":"Letter Opener"}],"event_choices":[{"damage_healed":0,"gold_gain":0,"player_choice":"Entered Light","damage_taken":21,"max_hp_gain":0,"max_hp_loss":0,"event_name":"Shining Light","floor":2,"gold_loss":0,"cards_upgraded":["Strike_B","Strike_B"]},{"damage_healed":0,"gold_gain":0,"player_choice":"Got Potions","damage_taken":0,"max_hp_gain":0,"max_hp_loss":0,"event_name":"Lab","floor":3,"gold_loss":0},{"cards_removed":["Strike_B"],"damage_healed":0,"gold_gain":0,"player_choice":"Purged","damage_taken":0,"max_hp_gain":0,"max_hp_loss":0,"event_name":"Purifier","floor":14,"gold_loss":0}],"is_beta":false,"boss_relics":[],"items_purged_floors":[],"is_endless":false,"potions_floor_spawned":[6,11],"killed_by":"Hexaghost","ascension_level":20}