{"gold_per_floor":[118,118,136,149,164,164,184,198,252,252,262,296,296,307,307,307],"floor_reached":16,"playtime":1633,"items_purged":[],"score":159,"play_id":"1e7653eb-c865-48cd-9f96-995438a9a2cb","local_time":"20190211205853","is_ascension_mode":true,"campfire_choices":[{"data":"Chaos","floor":6,"key":"SMITH"},{"data":"Zap","floor":10,"key":"SMITH"},{"floor":13,"key":"REST"},{"data":"Tempest","floor":15,"key":"SMITH"}],"neow_cost":"CURSE","seed_source_timestamp":826036393391,"circlet_count":0,"master_deck":["AscendersBane","Strike_B","Strike_B","Strike_B","Strike_B","Defend_B","Defend_B","Defend_B","Defend_B","Zap+1","Dualcast","Writhe","Turbo","Chaos+1","FTL","Blizzard","Seek","Tempest+1","Cold Snap","Doom and Gloom"],"relics":["Cracked Core","Gambling Chip","Tiny Chest","Emotion Chip"],"potions_floor_usage":[7,12],"damage_taken":[{"damage":1,"enemies":"2 Louse","floor":1,"turns":3},{"damage":1,"enemies":"Cultist","floor":3,"turns":4},{"damage":7,"enemies":"Jaw Worm","floor":4,"turns":4},{"damage":0,"enemies":"Large Slime","floor":5,"turns":4},{"damage":7,"enemies":"Exordium Thugs","floor":7,"turns":5},{"damage":10,"enemies":"Exordium Wildlife","floor":8,"turns":5},{"damage":9,"enemies":"3 Louse","floor":11,"turns":4},{"damage":25,"enemies":"Lagavulin","floor":12,"turns":5},{"damage":10,"enemies":"Looter","floor":14,"turns":3},{"damage":0,"enemies":"The Guardian","floor":16,"turns":1}],"seed_played":"-9075142593000012867","potions_obtained":[{"floor":2,"key":"Ancient Potion"},{"floor":2,"key":"Poison Potion"},{"floor":2,"key":"FocusPotion"},{"floor":5,"key":"Fire Potion"},{"floor":11,"key":"FearPotion"},{"floor":12,"key":"Explosive Potion"},{"floor":14,"key":"PowerPotion"}],"is_trial":false,"path_per_floor":["M","?","M","M","M","R","M","M","T","R","M","E","R","M","R","B"],"character_chosen":"DEFECT","items_purchased":[],"campfire_rested":1,"item_purchase_floors":[],"current_hp_per_floor":[67,67,66,59,59,59,52,42,42,42,33,8,30,20,20,20],"gold":307,"neow_bonus":"ONE_RARE_RELIC","is_prod":false,"is_daily":false,"chose_seed":false,"campfire_upgraded":3,"win_rate":0,"timestamp":1549915133,"path_taken":["M","?","M","?","?","R","M","M","T","R","M","E","R","M","R","BOSS"],"build_version":"2019-01-23","purchased_purges":0,"victory":false,"max_hp_per_floor":[75,75,75,75,75,75,75,75,75,75,75,75,75,75,75,75],"card_choices":[{"not_picked":["Stack","Hologram"],"picked":"Turbo","floor":1},{"not_picked":["Sweeping Beam","Melter"],"picked":"Chaos","floor":3},{"not_picked":["Darkness","Storm"],"picked":"FTL","floor":4},{"not_picked":["Stack","Beam Cell","Sweeping Beam"],"picked":"SKIP","floor":5},{"not_picked":["Beam Cell","Hologram"],"picked":"Blizzard","floor":7},{"not_picked":["Conserve Battery","Aggregate"],"picked":"Seek","floor":8},{"not_picked":["Stack","Hologram"],"picked":"Tempest","floor":11},{"not_picked":["Steam","Hologram"],"picked":"Cold Snap","floor":12},{"not_picked":["Conserve Battery","Static Discharge"],"picked":"Doom and Gloom","floor":14}],"player_experience":1046147,"relics_obtained":[{"floor":9,"key":"Tiny Chest"},{"floor":12,"key":"Emotion Chip"}],"event_choices":[{"damage_healed":0,"gold_gain":0,"player_choice":"Got Potions","damage_taken":0,"max_hp_gain":0,"max_hp_loss":0,"event_name":"Lab","floor":2,"gold_loss":0}],"is_beta":false,"boss_relics":[],"items_purged_floors":[],"is_endless":false,"potions_floor_spawned":[5,11,12,14],"killed_by":"The Guardian","ascension_level":10}