{"gold_per_floor":[359,265,440,440,457,457,190,204,227,255,272,222,232,37,37,133,163,181,200,211,211,86,86],"floor_reached":23,"playtime":2979,"items_purged":["Doubt"],"score":191,"play_id":"fe6ffc7f-6e10-4951-aac4-10d8e47b36af","local_time":"20180628212412","is_ascension_mode":false,"campfire_choices":[{"data":"Infernal Blade","floor":6,"key":"SMITH"},{"data":"Heavy Blade","floor":15,"key":"SMITH"}],"neow_cost":"CURSE","seed_source_timestamp":1362092141714491,"circlet_count":0,"master_deck":["Strike_R","Strike_R","Strike_R","Strike_R","Strike_R","Defend_R","Defend_R","Defend_R","Defend_R+1","Bash","Infernal Blade+1","Flex","Pummel","Headbutt","Combust","Blood for Blood","Whirlwind","Warcry","Heavy Blade+1","Pommel Strike","Flex","Heavy Blade","Sword Boomerang","Battle Trance+1","Anger","RitualDagger","Flex","Armaments"],"relics":["Burning Blood","Ornamental Fan","Potion Belt","Mercury Hourglass","Vajra","Tiny House"],"potions_floor_usage":[23,23,23],"damage_taken":[{"damage":0,"enemies":"Small Slimes","floor":1,"turns":3},{"damage":6,"enemies":"Jaw Worm","floor":5,"turns":2},{"damage":1,"enemies":"Cultist","floor":8,"turns":3},{"damage":17,"enemies":"Lagavulin","floor":10,"turns":5},{"damage":1,"enemies":"2 Fungi Beasts","floor":11,"turns":2},{"damage":2,"enemies":"Large Slime","floor":13,"turns":3},{"damage":12,"enemies":"Slime Boss","floor":16,"turns":4},{"damage":14,"enemies":"Chosen","floor":18,"turns":3},{"damage":30,"enemies":"2 Thieves","floor":19,"turns":3},{"damage":14,"enemies":"3 Cultists","floor":20,"turns":3},{"damage":49,"enemies":"Gremlin Leader","floor":23,"turns":5}],"seed_played":"1140265500315628708","potions_obtained":[{"floor":5,"key":"Poison Potion"},{"floor":11,"key":"Dexterity Potion"},{"floor":16,"key":"Ancient Potion"},{"floor":17,"key":"Dexterity Potion"}],"is_trial":false,"path_per_floor":["M","$","?","?","M","R","$","M","T","E","M","?","M","$","R","B",null,"M","M","M","?","$"],"character_chosen":"IRONCLAD","items_purchased":["Flex","Pummel","Combust","Blood for Blood","Whirlwind","Vajra","Flex","Flex","Armaments","Strength Potion"],"campfire_rested":0,"item_purchase_floors":[2,2,7,7,7,14,14,22,22,22],"current_hp_per_floor":[80,80,80,73,73,73,73,78,78,67,72,72,76,76,76,73,88,80,56,48,42,42,0],"gold":86,"neow_bonus":"TWO_FIFTY_GOLD","is_prod":false,"is_daily":false,"chose_seed":false,"campfire_upgraded":2,"win_rate":0.0,"timestamp":1530235452,"path_taken":["M","$","?","?","M","R","$","M","T","E","M","?","?","?","R","BOSS","M","M","M","?","?","E"],"build_version":"2018-06-21v2","purchased_purges":1,"victory":false,"max_hp_per_floor":[80,80,80,80,80,80,80,80,80,80,80,80,80,80,80,83,88,88,88,88,88,88,88],"card_choices":[{"not_picked":["True Grit","Flex"],"picked":"Infernal Blade","floor":1},{"not_picked":["Body Slam","Twin Strike"],"picked":"Headbutt","floor":5},{"not_picked":["Reckless Charge","Second Wind"],"picked":"Warcry","floor":8},{"not_picked":["Disarm","Clash","Second Wind"],"picked":"SKIP","floor":10},{"not_picked":["Body Slam","Berserk"],"picked":"Heavy Blade","floor":11},{"not_picked":["Shockwave","Warcry"],"picked":"Pommel Strike","floor":13},{"not_picked":["Sword Boomerang","Thunderclap"],"picked":"Heavy Blade","floor":17},{"not_picked":["Clash","Spot Weakness"],"picked":"Sword Boomerang","floor":18},{"not_picked":["Metallicize","Rupture"],"picked":"Battle Trance+1","floor":19},{"not_picked":["Carnage+1","Shrug It Off"],"picked":"Anger","floor":20}],"player_experience":48131,"relics_obtained":[{"floor":9,"key":"Potion Belt"},{"floor":10,"key":"Mercury Hourglass"}],"event_choices":[{"event_name":"Liars Game","player_choice":"agreed","floor":3,"damage_taken":0},{"event_name":"Scrap Ooze","player_choice":"success","floor":4,"damage_taken":7},{"event_name":"The Cleric","player_choice":"Card Removal","floor":12,"damage_taken":0},{"event_name":"Nest","player_choice":"Joined the Cult","floor":21,"damage_taken":0}],"boss_relics":[{"not_picked":["Sozu","Runic Cube"],"picked":"Tiny House"}],"items_purged_floors":[7],"is_endless":false,"potions_floor_spawned":[5,11,16],"killed_by":"Gremlin Leader","ascension_level":0}