{"gold_per_floor":[216,236,236,256,256,256,269,305,305,330,56,75,96,117,117,117],"floor_reached":16,"playtime":683,"items_purged":["Strike_R"],"score":148,"play_id":"bba6a687-17de-44d8-bb9e-31319b0e245e","local_time":"20180810044250","is_ascension_mode":true,"campfire_choices":[{"data":"Bash","floor":6,"key":"SMITH"},{"data":"True Grit","floor":15,"key":"SMITH"}],"neow_cost":"NONE","seed_source_timestamp":89803763235436,"circlet_count":0,"master_deck":["Strike_R","Strike_R","Strike_R","Strike_R","Defend_R","Defend_R","Defend_R","Defend_R","Bash+1","True Grit+1","Clash","Shrug It Off"],"relics":["Burning Blood","Golden Idol","Dream Catcher","Bag of Preparation","Lee\u0027s Waffle"],"potions_floor_usage":[7,8,13],"damage_taken":[{"damage":3,"enemies":"2 Louse","floor":1,"turns":6},{"damage":2,"enemies":"Jaw Worm","floor":2,"turns":3},{"damage":1,"enemies":"Cultist","floor":4,"turns":4},{"damage":7,"enemies":"2 Fungi Beasts","floor":7,"turns":4},{"damage":59,"enemies":"Lagavulin","floor":8,"turns":10},{"damage":6,"enemies":"3 Louse","floor":10,"turns":7},{"damage":16,"enemies":"Lots of Slimes","floor":12,"turns":7},{"damage":16,"enemies":"Exordium Thugs","floor":13,"turns":6},{"damage":0,"enemies":"Looter","floor":14,"turns":3},{"damage":75,"enemies":"Hexaghost","floor":16,"turns":11}],"seed_played":"2403849147768531914","potions_obtained":[{"floor":1,"key":"Swift Potion"},{"floor":2,"key":"SkillPotion"},{"floor":12,"key":"Poison Potion"}],"is_trial":false,"path_per_floor":["M","M","?","M","?","R","M","E","T","M","$","M","M","M","R"],"character_chosen":"IRONCLAD","items_purchased":["Lee\u0027s Waffle"],"campfire_rested":0,"item_purchase_floors":[11],"current_hp_per_floor":[75,79,59,64,64,64,63,10,10,10,87,77,67,73,73,0],"gold":117,"neow_bonus":"HUNDRED_GOLD","is_prod":false,"is_daily":false,"chose_seed":false,"campfire_upgraded":2,"win_rate":0,"timestamp":1533890570,"path_taken":["M","M","?","?","?","R","?","E","T","?","$","M","M","M","R","BOSS"],"build_version":"2018-08-09","purchased_purges":1,"victory":false,"max_hp_per_floor":[80,80,80,80,80,80,80,80,80,80,87,87,87,87,87,87],"card_choices":[{"not_picked":["Disarm","Iron Wave","Body Slam"],"picked":"SKIP","floor":1},{"not_picked":["Flex","Wild Strike","Iron Wave"],"picked":"SKIP","floor":2},{"not_picked":["Warcry","Ghostly Armor","Twin Strike"],"picked":"SKIP","floor":4},{"not_picked":["Blood for Blood","Barricade"],"picked":"True Grit","floor":7},{"not_picked":["Headbutt","Spot Weakness","Rampage"],"picked":"SKIP","floor":8},{"not_picked":["Body Slam","Seeing Red"],"picked":"Clash","floor":10},{"not_picked":["Warcry","Iron Wave","Clothesline"],"picked":"SKIP","floor":12},{"not_picked":["Headbutt","Perfected Strike"],"picked":"Shrug It Off","floor":13},{"not_picked":["Warcry","Battle Trance","Heavy Blade"],"picked":"SKIP","floor":14}],"player_experience":191835,"relics_obtained":[{"floor":8,"key":"Dream Catcher"},{"floor":9,"key":"Bag of Preparation"}],"event_choices":[{"event_name":"Golden Idol","player_choice":"Take Damage","floor":3,"damage_taken":0},{"event_name":"Liars Game","player_choice":"disagreed","floor":5,"damage_taken":0}],"is_beta":false,"boss_relics":[],"items_purged_floors":[11],"is_endless":false,"potions_floor_spawned":[1,2,12],"killed_by":"Hexaghost","ascension_level":8}