{"gold_per_floor":[117,135,135,135,135,164,164,179,205,205,225,245,279,289,289,289],"floor_reached":16,"playtime":1797,"items_purged":[],"score":118,"play_id":"fccd6ae1-46e2-4ee3-8154-e683638b7d42","local_time":"20180712221743","is_ascension_mode":true,"campfire_choices":[{"data":"Dual Wield","floor":7.0,"key":"SMITH"},{"data":"Double Tap","floor":10.0,"key":"SMITH"},{"floor":15.0,"key":"REST"}],"neow_cost":"CURSE","seed_source_timestamp":152498378928274,"circlet_count":0,"master_deck":["Strike_R","Strike_R","Strike_R","Strike_R","Strike_R","Defend_R","Defend_R","Defend_R","Defend_R","Bash","Pain","Double Tap+1","Dual Wield+1","Shrug It Off","Impervious","Cleave"],"special_seed":0,"relics":["Burning Blood","Art of War","Oddly Smooth Stone","Potion Belt","Ice Cream"],"potions_floor_usage":[16],"damage_taken":[{"damage":9.0,"enemies":"Cultist","floor":1.0,"turns":4.0},{"damage":5.0,"enemies":"Small Slimes","floor":2.0,"turns":3.0},{"damage":11.0,"enemies":"3 Sentries","floor":6.0,"turns":12.0},{"damage":3.0,"enemies":"2 Louse","floor":8.0,"turns":3.0},{"damage":8.0,"enemies":"Lots of Slimes","floor":11.0,"turns":3.0},{"damage":16.0,"enemies":"Looter","floor":12.0,"turns":3.0},{"damage":60.0,"enemies":"Lagavulin","floor":13.0,"turns":9.0},{"damage":2.0,"enemies":"3 Louse","floor":14.0,"turns":6.0},{"damage":42,"enemies":"The Guardian","floor":16,"turns":13}],"seed_played":"968347164480801536","potions_obtained":[{"floor":1.0,"key":"LiquidBronze"},{"floor":4.0,"key":"EssenceOfSteel"},{"floor":4.0,"key":"Fire Potion"},{"floor":6.0,"key":"Fire Potion"},{"floor":13.0,"key":"FearPotion"},{"floor":14.0,"key":"FearPotion"}],"is_trial":false,"path_per_floor":["M","M","?","?","?","E","R","M","T","R","M","M","E","M","R"],"character_chosen":"IRONCLAD","items_purchased":[],"campfire_rested":1,"item_purchase_floors":[],"current_hp_per_floor":[77,78,78,78,78,73,73,76,76,76,74,64,10,14,38,0],"gold":289,"neow_bonus":"THREE_RARE_CARDS","is_prod":false,"is_daily":false,"chose_seed":false,"campfire_upgraded":2,"win_rate":0,"timestamp":1531448263,"path_taken":["M","M","?","?","?","E","R","M","T","R","M","M","E","M","R","BOSS"],"build_version":"2018-07-12","purchased_purges":0,"victory":false,"max_hp_per_floor":[80,80,80,80,80,80,80,80,80,80,80,80,80,80,80,80],"card_choices":[{"not_picked":["Bludgeon","Limit Break"],"picked":"Double Tap","floor":0.0},{"not_picked":["Disarm","Pummel"],"picked":"Dual Wield","floor":1.0},{"not_picked":["True Grit","Burning Pact"],"picked":"Shrug It Off","floor":2.0},{"not_picked":["Sever Soul","Flex","Corruption"],"picked":"SKIP","floor":6.0},{"not_picked":["Clothesline","Rampage","Body Slam"],"picked":"SKIP","floor":8.0},{"not_picked":["Sentinel","Clothesline","Havoc"],"picked":"SKIP","floor":11.0},{"not_picked":["Anger","Dropkick","Hemokinesis"],"picked":"SKIP","floor":12.0},{"not_picked":["Feel No Pain","Second Wind"],"picked":"Impervious","floor":13.0},{"not_picked":["Clash","Metallicize"],"picked":"Cleave","floor":14.0}],"player_experience":147314,"relics_obtained":[{"floor":6.0,"key":"Oddly Smooth Stone"},{"floor":9.0,"key":"Potion Belt"},{"floor":13.0,"key":"Ice Cream"}],"event_choices":[{"event_name":"Big Fish","player_choice":"Box","floor":3.0,"damage_taken":0.0},{"event_name":"The Lab","player_choice":"Got Potions","floor":4.0,"damage_taken":0.0},{"event_name":"Living Wall","player_choice":"Forget","floor":5.0,"damage_taken":0.0}],"boss_relics":[],"items_purged_floors":[],"is_endless":false,"potions_floor_spawned":[1,6,13,14],"killed_by":"The Guardian","ascension_level":1}