{"gold_per_floor":[110,128,146,221,234,184,184,212,212,212,231,231,265,35,35,136,136,147,166,186,203,203],"floor_reached":22,"playtime":1861,"items_purged":[],"score":228,"play_id":"8888eebd-2dc5-4a5d-9b8c-313c80c71d74","local_time":"20190318144435","is_ascension_mode":true,"campfire_choices":[{"floor":7.0,"key":"REST"},{"data":"True Grit","floor":10.0,"key":"SMITH"},{"data":"Rampage","floor":12.0,"key":"SMITH"},{"data":"Metallicize","floor":15.0,"key":"SMITH"}],"neow_cost":"PERCENT_DAMAGE","seed_source_timestamp":0,"circlet_count":0,"master_deck":["Strike_R","Strike_R","Strike_R","Defend_R","Defend_R","Defend_R","Bash","Spot Weakness","Cleave","Cleave","Rampage+1","Power Through","True Grit+1","Seeing Red","Metallicize+1","Juggernaut","Blood for Blood+1","Fire Breathing+1","Disarm"],"special_seed":0,"relics":["Burning Blood","Omamori","Shuriken","Kunai","Happy Flower","Velvet Choker"],"potions_floor_usage":[],"damage_taken":[{"damage":1.0,"enemies":"Cultist","floor":1.0,"turns":3.0},{"damage":9.0,"enemies":"Jaw Worm","floor":2.0,"turns":5.0},{"damage":7.0,"enemies":"Small Slimes","floor":3.0,"turns":3.0},{"damage":8.0,"enemies":"3 Louse","floor":5.0,"turns":2.0},{"damage":20.0,"enemies":"Gremlin Nob","floor":8.0,"turns":4.0},{"damage":7.0,"enemies":"2 Fungi Beasts","floor":11.0,"turns":3.0},{"damage":7.0,"enemies":"3 Sentries","floor":13.0,"turns":7.0},{"damage":19.0,"enemies":"The Guardian","floor":16.0,"turns":7.0},{"damage":28.0,"enemies":"Chosen","floor":18.0,"turns":5.0},{"damage":11,"enemies":"Spheric Guardian","floor":19,"turns":4},{"damage":8,"enemies":"3 Cultists","floor":20,"turns":5},{"damage":20,"enemies":"Cultist and Chosen","floor":21,"turns":5},{"damage":38,"enemies":"Centurion and Healer","floor":22,"turns":4}],"seed_played":"-1486854447354299823","potions_obtained":[{"floor":3.0,"key":"Block Potion"},{"floor":5.0,"key":"Swift Potion"},{"floor":11.0,"key":"Poison Potion"},{"floor":13.0,"key":"SkillPotion"},{"floor":20,"key":"LiquidBronze"}],"is_trial":false,"path_per_floor":["M","M","M","?","M","?","R","E","T","R","M","R","E","$","R","B",null,"M","M","M","M","M"],"character_chosen":"IRONCLAD","items_purchased":["Happy Flower","Metallicize"],"campfire_rested":1,"item_purchase_floors":[14,14],"current_hp_per_floor":[61,58,57,46,44,44,68,54,54,54,53,53,52,52,52,39,80,58,53,51,37,0],"gold":203,"neow_bonus":"TRANSFORM_TWO_CARDS","is_prod":false,"is_daily":false,"chose_seed":false,"campfire_upgraded":3,"win_rate":0,"timestamp":1552934675,"path_taken":["M","M","?","?","M","?","R","E","T","R","M","R","E","$","R","BOSS","M","M","M","M","M"],"build_version":"2019-01-23","purchased_purges":0,"victory":false,"max_hp_per_floor":[80,80,80,80,80,80,80,80,80,80,80,80,80,80,80,80,80,80,80,80,80,80],"card_choices":[{"not_picked":["Clothesline","Headbutt"],"picked":"Cleave","floor":1.0},{"not_picked":["Dual Wield","Warcry"],"picked":"Rampage","floor":2.0},{"not_picked":["Reckless Charge","Cleave","Evolve"],"picked":"SKIP","floor":3.0},{"not_picked":["Twin Strike","Dual Wield"],"picked":"Power Through","floor":5.0},{"not_picked":["Sever Soul","Pummel"],"picked":"True Grit","floor":8.0},{"not_picked":["Clothesline","Anger"],"picked":"Seeing Red","floor":11.0},{"not_picked":["Dual Wield","Infernal Blade","Perfected Strike"],"picked":"SKIP","floor":13.0},{"not_picked":["Limit Break","Fiend Fire"],"picked":"Juggernaut","floor":16.0},{"not_picked":["Armaments+1","Perfected Strike"],"picked":"Blood for Blood+1","floor":18},{"not_picked":["Anger","Cleave"],"picked":"Fire Breathing+1","floor":19},{"not_picked":["Battle Trance","Anger"],"picked":"Disarm","floor":20},{"not_picked":["Thunderclap+1","Whirlwind","Power Through"],"picked":"SKIP","floor":21}],"player_experience":146499,"relics_obtained":[{"floor":8.0,"key":"Omamori"},{"floor":9.0,"key":"Shuriken"},{"floor":13.0,"key":"Kunai"}],"event_choices":[{"damage_healed":0.0,"max_hp_gain":0.0,"max_hp_loss":0.0,"gold_gain":75.0,"event_name":"World of Goop","player_choice":"Gather Gold","floor":4.0,"gold_loss":0.0,"damage_taken":11.0},{"cards_removed":["Defend_R"],"damage_healed":0.0,"max_hp_gain":0.0,"max_hp_loss":0.0,"gold_gain":0.0,"event_name":"The Cleric","player_choice":"Card Removal","floor":6.0,"gold_loss":50.0,"damage_taken":0.0}],"is_beta":false,"boss_relics":[{"not_picked":["Lizard Tail","Runic Cube"],"picked":"Velvet Choker"}],"items_purged_floors":[],"is_endless":false,"potions_floor_spawned":[3,5,11,13,20],"killed_by":"Centurion and Healer","ascension_level":3}