{"gold_per_floor":[110,120,134,134,134,134,145,145,145,191,203,286,311,351,363,447,459,484,510,541,569,581],"floor_reached":22,"playtime":789,"items_purged":[],"score":413,"play_id":"38966f90-77d4-4113-8a2d-f8e7c6d85121","local_time":"20180923175300","is_ascension_mode":true,"campfire_choices":[{"data":"Unload","floor":6,"key":"SMITH"},{"data":"Backstab","floor":8,"key":"SMITH"},{"data":"Dagger Spray","floor":11,"key":"SMITH"},{"data":"All Out Attack","floor":15,"key":"SMITH"}],"neow_cost":"TEN_PERCENT_HP_LOSS","seed_source_timestamp":162292210417295,"circlet_count":0,"master_deck":["Defend_G","Defend_G","Defend_G","Defend_G","Defend_G","Strike_G","Strike_G","Strike_G","Strike_G","Strike_G","Survivor","Neutralize","AscendersBane","Unload+1","Backstab+1","Backflip","All Out Attack+1","Dagger Spray+1","Prepared","Dagger Throw","Glass Knife","Cloak And Dagger","Cloak And Dagger"],"relics":["Ring of the Snake","CultistMask","MawBank","Mercury Hourglass","Ornamental Fan","WristBlade"],"potions_floor_usage":[10,14,16,20,21],"damage_taken":[{"damage":1,"enemies":"Jaw Worm","floor":1,"turns":4},{"damage":0,"enemies":"Cultist","floor":2,"turns":2},{"damage":0,"enemies":"2 Louse","floor":3,"turns":3},{"damage":11,"enemies":"Large Slime","floor":7,"turns":5},{"damage":0,"enemies":"Gremlin Nob","floor":10,"turns":3},{"damage":0,"enemies":"Red Slaver","floor":13,"turns":1},{"damage":7,"enemies":"Lagavulin","floor":14,"turns":5},{"damage":40,"enemies":"The Guardian","floor":16,"turns":11},{"damage":22,"enemies":"Shell Parasite","floor":18,"turns":4},{"damage":0,"enemies":"Spheric Guardian","floor":19,"turns":1},{"damage":0,"enemies":"Centurion and Healer","floor":20,"turns":5},{"damage":26,"enemies":"Shelled Parasite and Fungi","floor":21,"turns":3},{"damage":29,"enemies":"Snecko","floor":22,"turns":6}],"seed_played":"-6338747236204996288","potions_obtained":[{"floor":1,"key":"Strength Potion"},{"floor":3,"key":"FearPotion"},{"floor":14,"key":"Explosive Potion"},{"floor":18,"key":"AttackPotion"},{"floor":19,"key":"Regen Potion"}],"is_trial":false,"path_per_floor":["M","M","M","?","?","R","M","R","T","E","R","?","M","E","R","B",null,"M","M","M","M"],"character_chosen":"THE_SILENT","items_purchased":[],"campfire_rested":0,"item_purchase_floors":[],"current_hp_per_floor":[58,58,58,58,63,63,52,52,52,52,52,52,52,45,45,5,50,28,28,42,16,0],"gold":581,"neow_bonus":"THREE_RARE_CARDS","is_prod":false,"is_daily":false,"chose_seed":false,"campfire_upgraded":4,"win_rate":0,"timestamp":1537717980,"path_taken":["M","M","M","?","?","R","?","R","T","E","R","?","M","E","R","BOSS","M","M","M","?","M"],"build_version":"2018-09-20","purchased_purges":0,"victory":false,"max_hp_per_floor":[60,60,60,60,65,65,65,65,65,65,65,65,65,65,65,65,65,65,65,65,65,65],"card_choices":[{"not_picked":["Night Terror","Phantasmal Killer"],"picked":"Unload","floor":0},{"not_picked":["Dash","Noxious Fumes"],"picked":"Backstab","floor":1},{"not_picked":["PiercingWail","Calculated Gamble"],"picked":"Backflip","floor":2},{"not_picked":["Footwork","Poisoned Stab"],"picked":"All Out Attack","floor":3},{"not_picked":["Blur","Choke","Slice"],"picked":"SKIP","floor":7},{"not_picked":["PiercingWail","Night Terror"],"picked":"Dagger Spray","floor":10},{"not_picked":["Quick Slash","Choke"],"picked":"Prepared","floor":13},{"not_picked":["Concentrate","Dagger Spray"],"picked":"Dagger Throw","floor":14},{"not_picked":["Night Terror","Wraith Form v2"],"picked":"Glass Knife","floor":16},{"not_picked":["Quick Slash","Calculated Gamble"],"picked":"Cloak And Dagger","floor":18},{"not_picked":["Outmaneuver","Blade Dance"],"picked":"Cloak And Dagger","floor":19},{"not_picked":["Backflip","Caltrops","Reflex"],"picked":"SKIP","floor":20},{"not_picked":["Sucker Punch","Concentrate+1","Backflip"],"picked":"SKIP","floor":21}],"player_experience":757613,"relics_obtained":[{"floor":9,"key":"MawBank"},{"floor":10,"key":"Mercury Hourglass"},{"floor":14,"key":"Ornamental Fan"}],"event_choices":[{"event_name":"FaceTrader","player_choice":"Trade","floor":4,"damage_taken":0},{"event_name":"Big Fish","player_choice":"Donut","floor":5,"damage_taken":0},{"event_name":"Golden Wing","player_choice":"Gained Gold","floor":12,"damage_taken":0}],"is_beta":false,"boss_relics":[{"not_picked":["Fusion Hammer","Lizard Tail"],"picked":"WristBlade"}],"items_purged_floors":[],"is_endless":false,"potions_floor_spawned":[1,3,14,18,19],"killed_by":"Snecko","ascension_level":17}