{"gold_per_floor":[116,116,133,150,161,161,192,192,192,203,353,370,399,301,301,301],"floor_reached":16,"playtime":550,"items_purged":[],"score":218,"play_id":"0aa2e46e-5541-425a-b5e6-b32b32010c79","local_time":"20190127105551","is_ascension_mode":true,"campfire_choices":[{"data":"Uppercut","floor":6,"key":"SMITH"},{"data":"Wild Strike","floor":8,"key":"SMITH"},{"data":"Body Slam","floor":15,"key":"SMITH"}],"neow_cost":"NONE","seed_source_timestamp":1525734748917642,"circlet_count":0,"master_deck":["AscendersBane","Strike_R","Strike_R","Strike_R","Strike_R","Strike_R","Defend_R","Defend_R","Defend_R","Defend_R","Bash","Uppercut+1","Rage","Evolve","Juggernaut","Wild Strike+1","Doubt","True Grit","Body Slam+1"],"relics":["Burning Blood","NeowsBlessing","Blood Vial","Anchor","Darkstone Periapt","Oddly Smooth Stone"],"potions_floor_usage":[5,12,13,16],"damage_taken":[{"damage":0,"enemies":"Small Slimes","floor":1,"turns":1},{"damage":0,"enemies":"Cultist","floor":3,"turns":1},{"damage":0,"enemies":"Jaw Worm","floor":4,"turns":1},{"damage":20,"enemies":"3 Louse","floor":5,"turns":4},{"damage":9,"enemies":"Lagavulin","floor":7,"turns":7},{"damage":6,"enemies":"Exordium Thugs","floor":10,"turns":4},{"damage":3,"enemies":"Large Slime","floor":12,"turns":4},{"damage":15,"enemies":"3 Sentries","floor":13,"turns":7},{"damage":65,"enemies":"Slime Boss","floor":16,"turns":9}],"seed_played":"5164818190778010141","potions_obtained":[{"floor":2,"key":"SneckoOil"},{"floor":2,"key":"Swift Potion"},{"floor":4,"key":"Energy Potion"},{"floor":5,"key":"Explosive Potion"},{"floor":7,"key":"Explosive Potion"},{"floor":13,"key":"Block Potion"}],"is_trial":false,"path_per_floor":["M","?","M","M","M","R","E","R","T","M","?","M","E","?","R","B"],"character_chosen":"IRONCLAD","items_purchased":[],"campfire_rested":0,"item_purchase_floors":[],"current_hp_per_floor":[74,74,75,75,61,61,58,58,58,60,60,65,58,58,58,0],"gold":301,"neow_bonus":"THREE_ENEMY_KILL","is_prod":false,"is_daily":false,"chose_seed":false,"campfire_upgraded":3,"win_rate":0,"timestamp":1548582951,"path_taken":["M","?","?","M","M","R","E","R","T","M","?","M","E","?","R","BOSS"],"build_version":"2019-01-23","purchased_purges":0,"victory":false,"max_hp_per_floor":[75,75,75,75,75,75,75,75,75,75,75,75,75,75,75,75],"card_choices":[{"not_picked":["Warcry","Wild Strike"],"picked":"Uppercut","floor":1},{"not_picked":["Sever Soul","Warcry"],"picked":"Rage","floor":3},{"not_picked":["Fire Breathing","Flame Barrier"],"picked":"Evolve","floor":4},{"not_picked":["Anger","Thunderclap"],"picked":"Juggernaut","floor":5},{"not_picked":["Cleave","Exhume"],"picked":"Wild Strike","floor":7},{"not_picked":["Anger","Warcry","Cleave"],"picked":"SKIP","floor":10},{"not_picked":["Flame Barrier","Whirlwind"],"picked":"True Grit","floor":12},{"not_picked":["Cleave","Warcry"],"picked":"Body Slam","floor":13}],"player_experience":944684,"relics_obtained":[{"floor":7,"key":"Blood Vial"},{"floor":9,"key":"Anchor"},{"floor":13,"key":"Darkstone Periapt"}],"event_choices":[{"damage_healed":0,"gold_gain":0,"player_choice":"Got Potions","damage_taken":0,"max_hp_gain":0,"max_hp_loss":0,"event_name":"Lab","floor":2,"gold_loss":0},{"damage_healed":0,"gold_gain":150,"player_choice":"AGREE","damage_taken":0,"max_hp_gain":0,"max_hp_loss":0,"event_name":"Liars Game","floor":11,"gold_loss":0,"cards_obtained":["Doubt"]},{"damage_healed":0,"gold_gain":0,"player_choice":"Paid Gold","damage_taken":0,"relics_obtained":["Oddly Smooth Stone"],"max_hp_gain":0,"max_hp_loss":0,"event_name":"WeMeetAgain","floor":14,"gold_loss":98}],"is_beta":false,"boss_relics":[],"items_purged_floors":[],"is_endless":false,"potions_floor_spawned":[4,5,7,10,13],"killed_by":"Slime Boss","ascension_level":19}