{"gold_per_floor":[117,135,204,217,230,257,257,24,24,24,37,37],"floor_reached":12,"playtime":470,"items_purged":["Strike_G"],"score":160,"play_id":"458fb3b2-631c-4db2-97ab-43a2e7e20ebf","local_time":"20190312112145","is_ascension_mode":true,"campfire_choices":[{"data":"Cloak And Dagger","floor":7.0,"key":"SMITH"},{"floor":10.0,"key":"REST"}],"neow_cost":"NONE","seed_source_timestamp":0,"circlet_count":0,"master_deck":["AscendersBane","Defend_G","Defend_G","Defend_G","Defend_G","Defend_G","Strike_G","Strike_G","Strike_G","Strike_G","Survivor","Neutralize","Footwork","Dash","Outmaneuver","Cloak And Dagger+1","Blade Dance","Cloak And Dagger"],"special_seed":0,"relics":["Ring of the Snake","NeowsBlessing","Oddly Smooth Stone","Ancient Tea Set","Omamori"],"potions_floor_usage":[12,12],"damage_taken":[{"damage":0.0,"enemies":"Small Slimes","floor":1.0,"turns":1.0},{"damage":0.0,"enemies":"Jaw Worm","floor":2.0,"turns":1.0},{"damage":0.0,"enemies":"Cultist","floor":4.0,"turns":1.0},{"damage":20.0,"enemies":"Lots of Slimes","floor":5.0,"turns":8.0},{"damage":28.0,"enemies":"3 Sentries","floor":6.0,"turns":14.0},{"damage":2.0,"enemies":"Looter","floor":11.0,"turns":3.0},{"damage":20,"enemies":"Lagavulin","floor":12,"turns":12}],"seed_played":"4871895124618413340","potions_obtained":[{"floor":1.0,"key":"Dexterity Potion"},{"floor":11.0,"key":"FearPotion"}],"is_trial":false,"path_per_floor":["M","M","?","M","M","E","R","$","T","R","M","E"],"character_chosen":"THE_SILENT","items_purchased":["Ancient Tea Set"],"campfire_rested":1,"item_purchase_floors":[8],"current_hp_per_floor":[59,59,59,59,39,11,11,11,11,30,28,8],"gold":37,"neow_bonus":"THREE_ENEMY_KILL","is_prod":false,"is_daily":false,"chose_seed":false,"campfire_upgraded":1,"win_rate":0,"timestamp":1552386105,"path_taken":["M","M","?","M","M","E","R","?","T","R","?","E"],"build_version":"2019-01-23","purchased_purges":1,"victory":false,"max_hp_per_floor":[66,66,66,66,66,66,66,66,66,66,66,66],"card_choices":[{"not_picked":["Distraction","Backflip"],"picked":"Footwork","floor":1.0},{"not_picked":["Blade Dance","Footwork"],"picked":"Dash","floor":2.0},{"not_picked":["Poisoned Stab","Catalyst"],"picked":"Outmaneuver","floor":4.0},{"not_picked":["Endless Agony","All Out Attack"],"picked":"Cloak And Dagger","floor":5.0},{"not_picked":["Dagger Spray","Flying Knee"],"picked":"Blade Dance","floor":6.0},{"not_picked":["Prepared","Dagger Spray"],"picked":"Cloak And Dagger","floor":11.0}],"player_experience":1180284,"relics_obtained":[{"floor":6.0,"key":"Oddly Smooth Stone"},{"floor":9.0,"key":"Omamori"}],"event_choices":[{"damage_healed":0.0,"max_hp_gain":0.0,"max_hp_loss":0.0,"gold_gain":69.0,"event_name":"Golden Wing","player_choice":"Gained Gold","floor":3.0,"gold_loss":0.0,"damage_taken":0.0}],"is_beta":false,"boss_relics":[],"items_purged_floors":[8],"is_endless":false,"potions_floor_spawned":[1,11],"killed_by":"Lagavulin","ascension_level":20}