{"gold_per_floor":[10,10,10,29,40,40,54,54,105,280,260,289,289,304,304,408,408,422,435,454,164,164,164,164,196,196,207,218,218,245,245,245,342,342,358,358,378,378,378,378],"floor_reached":40,"playtime":4594,"items_purged":["Doubt"],"score":445,"play_id":"6dc3db60-6c0f-4ef9-9693-28f8ddb3f641","local_time":"20190314212808","is_ascension_mode":true,"campfire_choices":[{"data":"Neutralize","floor":6.0,"key":"SMITH"},{"floor":8.0,"key":"REST"},{"floor":15.0,"key":"REST"},{"floor":23,"key":"REST"},{"floor":29,"key":"REST"},{"floor":32,"key":"REST"}],"neow_cost":"NO_GOLD","seed_source_timestamp":0,"circlet_count":0,"master_deck":["Defend_G","Defend_G","Strike_G+1","Survivor","Neutralize+1","Deadly Poison+1","Cloak And Dagger","Blade Dance","Crippling Poison","Poisoned Stab","Adrenaline","Cloak And Dagger","Calculated Gamble+1","Sadistic Nature","Escape Plan+1","Backflip","Dash+1","Bane","Wraith Form v2+1","All Out Attack+1","Accuracy+1"],"special_seed":0,"relics":["Ring of the Snake","StoneCalendar","Pen Nib","Juzu Bracelet","Art of War","Empty Cage","Lantern","Pantograph","Sundial","MutagenicStrength","Astrolabe"],"potions_floor_usage":[20,25,30,30,33],"damage_taken":[{"damage":0.0,"enemies":"Small Slimes","floor":1.0,"turns":4.0},{"damage":0.0,"enemies":"2 Louse","floor":4.0,"turns":3.0},{"damage":0.0,"enemies":"Cultist","floor":5.0,"turns":3.0},{"damage":0.0,"enemies":"Lots of Slimes","floor":7.0,"turns":5.0},{"damage":47.0,"enemies":"Gremlin Nob","floor":12.0,"turns":6.0},{"damage":1.0,"enemies":"Looter","floor":14.0,"turns":4.0},{"damage":5.0,"enemies":"Hexaghost","floor":16.0,"turns":9.0},{"damage":0,"enemies":"3 Byrds","floor":18,"turns":5},{"damage":0,"enemies":"Chosen","floor":19,"turns":4},{"damage":20,"enemies":"Snake Plant","floor":20,"turns":5},{"damage":28,"enemies":"Slavers","floor":25,"turns":7},{"damage":12,"enemies":"Centurion and Healer","floor":27,"turns":7},{"damage":8,"enemies":"3 Cultists","floor":28,"turns":6},{"damage":28,"enemies":"Gremlin Leader","floor":30,"turns":7},{"damage":31,"enemies":"Automaton","floor":33,"turns":12},{"damage":16,"enemies":"3 Darklings","floor":35,"turns":5},{"damage":19,"enemies":"Orb Walker","floor":37,"turns":4},{"damage":58,"enemies":"Giant Head","floor":40,"turns":9}],"seed_played":"1295019919906452196","potions_obtained":[{"floor":5.0,"key":"AttackPotion"},{"floor":7.0,"key":"SkillPotion"},{"floor":11.0,"key":"LiquidBronze"},{"floor":12.0,"key":"SteroidPotion"},{"floor":19,"key":"Fire Potion"},{"floor":20,"key":"Strength Potion"},{"floor":27,"key":"SpeedPotion"},{"floor":28,"key":"PowerPotion"}],"is_trial":false,"path_per_floor":["M","?","?","M","M","R","M","R","T","?","?","E","?","M","R","B",null,"M","M","M","$","$","R","?","E","T","M","M","R","E","?","R","B",null,"M","?","M","?","?","E"],"character_chosen":"THE_SILENT","items_purchased":["Sadistic Nature","Accuracy"],"campfire_rested":5,"item_purchase_floors":[21,21],"current_hp_per_floor":[70,63,49,49,49,49,49,70,70,70,70,23,23,22,43,38,70,70,70,50,50,50,70,70,42,42,30,22,43,15,15,36,30,70,54,54,35,35,35,0],"gold":378,"neow_bonus":"ONE_RARE_RELIC","is_prod":false,"is_daily":false,"chose_seed":false,"campfire_upgraded":1,"win_rate":0,"timestamp":1552598888,"path_taken":["M","?","?","M","M","R","M","R","T","?","?","E","?","M","R","BOSS","M","M","M","?","$","R","?","E","T","M","M","R","E","?","R","BOSS","M","?","M","?","?","E"],"build_version":"2019-01-23","purchased_purges":1,"victory":false,"max_hp_per_floor":[70,70,70,70,70,70,70,70,70,70,70,70,70,70,70,70,70,70,70,70,70,70,70,70,70,70,70,70,70,70,70,70,70,70,70,70,70,70,70,70],"card_choices":[{"not_picked":["Dagger Throw","Expertise"],"picked":"Deadly Poison","floor":1.0},{"not_picked":["Tactician","Poisoned Stab"],"picked":"Cloak And Dagger","floor":4.0},{"not_picked":["Masterful Stab","Underhanded Strike"],"picked":"Blade Dance","floor":5.0},{"not_picked":["Dagger Throw","Flying Knee"],"picked":"Crippling Poison","floor":7.0},{"not_picked":["Dagger Spray","Masterful Stab"],"picked":"Poisoned Stab","floor":12.0},{"not_picked":["Terror","Quick Slash","Skewer"],"picked":"SKIP","floor":14.0},{"not_picked":["Die Die Die","Tools of the Trade"],"picked":"Adrenaline","floor":16.0},{"not_picked":["Flying Knee","Deflect+1"],"picked":"Cloak And Dagger","floor":18},{"not_picked":["Underhanded Strike+1","Slice","Riddle With Holes"],"picked":"SKIP","floor":19},{"not_picked":["Underhanded Strike","Expertise"],"picked":"Calculated Gamble+1","floor":20},{"not_picked":["Dagger Throw","Calculated Gamble"],"picked":"Escape Plan+1","floor":25},{"not_picked":["Bane","Distraction"],"picked":"Backflip","floor":27},{"not_picked":["Quick Slash","Deflect"],"picked":"Dash+1","floor":28},{"not_picked":["Slice","Outmaneuver"],"picked":"Bane","floor":30},{"not_picked":["Acrobatics+1","Backstab","Deadly Poison"],"picked":"SKIP","floor":35},{"not_picked":["All Out Attack+1","Sucker Punch","Blade Dance"],"picked":"SKIP","floor":37}],"player_experience":178968,"relics_obtained":[{"floor":9.0,"key":"Pen Nib"},{"floor":12.0,"key":"Juzu Bracelet"},{"floor":25,"key":"Lantern"},{"floor":26,"key":"Pantograph"},{"floor":30,"key":"Sundial"}],"event_choices":[{"cards_removed":["Strike_G"],"damage_healed":0.0,"max_hp_gain":0.0,"max_hp_loss":0.0,"gold_gain":0.0,"event_name":"Golden Wing","player_choice":"Card Removal","floor":2.0,"gold_loss":0.0,"damage_taken":7.0},{"damage_healed":0.0,"max_hp_gain":0.0,"max_hp_loss":0.0,"gold_gain":0.0,"event_name":"Shining Light","player_choice":"Entered Light","floor":3.0,"gold_loss":0.0,"damage_taken":14.0,"cards_upgraded":["Strike_G","Deadly Poison"]},{"damage_healed":0.0,"max_hp_gain":0.0,"max_hp_loss":0.0,"gold_gain":175.0,"event_name":"Liars Game","player_choice":"AGREE","floor":10.0,"gold_loss":0.0,"damage_taken":0.0,"cards_obtained":["Doubt"]},{"damage_healed":0.0,"max_hp_gain":0.0,"max_hp_loss":0.0,"gold_gain":0.0,"event_name":"The Woman in Blue","player_choice":"Bought 1 Potion","floor":11.0,"gold_loss":0.0,"damage_taken":0.0},{"damage_healed":0.0,"max_hp_gain":0.0,"max_hp_loss":0.0,"gold_gain":0.0,"event_name":"WeMeetAgain","player_choice":"Gave Potion","floor":13.0,"gold_loss":0.0,"damage_taken":0.0,"relics_obtained":["Art of War"]},{"cards_removed":["Defend_G"],"damage_healed":0,"gold_gain":0,"player_choice":"Card Removal","damage_taken":0,"max_hp_gain":0,"max_hp_loss":0,"event_name":"Wheel of Change","floor":24,"gold_loss":0},{"damage_healed":0,"gold_gain":0,"player_choice":"Inject Mutagens","damage_taken":0,"relics_obtained":["MutagenicStrength"],"max_hp_gain":0,"max_hp_loss":0,"event_name":"Drug Dealer","floor":31,"gold_loss":0},{"cards_removed":["Accuracy"],"damage_healed":0,"gold_gain":0,"player_choice":"Removed Power","damage_taken":0,"max_hp_gain":0,"max_hp_loss":0,"event_name":"Falling","floor":36,"gold_loss":0},{"damage_healed":0,"gold_gain":0,"player_choice":"Ignored","damage_taken":0,"max_hp_gain":0,"max_hp_loss":0,"event_name":"Mysterious Sphere","floor":38,"gold_loss":0},{"damage_healed":0,"gold_gain":0,"player_choice":"Ignored","damage_taken":0,"max_hp_gain":0,"max_hp_loss":0,"event_name":"Tomb of Lord Red Mask","floor":39,"gold_loss":0}],"is_beta":false,"boss_relics":[{"not_picked":["White Beast Statue","Busted Crown"],"picked":"Empty Cage"},{"not_picked":["HoveringKite","Coffee Dripper"],"picked":"Astrolabe"}],"items_purged_floors":[21],"is_endless":false,"potions_floor_spawned":[5,7,12,19,20,27,28],"killed_by":"Giant Head","ascension_level":1}