{"gold_per_floor":[110,127,127,52,62,62,75,108,158,158,193,193,118,134,134,207,207,218,244,88,105,116,143,143,156,205,233,245,292,304,330,342,354],"floor_reached":33,"playtime":1116,"items_purged":["Strike_R"],"score":564,"play_id":"fcbe7b2c-003a-4ebe-94e6-f3c3fe387d58","local_time":"20181020195423","is_ascension_mode":true,"campfire_choices":[{"data":"Inflame","floor":6,"key":"SMITH"},{"data":"Flex","floor":10,"key":"SMITH"},{"data":"Pummel","floor":12,"key":"SMITH"},{"data":"Bash","floor":15,"key":"SMITH"},{"floor":24,"key":"REST"},{"data":"Body Slam","floor":28,"key":"SMITH"},{"data":"True Grit","floor":30,"key":"SMITH"},{"data":"Heavy Blade","floor":32,"key":"SMITH"}],"neow_cost":"TEN_PERCENT_HP_LOSS","seed_source_timestamp":787638433770721,"circlet_count":0,"master_deck":["Strike_R","Strike_R","Strike_R","Defend_R","Defend_R","Defend_R","Defend_R","Bash+1","AscendersBane","Fiend Fire+1","Pummel+1","Inflame+1","Flex+1","Clash","Thunderclap","Flame Barrier","Dropkick","Feed","Body Slam+1","Heavy Blade+1","Demon Form","Feel No Pain","Sword Boomerang","Reckless Charge+1","Injury","True Grit+1"],"relics":["Burning Blood","Ornamental Fan","Regal Pillow","Oddly Smooth Stone","Cursed Key","Red Mask","PreservedInsect","Turnip","MawBank","Anchor"],"potions_floor_usage":[8,8,19,22,23,29],"damage_taken":[{"damage":6,"enemies":"Cultist","floor":1,"turns":3},{"damage":2,"enemies":"2 Louse","floor":2,"turns":3},{"damage":0,"enemies":"Small Slimes","floor":5,"turns":2},{"damage":11,"enemies":"Looter","floor":7,"turns":2},{"damage":9,"enemies":"3 Sentries","floor":8,"turns":8},{"damage":25,"enemies":"Lagavulin","floor":11,"turns":5},{"damage":5,"enemies":"Red Slaver","floor":14,"turns":3},{"damage":26,"enemies":"Hexaghost","floor":16,"turns":9},{"damage":0,"enemies":"Chosen","floor":18,"turns":4},{"damage":7,"enemies":"Masked Bandits","floor":19,"turns":4},{"damage":27,"enemies":"Shell Parasite","floor":21,"turns":5},{"damage":27,"enemies":"Shelled Parasite and Fungi","floor":22,"turns":4},{"damage":24,"enemies":"Book of Stabbing","floor":23,"turns":4},{"damage":10,"enemies":"Sentry and Sphere","floor":25,"turns":4},{"damage":20,"enemies":"Cultist and Chosen","floor":27,"turns":5},{"damage":0,"enemies":"Gremlin Leader","floor":29,"turns":3},{"damage":29,"enemies":"Snecko","floor":31,"turns":5},{"damage":29,"enemies":"Automaton","floor":33,"turns":4}],"seed_played":"-1346676309595161741","potions_obtained":[{"floor":1,"key":"EssenceOfSteel"},{"floor":7,"key":"Block Potion"},{"floor":8,"key":"Fire Potion"},{"floor":19,"key":"Fire Potion"},{"floor":22,"key":"BloodPotion"},{"floor":27,"key":"Explosive Potion"}],"is_trial":false,"path_per_floor":["M","M","?","?","M","R","M","E","T","R","E","R","$","M","R","B",null,"M","?","$","M","M","E","R","M","T","M","R","E","R","M","R"],"character_chosen":"IRONCLAD","items_purchased":["PreservedInsect"],"campfire_rested":1,"item_purchase_floors":[20],"current_hp_per_floor":[68,68,68,68,68,68,63,60,60,60,41,41,41,42,42,22,57,66,68,68,50,32,22,61,57,57,46,46,52,52,29,29,0],"gold":354,"neow_bonus":"THREE_RARE_CARDS","is_prod":false,"is_daily":false,"chose_seed":false,"campfire_upgraded":7,"win_rate":0,"timestamp":1540058063,"path_taken":["M","M","?","?","?","R","M","E","T","R","E","R","$","M","R","BOSS","M","?","?","M","M","E","R","?","T","M","R","E","R","M","R","BOSS"],"build_version":"2018-10-18","purchased_purges":1,"victory":false,"max_hp_per_floor":[68,68,68,68,68,68,68,68,68,68,68,68,68,68,68,68,68,71,74,74,77,80,80,80,80,80,83,83,83,83,83,83,83],"card_choices":[{"not_picked":["Impervious","Brutality"],"picked":"Fiend Fire","floor":0},{"not_picked":["Hemokinesis","Carnage"],"picked":"Pummel","floor":1},{"not_picked":["Cleave","True Grit"],"picked":"Inflame","floor":2},{"not_picked":["Spot Weakness","Sentinel"],"picked":"Flex","floor":5},{"not_picked":["Iron Wave","Clothesline"],"picked":"Clash","floor":7},{"not_picked":["Rampage","Combust"],"picked":"Thunderclap","floor":8},{"not_picked":["Evolve","Perfected Strike"],"picked":"Flame Barrier","floor":11},{"not_picked":["Dual Wield","Clothesline"],"picked":"Dropkick","floor":14},{"not_picked":["Double Tap","Exhume"],"picked":"Feed","floor":16},{"not_picked":["Sever Soul+1","Flex"],"picked":"Body Slam","floor":18},{"not_picked":["Armaments","Twin Strike"],"picked":"Heavy Blade","floor":19},{"not_picked":["Clash","Thunderclap"],"picked":"Demon Form","floor":21},{"not_picked":["Heavy Blade","Havoc"],"picked":"Feel No Pain","floor":22},{"not_picked":["Seeing Red","Warcry"],"picked":"Sword Boomerang","floor":23},{"not_picked":["Rupture","Shrug It Off"],"picked":"Reckless Charge+1","floor":25},{"not_picked":["Seeing Red","Sever Soul","Heavy Blade"],"picked":"SKIP","floor":27},{"not_picked":["Bloodletting+1","Seeing Red"],"picked":"True Grit","floor":29},{"not_picked":["Twin Strike","Corruption","Wild Strike"],"picked":"SKIP","floor":31}],"player_experience":846913,"relics_obtained":[{"floor":8,"key":"Ornamental Fan"},{"floor":9,"key":"Regal Pillow"},{"floor":11,"key":"Oddly Smooth Stone"},{"floor":19,"key":"Red Mask"},{"floor":23,"key":"Turnip"},{"floor":26,"key":"MawBank"},{"floor":29,"key":"Anchor"}],"event_choices":[{"damage_healed":0,"gold_gain":0,"player_choice":"Upgraded","damage_taken":0,"max_hp_gain":0,"max_hp_loss":0,"event_name":"Upgrade Shrine","floor":3,"gold_loss":0,"cards_upgraded":["Fiend Fire"]},{"cards_removed":["Strike_R"],"damage_healed":0,"gold_gain":0,"player_choice":"Card Removal","damage_taken":0,"max_hp_gain":0,"max_hp_loss":0,"event_name":"The Cleric","floor":4,"gold_loss":75},{"damage_healed":0,"gold_gain":0,"player_choice":"Fought Bandits","damage_taken":0,"max_hp_gain":0,"max_hp_loss":0,"event_name":"Masked Bandits","floor":19,"gold_loss":0}],"is_beta":false,"boss_relics":[{"not_picked":["Velvet Choker","Astrolabe"],"picked":"Cursed Key"}],"items_purged_floors":[13],"is_endless":false,"potions_floor_spawned":[1,7,8,19,22,27],"killed_by":"Automaton","ascension_level":15}