{"gold_per_floor":[115,127,145,161,173,208,208,228,228,241,241,264,38,56,56,157,157,168,185,185,185],"floor_reached":21,"playtime":1336,"items_purged":[],"score":185,"play_id":"d72912ac-a0e7-4216-9cd5-10f6bd14d442","local_time":"20190207182604","is_ascension_mode":false,"campfire_choices":[{"floor":7,"key":"REST"},{"floor":11,"key":"REST"},{"floor":15,"key":"REST"}],"neow_cost":"NONE","seed_source_timestamp":85357991621654,"circlet_count":0,"master_deck":["Defend_G","Defend_G","Defend_G","Defend_G","Defend_G","Strike_G","Strike_G","Strike_G","Strike_G","Strike_G","Survivor","Neutralize","Quick Slash","Accuracy","Blade Dance","Caltrops+1","Terror","Deflect","Accuracy+1"],"relics":["Ring of the Snake","NeowsBlessing","Frozen Egg 2","Ninja Scroll","Odd Mushroom","Omamori","Black Star"],"potions_floor_usage":[4,16,19,19,21],"damage_taken":[{"damage":0,"enemies":"Jaw Worm","floor":1,"turns":1},{"damage":0,"enemies":"2 Louse","floor":2,"turns":1},{"damage":0,"enemies":"Cultist","floor":3,"turns":1},{"damage":0,"enemies":"Large Slime","floor":4,"turns":4},{"damage":6,"enemies":"Blue Slaver","floor":5,"turns":5},{"damage":52,"enemies":"Gremlin Nob","floor":6,"turns":6},{"damage":12,"enemies":"Looter","floor":8,"turns":3},{"damage":3,"enemies":"2 Fungi Beasts","floor":10,"turns":3},{"damage":31,"enemies":"The Mushroom Lair","floor":12,"turns":5},{"damage":0,"enemies":"3 Louse","floor":14,"turns":4},{"damage":24,"enemies":"Hexaghost","floor":16,"turns":7},{"damage":38,"enemies":"Spheric Guardian","floor":18,"turns":5},{"damage":2,"enemies":"Chosen","floor":19,"turns":4},{"damage":37,"enemies":"Snecko","floor":21,"turns":6}],"seed_played":"8821146096892240669","potions_obtained":[{"floor":2,"key":"Fire Potion"},{"floor":5,"key":"SkillPotion"},{"floor":6,"key":"SkillPotion"},{"floor":8,"key":"GamblersBrew"},{"floor":16,"key":"FearPotion"},{"floor":20,"key":"Ancient Potion"},{"floor":20,"key":"SkillPotion"}],"is_trial":false,"path_per_floor":["M","M","M","M","M","E","R","M","T","M","R","?","$","M","R","B",null,"M","M","?","M"],"character_chosen":"THE_SILENT","items_purchased":["Accuracy+1","Omamori"],"campfire_rested":3,"item_purchase_floors":[13,13],"current_hp_per_floor":[70,70,70,70,64,12,33,21,21,18,39,8,8,8,29,5,70,32,30,30,0],"gold":185,"neow_bonus":"THREE_ENEMY_KILL","is_prod":false,"is_daily":false,"chose_seed":false,"campfire_upgraded":0,"win_rate":0.0,"timestamp":1549524364,"path_taken":["M","M","M","M","M","E","R","M","T","M","R","?","$","M","R","BOSS","M","M","?","?"],"build_version":"2019-01-23","purchased_purges":0,"victory":false,"max_hp_per_floor":[70,70,70,70,70,70,70,70,70,70,70,70,70,70,70,70,70,70,70,70,70],"card_choices":[{"not_picked":["Bane","Acrobatics"],"picked":"Quick Slash","floor":1},{"not_picked":["Leg Sweep","All Out Attack","Poisoned Stab"],"picked":"SKIP","floor":2},{"not_picked":["Choke","Prepared"],"picked":"Accuracy","floor":3},{"not_picked":["Deadly Poison","Footwork"],"picked":"Blade Dance","floor":4},{"not_picked":["Underhanded Strike","Flechettes","Masterful Stab"],"picked":"SKIP","floor":5},{"not_picked":["Dagger Throw","Cloak And Dagger"],"picked":"Caltrops","floor":6},{"not_picked":["Acrobatics","Flying Knee","Outmaneuver"],"picked":"SKIP","floor":8},{"not_picked":["Endless Agony","Phantasmal Killer"],"picked":"Terror","floor":10},{"not_picked":["Dagger Spray","Crippling Poison"],"picked":"Deflect","floor":12},{"not_picked":["Bane","Dodge and Roll","Prepared"],"picked":"SKIP","floor":14},{"not_picked":["Quick Slash","Poisoned Stab","Slice"],"picked":"SKIP","floor":18},{"not_picked":["Prepared","Sucker Punch+1","Flying Knee"],"picked":"SKIP","floor":19}],"player_experience":148017,"relics_obtained":[{"floor":6,"key":"Frozen Egg 2"},{"floor":9,"key":"Ninja Scroll"},{"floor":12,"key":"Odd Mushroom"}],"event_choices":[{"damage_healed":0,"gold_gain":0,"player_choice":"Fought Mushrooms","damage_taken":0,"max_hp_gain":0,"max_hp_loss":0,"event_name":"Mushrooms","floor":12,"gold_loss":0},{"damage_healed":0,"gold_gain":0,"player_choice":"Got Potions","damage_taken":0,"max_hp_gain":0,"max_hp_loss":0,"event_name":"Lab","floor":20,"gold_loss":0}],"is_beta":false,"boss_relics":[{"not_picked":["HoveringKite","Runic Dome"],"picked":"Black Star"}],"items_purged_floors":[],"is_endless":false,"potions_floor_spawned":[2,5,6,8,12,16],"killed_by":"Snecko","ascension_level":0}