{"gold_per_floor":[113,113,63,14,26,57,57,71,71,98,98,113,113,143,143,241,241,257,257,271,283,8,8,42,42,42,60,77,107,32,60,60,161,161,173,173,193,93,3,3,15,47,74,74,100,100,111,111,111,111,111,111,61,87,87],"floor_reached":56,"playtime":3139,"items_purged":["Defend_R","Battle Trance"],"score":1784,"play_id":"3d77a3d5-e224-45b9-b848-e35c896ef967","local_time":"20190209235031","is_ascension_mode":true,"campfire_choices":[{"data":"Carnage","floor":7.0,"key":"SMITH"},{"data":"Disarm","floor":13.0,"key":"SMITH"},{"data":"Spot Weakness","floor":15.0,"key":"SMITH"},{"data":"Feed","floor":23.0,"key":"SMITH"},{"data":"Body Slam","floor":25.0,"key":"SMITH"},{"data":"Seeing Red","floor":32.0,"key":"SMITH"},{"floor":40.0,"key":"DIG"},{"floor":44,"key":"RECALL"},{"data":"Double Tap","floor":46,"key":"SMITH"},{"floor":49,"key":"DIG"},{"floor":52,"key":"DIG"}],"neow_cost":"TEN_PERCENT_HP_LOSS","seed_source_timestamp":590559424729199,"circlet_count":0,"master_deck":["AscendersBane","Defend_R","Defend_R+1","Bash+1","Clothesline","Spot Weakness+1","Carnage+1","Disarm+1","Anger","Disarm+1","Feed+1","Flame Barrier+1","Bite","Bite","Bite","Bite","Bite","Heavy Blade","Body Slam+1","Ghostly Armor+1","Seeing Red+1","Iron Wave+1","Double Tap+1","Pummel+1","Headbutt+1","Uppercut+1"],"special_seed":0,"relics":["Burning Blood","Magic Flower","Sundial","Mercury Hourglass","Bag of Marbles","Runic Pyramid","ClockworkSouvenir","Omamori","Boot","Bottled Flame","Shovel","Busted Crown","Regal Pillow","Singing Bowl","PreservedInsect","Shuriken","Ornamental Fan","Art of War"],"potions_floor_usage":[45,50,55,55,55],"damage_taken":[{"damage":11.0,"enemies":"Jaw Worm","floor":1.0,"turns":4.0},{"damage":0.0,"enemies":"Small Slimes","floor":5.0,"turns":3.0},{"damage":35.0,"enemies":"Gremlin Nob","floor":6.0,"turns":5.0},{"damage":1.0,"enemies":"2 Louse","floor":8.0,"turns":3.0},{"damage":12.0,"enemies":"3 Sentries","floor":10.0,"turns":5.0},{"damage":15.0,"enemies":"Exordium Thugs","floor":12.0,"turns":4.0},{"damage":12.0,"enemies":"Gremlin Nob","floor":14.0,"turns":4.0},{"damage":30.0,"enemies":"Slime Boss","floor":16.0,"turns":9.0},{"damage":20.0,"enemies":"Shell Parasite","floor":18.0,"turns":5.0},{"damage":6.0,"enemies":"3 Byrds","floor":20.0,"turns":4.0},{"damage":15.0,"enemies":"Centurion and Healer","floor":21.0,"turns":7.0},{"damage":23.0,"enemies":"Book of Stabbing","floor":24.0,"turns":5.0},{"damage":10.0,"enemies":"Snecko","floor":27.0,"turns":3.0},{"damage":18.0,"enemies":"Shelled Parasite and Fungi","floor":28.0,"turns":6.0},{"damage":35.0,"enemies":"Slavers","floor":29.0,"turns":4.0},{"damage":18.0,"enemies":"Gremlin Leader","floor":31.0,"turns":6.0},{"damage":62.0,"enemies":"Automaton","floor":33.0,"turns":12.0},{"damage":1.0,"enemies":"3 Shapes","floor":35.0,"turns":4.0},{"damage":29.0,"enemies":"3 Darklings","floor":37.0,"turns":4.0},{"damage":3.0,"enemies":"Transient","floor":41.0,"turns":5.0},{"damage":80.0,"enemies":"Reptomancer","floor":42.0,"turns":7.0},{"damage":34,"enemies":"Nemesis","floor":45,"turns":5},{"damage":9,"enemies":"4 Shapes","floor":47,"turns":5},{"damage":105,"enemies":"Awakened One","floor":50,"turns":11},{"damage":44,"enemies":"Shield and Spear","floor":54,"turns":5},{"damage":122,"enemies":"The Heart","floor":55,"turns":10}],"seed_played":"-4135744595832098909","potions_obtained":[{"floor":6.0,"key":"BloodPotion"},{"floor":8.0,"key":"AttackPotion"},{"floor":16.0,"key":"Regen Potion"},{"floor":21.0,"key":"SteroidPotion"},{"floor":24.0,"key":"FearPotion"},{"floor":27.0,"key":"Poison Potion"},{"floor":31.0,"key":"Regen Potion"},{"floor":35.0,"key":"PowerPotion"},{"floor":36.0,"key":"Strength Potion"},{"floor":36.0,"key":"FearPotion"},{"floor":37.0,"key":"EssenceOfSteel"},{"floor":45,"key":"SteroidPotion"}],"is_trial":false,"path_per_floor":["M","?","?","$","M","E","R","M","T","E","?","M","R","E","R","B",null,"M","?","M","M","$","R","E","R","T","M","M","E","$","E","R","B",null,"M","?","M","$","?","R","M","E","T","R","E","R","M","?","R","B",null,"R","$","E","B",null],"character_chosen":"IRONCLAD","items_purchased":["Clothesline","ClockworkSouvenir","Seeing Red","Weak Potion"],"campfire_rested":0,"item_purchase_floors":[4,22,30,53],"current_hp_per_floor":[70,56,56,56,65,39,39,47,47,55,55,49,49,46,46,28,61,75,75,78,81,81,81,79,79,79,89,93,83,83,95,95,91,102,109,109,107,107,107,107,113,74,74,74,69,69,86,119,119,59,116,116,116,102,19],"gold":87,"neow_bonus":"ONE_RARE_RELIC","is_prod":false,"is_daily":false,"chose_seed":false,"campfire_upgraded":7,"win_rate":0,"timestamp":1549752631,"path_taken":["M","?","?","$","M","E","R","M","T","E","?","M","R","E","R","BOSS","M","?","M","M","$","R","E","R","T","M","M","E","$","E","R","BOSS","M","?","M","?","?","R","?","E","T","R","E","R","M","?","R","BOSS","R","$","E","BOSS"],"build_version":"2019-01-23","purchased_purges":2,"victory":true,"max_hp_per_floor":[72,72,72,72,72,72,72,72,72,72,72,72,72,72,72,72,72,75,75,78,81,81,81,85,85,85,89,93,97,97,101,101,105,105,109,109,113,113,113,113,113,119,119,119,125,125,131,131,131,135,135,135,135,139,139],"card_choices":[{"not_picked":["Body Slam","Flex"],"picked":"Battle Trance","floor":1.0},{"not_picked":["Ghostly Armor","Heavy Blade"],"picked":"Spot Weakness","floor":5.0},{"not_picked":["Rampage","Power Through"],"picked":"Carnage","floor":6.0},{"not_picked":["Corruption","Thunderclap"],"picked":"Disarm","floor":8.0},{"not_picked":["Seeing Red","Clothesline"],"picked":"Anger","floor":10.0},{"not_picked":["Flex","Wild Strike"],"picked":"Disarm","floor":12.0},{"not_picked":["Armaments","Combust","Thunderclap"],"picked":"SKIP","floor":14.0},{"not_picked":["Offering","Fiend Fire"],"picked":"Feed","floor":16.0},{"not_picked":["Thunderclap","Iron Wave"],"picked":"Flame Barrier+1","floor":18.0},{"not_picked":["Iron Wave","Shrug It Off+1"],"picked":"Heavy Blade","floor":20.0},{"not_picked":["Dual Wield","Heavy Blade"],"picked":"Body Slam","floor":21.0},{"not_picked":["Wild Strike+1","True Grit","Iron Wave"],"picked":"SKIP","floor":24.0},{"not_picked":["Twin Strike+1","Pommel Strike+1"],"picked":"Ghostly Armor+1","floor":27.0},{"not_picked":["Body Slam","Juggernaut","Headbutt+1"],"picked":"SKIP","floor":28.0},{"not_picked":["Sever Soul+1","Blood for Blood+1","Power Through"],"picked":"SKIP","floor":29.0},{"not_picked":["Sentinel","Searing Blow"],"picked":"Iron Wave+1","floor":31.0},{"not_picked":["Impervious","Juggernaut"],"picked":"Double Tap","floor":33.0},{"not_picked":[],"picked":"Pummel+1","floor":35.0},{"not_picked":["Twin Strike"],"picked":"SKIP","floor":37.0},{"not_picked":[],"picked":"Headbutt+1","floor":41.0},{"not_picked":["Havoc"],"picked":"Singing Bowl","floor":42.0},{"not_picked":["Clash+1"],"picked":"Singing Bowl","floor":45},{"not_picked":["Intimidate"],"picked":"Singing Bowl","floor":47},{"not_picked":[],"picked":"Uppercut+1","floor":54}],"player_experience":1014101,"relics_obtained":[{"floor":6.0,"key":"Sundial"},{"floor":9.0,"key":"Mercury Hourglass"},{"floor":10.0,"key":"Bag of Marbles"},{"floor":14.0,"key":"Blood Vial"},{"floor":24.0,"key":"Omamori"},{"floor":26.0,"key":"Boot"},{"floor":29.0,"key":"Bottled Flame"},{"floor":31.0,"key":"Shovel"},{"floor":40.0,"key":"Regal Pillow"},{"floor":42.0,"key":"Singing Bowl"},{"floor":45,"key":"PreservedInsect"},{"floor":49,"key":"Shuriken"},{"floor":52,"key":"Ornamental Fan"},{"floor":54,"key":"Art of War"}],"event_choices":[{"damage_healed":0.0,"max_hp_gain":0.0,"max_hp_loss":0.0,"gold_gain":0.0,"event_name":"Shining Light","player_choice":"Entered Light","floor":2.0,"gold_loss":0.0,"damage_taken":14.0,"cards_upgraded":["Strike_R","Defend_R"]},{"cards_removed":["Strike_R"],"damage_healed":0.0,"max_hp_gain":0.0,"max_hp_loss":0.0,"gold_gain":0.0,"event_name":"The Cleric","player_choice":"Card Removal","floor":3.0,"gold_loss":50.0,"damage_taken":0.0},{"damage_healed":0.0,"max_hp_gain":0.0,"max_hp_loss":0.0,"gold_gain":0.0,"event_name":"Living Wall","player_choice":"Grow","floor":11.0,"gold_loss":0.0,"damage_taken":0.0,"cards_upgraded":["Bash"]},{"damage_healed":0.0,"max_hp_gain":0.0,"max_hp_loss":0.0,"gold_gain":0.0,"event_name":"Vampires","player_choice":"Became a vampire (Vial)","floor":19.0,"relics_lost":["Blood Vial"],"gold_loss":0.0,"damage_taken":0.0,"cards_obtained":["Bite","Bite","Bite","Bite","Bite"]},{"damage_healed":0.0,"max_hp_gain":0.0,"max_hp_loss":0.0,"gold_gain":0.0,"event_name":"Lab","player_choice":"Got Potions","floor":36.0,"gold_loss":0.0,"damage_taken":0.0},{"cards_removed":["Defend_R"],"damage_healed":0.0,"max_hp_gain":0.0,"max_hp_loss":0.0,"gold_gain":0.0,"event_name":"Designer","player_choice":"Upgrade and Remove","floor":39.0,"gold_loss":90.0,"damage_taken":0.0,"cards_upgraded":["Disarm"]},{"damage_healed":33,"gold_gain":0,"player_choice":"Writhe","damage_taken":0,"max_hp_gain":0,"max_hp_loss":0,"event_name":"Winding Halls","floor":48,"gold_loss":0,"cards_obtained":["Writhe"]}],"is_beta":false,"boss_relics":[{"not_picked":["White Beast Statue","Ectoplasm"],"picked":"Runic Pyramid"},{"not_picked":["Pandora\u0027s Box","Snecko Eye"],"picked":"Busted Crown"}],"items_purged_floors":[22,38],"is_endless":false,"potions_floor_spawned":[6,8,16,21,24,27,31,35,37,42,45,54],"ascension_level":10}