{"gold_per_floor":[115,135,149,149,160,160,181,206,206,206,217,217],"floor_reached":12,"playtime":560,"items_purged":[],"score":152,"play_id":"91185dd1-d817-49e2-99e9-79ee2408bb52","local_time":"20181011093819","is_ascension_mode":true,"campfire_choices":[{"data":"Fusion","floor":6.0,"key":"SMITH"},{"floor":10.0,"key":"REST"}],"neow_cost":"NONE","seed_source_timestamp":1075757612174585,"circlet_count":0,"master_deck":["Strike_B","Strike_B","Strike_B","Strike_B","Defend_B","Defend_B","Defend_B","Defend_B","Zap","Dualcast","AscendersBane","Genetic Algorithm","Melter","Sweeping Beam","Fusion+1","Glacier","Sunder"],"special_seed":0,"relics":["Cracked Core","Anchor","Odd Mushroom","Peace Pipe","Nunchaku"],"potions_floor_usage":[12],"damage_taken":[{"damage":1.0,"enemies":"Cultist","floor":1.0,"turns":3.0},{"damage":1.0,"enemies":"Jaw Worm","floor":2.0,"turns":3.0},{"damage":6.0,"enemies":"Small Slimes","floor":3.0,"turns":3.0},{"damage":9.0,"enemies":"Exordium Wildlife","floor":5.0,"turns":5.0},{"damage":18.0,"enemies":"The Mushroom Lair","floor":7.0,"turns":4.0},{"damage":16.0,"enemies":"Lagavulin","floor":8.0,"turns":8.0},{"damage":13.0,"enemies":"Large Slime","floor":11.0,"turns":6.0},{"damage":28,"enemies":"Gremlin Nob","floor":12,"turns":3}],"seed_played":"2335673809275113208","potions_obtained":[{"floor":1.0,"key":"SteroidPotion"},{"floor":3.0,"key":"FocusPotion"},{"floor":7.0,"key":"PowerPotion"}],"is_trial":false,"path_per_floor":["M","M","M","?","M","R","?","E","T","R","M"],"character_chosen":"DEFECT","items_purchased":[],"campfire_rested":1,"item_purchase_floors":[],"current_hp_per_floor":[63,62,56,56,47,47,29,13,13,34,21,0],"gold":217,"neow_bonus":"RANDOM_COMMON_RELIC","is_prod":false,"is_daily":false,"chose_seed":false,"campfire_upgraded":1,"win_rate":0,"timestamp":1539243499,"path_taken":["M","M","?","?","M","R","?","E","T","R","M","E"],"build_version":"2018-10-04v2","purchased_purges":0,"victory":false,"max_hp_per_floor":[71,71,71,71,71,71,71,71,71,71,71,71],"card_choices":[{"not_picked":["Beam Cell","Darkness"],"picked":"Genetic Algorithm","floor":1.0},{"not_picked":["Tempest","Barrage"],"picked":"Melter","floor":2.0},{"not_picked":["Conserve Battery","Hologram"],"picked":"Sweeping Beam","floor":3.0},{"not_picked":["Steam","Barrage"],"picked":"Fusion","floor":5.0},{"not_picked":["Steam","Turbo"],"picked":"Glacier","floor":7.0},{"not_picked":["Consume","Skim","Auto Shields"],"picked":"SKIP","floor":8.0},{"not_picked":["Rebound","Turbo"],"picked":"Sunder","floor":11.0}],"player_experience":818882,"relics_obtained":[{"floor":7.0,"key":"Odd Mushroom"},{"floor":8.0,"key":"Peace Pipe"},{"floor":9.0,"key":"Nunchaku"}],"event_choices":[{"event_name":"Liars Game","player_choice":"disagreed","floor":4.0,"damage_taken":0.0},{"event_name":"Mushrooms","player_choice":"Fought Mushrooms","floor":7.0,"damage_taken":0.0}],"is_beta":false,"boss_relics":[],"items_purged_floors":[],"is_endless":false,"potions_floor_spawned":[1,3,5,7],"killed_by":"Gremlin Nob","ascension_level":18}