{"gold_per_floor":[112,122,47,61,61,95,95,120,120,120,140,167,167,67,67,67],"floor_reached":16,"playtime":712,"items_purged":["Strike_B","Strike_B"],"score":236,"play_id":"980b3192-5fbc-4d86-bcad-0f2c6cac89d7","local_time":"20190228001545","is_ascension_mode":true,"campfire_choices":[{"data":"Sunder","floor":7.0,"key":"SMITH"},{"floor":10.0,"key":"REST"},{"data":"Zap","floor":13.0,"key":"SMITH"},{"data":"Ball Lightning","floor":15.0,"key":"SMITH"}],"neow_cost":"TEN_PERCENT_HP_LOSS","seed_source_timestamp":0,"circlet_count":0,"master_deck":["AscendersBane","Strike_B","Strike_B","Defend_B","Defend_B","Defend_B","Defend_B","Zap+1","Dualcast","Finesse","Forethought","Ball Lightning+1","Conserve Battery","Sunder+1","FTL","Chaos+1","Hologram+1","Auto Shields+1"],"special_seed":0,"relics":["Cracked Core","FossilizedHelix","Toxic Egg 2","Peace Pipe","Frozen Egg 2"],"potions_floor_usage":[16],"damage_taken":[{"damage":5.0,"enemies":"Small Slimes","floor":1.0,"turns":4.0},{"damage":1.0,"enemies":"Cultist","floor":2.0,"turns":3.0},{"damage":5.0,"enemies":"Jaw Worm","floor":4.0,"turns":4.0},{"damage":29.0,"enemies":"Gremlin Nob","floor":6.0,"turns":4.0},{"damage":18.0,"enemies":"3 Sentries","floor":8.0,"turns":6.0},{"damage":6.0,"enemies":"3 Louse","floor":11.0,"turns":3.0},{"damage":1.0,"enemies":"Lagavulin","floor":12.0,"turns":6.0},{"damage":21,"enemies":"Hexaghost","floor":16,"turns":9}],"seed_played":"-7018516757708780406","potions_obtained":[{"floor":2.0,"key":"Block Potion"},{"floor":8.0,"key":"SpeedPotion"},{"floor":12.0,"key":"EssenceOfSteel"}],"is_trial":false,"path_per_floor":["M","M","$","M","?","E","R","E","T","R","M","E","R","$","R","B"],"character_chosen":"DEFECT","items_purchased":[],"campfire_rested":1,"item_purchase_floors":[],"current_hp_per_floor":[59,58,58,53,53,24,24,6,6,25,19,18,18,18,18,0],"gold":67,"neow_bonus":"RANDOM_COLORLESS_2","is_prod":false,"is_daily":false,"chose_seed":false,"campfire_upgraded":3,"win_rate":0,"timestamp":1551309345,"path_taken":["M","M","$","M","?","E","R","E","T","R","?","E","R","$","R","BOSS"],"build_version":"2019-01-23","purchased_purges":2,"victory":false,"max_hp_per_floor":[64,64,64,64,64,64,64,64,64,64,64,64,64,64,64,64],"card_choices":[{"not_picked":["Hello World","Redo"],"picked":"Ball Lightning","floor":1.0},{"not_picked":["Redo","Scrape"],"picked":"Conserve Battery","floor":2.0},{"not_picked":["Stack","Blizzard"],"picked":"Sunder","floor":4.0},{"not_picked":["Loop","Conserve Battery"],"picked":"FTL","floor":6.0},{"not_picked":["Stack","Aggregate"],"picked":"Chaos","floor":8.0},{"not_picked":["Hyperbeam","Ball Lightning"],"picked":"Hologram+1","floor":11.0},{"not_picked":["Skim+1","Scrape"],"picked":"Auto Shields+1","floor":12.0}],"player_experience":1156029,"relics_obtained":[{"floor":6.0,"key":"FossilizedHelix"},{"floor":8.0,"key":"Toxic Egg 2"},{"floor":9.0,"key":"Peace Pipe"},{"floor":12.0,"key":"Frozen Egg 2"}],"event_choices":[{"damage_healed":0.0,"max_hp_gain":0.0,"max_hp_loss":0.0,"gold_gain":0.0,"event_name":"Match and Keep!","player_choice":"0 cards matched","floor":5.0,"gold_loss":0.0,"damage_taken":0.0,"cards_obtained":[]}],"is_beta":false,"boss_relics":[],"items_purged_floors":[3,14],"is_endless":false,"potions_floor_spawned":[2,8,12],"killed_by":"Hexaghost","ascension_level":20}