{"gold_per_floor":[109,127,202,218,168,201,126,126,126,144,144,167,183,203,203,303,303,320,330,341,341,341,341,369,96,120,120,138,138,148,160,160,256,256,274,274,8,8,8,22,36,50,50,0,0,0,0,12,12,12],"floor_reached":50,"playtime":2709,"items_purged":["Strike_R","Defend_R","Defend_R"],"score":605,"play_id":"7ef49f3a-7bc9-4958-ba9c-c6ea4278d463","local_time":"20180807033542","is_ascension_mode":true,"campfire_choices":[{"floor":8,"key":"REST"},{"floor":11,"key":"REST"},{"data":"Bash","floor":15,"key":"SMITH"},{"floor":23,"key":"REST"},{"floor":27,"key":"REST"},{"data":"Clash","floor":29,"key":"SMITH"},{"data":"Clothesline","floor":32,"key":"SMITH"},{"data":"Infernal Blade","floor":46,"key":"SMITH"},{"data":"Offering","floor":49,"key":"SMITH"}],"neow_cost":"NONE","seed_source_timestamp":32764952468098,"circlet_count":0,"master_deck":["Defend_R","Bash+1","Clash+1","Clothesline+1","Twin Strike+1","Headbutt+1","Bludgeon+1","Pommel Strike+1","Seeing Red","Iron Wave+1","Bite+1","Bite+1","Bite+1","Bite+1","Bite+1","Carnage+1","Offering+1","Reckless Charge+1","Infernal Blade+1","Thunderclap+1","Writhe"],"relics":["Lizard Tail","Molten Egg 2","Vajra","Bag of Preparation","Sozu","The Courier","Shuriken","Juzu Bracelet","Busted Crown","ClockworkSouvenir","Dead Branch","Calipers","Red Mask"],"potions_floor_usage":[24,24,50],"damage_taken":[{"damage":9,"enemies":"Jaw Worm","floor":1,"turns":7},{"damage":0,"enemies":"Small Slimes","floor":2,"turns":3},{"damage":0,"enemies":"Cultist","floor":4,"turns":3},{"damage":42,"enemies":"Lagavulin","floor":6,"turns":8},{"damage":0,"enemies":"2 Fungi Beasts","floor":10,"turns":3},{"damage":6,"enemies":"Looter","floor":13,"turns":3},{"damage":0,"enemies":"Large Slime","floor":14,"turns":2},{"damage":53,"enemies":"The Guardian","floor":16,"turns":9},{"damage":18,"enemies":"2 Thieves","floor":18,"turns":3},{"damage":0,"enemies":"Spheric Guardian","floor":19,"turns":3},{"damage":16,"enemies":"Centurion and Healer","floor":20,"turns":4},{"damage":13,"enemies":"Slavers","floor":24,"turns":3},{"damage":0,"enemies":"Chosen and Byrds","floor":28,"turns":3},{"damage":0,"enemies":"Snecko","floor":30,"turns":2},{"damage":14,"enemies":"Snake Plant","floor":31,"turns":2},{"damage":95,"enemies":"Collector","floor":33,"turns":9},{"damage":30,"enemies":"3 Darklings","floor":35,"turns":4},{"damage":22,"floor":39,"turns":3},{"damage":12,"enemies":"Orb Walker","floor":40,"turns":2},{"damage":5,"enemies":"3 Darklings","floor":41,"turns":2},{"damage":5,"enemies":"Flame Bruiser 2 Orb","floor":42,"turns":2},{"damage":0,"enemies":"Transient","floor":48,"turns":5},{"damage":82,"enemies":"Awakened One","floor":50,"turns":5}],"seed_played":"7618083752904542309","potions_obtained":[{"floor":2,"key":"SteroidPotion"},{"floor":10,"key":"Explosive Potion"},{"floor":13,"key":"Poison Potion"},{"floor":14,"key":"Dexterity Potion"}],"is_trial":false,"path_per_floor":["M","M","?","M","?","E","$","R","T","M","R","T","M","M","R","B",null,"M","M","M","?","?","R","E","$","T","R","M","R","M","M","R","B",null,"M","?","$","?","?","M","M","M","T","?","?","R","$","M","R"],"character_chosen":"IRONCLAD","items_purchased":["Shuriken","ClockworkSouvenir"],"campfire_rested":4,"item_purchase_floors":[25,37],"current_hp_per_floor":[71,71,60,60,60,18,18,42,42,42,66,66,60,60,60,7,62,44,44,28,28,28,44,40,40,40,56,56,56,56,48,48,37,51,39,39,39,39,29,17,18,19,19,19,33,33,33,54,54,0],"gold":12,"neow_bonus":"BOSS_RELIC","is_prod":false,"is_daily":false,"chose_seed":false,"campfire_upgraded":5,"win_rate":0,"timestamp":1533627342,"path_taken":["M","M","?","?","?","E","?","R","T","M","R","?","M","M","R","BOSS","M","M","?","?","?","R","E","?","T","R","M","R","M","M","R","BOSS","M","?","$","?","?","M","M","M","T","?","?","R","$","M","R","BOSS"],"build_version":"2018-08-02","purchased_purges":3,"victory":false,"max_hp_per_floor":[80,80,80,80,80,80,80,80,80,80,80,80,80,80,80,80,80,80,80,80,56,56,56,56,56,56,56,56,56,56,56,56,56,56,56,56,56,56,56,56,56,56,56,56,56,56,56,56,56,56],"card_choices":[{"not_picked":["Sword Boomerang","Blood for Blood"],"picked":"Clash","floor":1},{"not_picked":["Evolve","Anger"],"picked":"Clothesline","floor":2},{"not_picked":["Hemokinesis","Sentinel","Anger"],"picked":"SKIP","floor":4},{"not_picked":["Warcry","Seeing Red","Sever Soul"],"picked":"SKIP","floor":6},{"not_picked":["Pummel+1","Heavy Blade+1"],"picked":"Twin Strike+1","floor":10},{"not_picked":["Headbutt+1","Dark Embrace","Clothesline+1"],"picked":"SKIP","floor":13},{"not_picked":["True Grit","Anger+1"],"picked":"Headbutt+1","floor":14},{"not_picked":["Juggernaut","Berserk"],"picked":"Bludgeon+1","floor":16},{"not_picked":["Iron Wave+1","Armaments"],"picked":"Pommel Strike+1","floor":18},{"not_picked":["Twin Strike+1","Armaments"],"picked":"Seeing Red","floor":19},{"not_picked":["Searing Blow+1","Heavy Blade+1"],"picked":"Iron Wave+1","floor":20},{"not_picked":["Dual Wield+1","Sever Soul+1"],"picked":"Carnage+1","floor":24},{"not_picked":["Twin Strike+1","Immolate+1","Blood for Blood+1"],"picked":"SKIP","floor":28},{"not_picked":["Body Slam+1","Sword Boomerang+1","True Grit"],"picked":"SKIP","floor":30},{"not_picked":["Perfected Strike+1","Wild Strike+1","Warcry"],"picked":"SKIP","floor":31},{"not_picked":["Juggernaut","Barricade"],"picked":"Offering","floor":33},{"not_picked":["Sword Boomerang+1"],"picked":"SKIP","floor":35},{"not_picked":[],"picked":"Infernal Blade","floor":39},{"not_picked":["Seeing Red"],"picked":"SKIP","floor":40},{"not_picked":[],"picked":"Thunderclap+1","floor":41},{"not_picked":["Perfected Strike+1"],"picked":"SKIP","floor":42},{"not_picked":["Twin Strike+1"],"picked":"SKIP","floor":48}],"player_experience":163660,"relics_obtained":[{"floor":6,"key":"Molten Egg 2"},{"floor":9,"key":"Vajra"},{"floor":12,"key":"Bag of Preparation"},{"floor":24,"key":"The Courier"},{"floor":26,"key":"Juzu Bracelet"},{"floor":39,"key":"Dead Branch"},{"floor":43,"key":"Calipers"}],"event_choices":[{"event_name":"World of Goop","player_choice":"Gather Gold","floor":3,"damage_taken":0},{"event_name":"The Cleric","player_choice":"Card Removal","floor":5,"damage_taken":0},{"event_name":"Vampires","player_choice":"Became a vampire","floor":21,"damage_taken":0},{"event_name":"Cursed Tome","player_choice":"Ignored","floor":22,"damage_taken":0},{"event_name":"Match and Keep!","player_choice":"1 cards matched","floor":36,"damage_taken":0},{"event_name":"Falling","player_choice":"Removed Skill","floor":38,"damage_taken":0},{"event_name":"MindBloom","player_choice":"Fight","floor":39,"damage_taken":0},{"event_name":"Tomb of Lord Red Mask","player_choice":"Paid","floor":44,"damage_taken":0},{"event_name":"Winding Halls","player_choice":"Writhe","floor":45,"damage_taken":0}],"is_beta":false,"boss_relics":[{"not_picked":["Runic Dome","Philosopher\u0027s Stone"],"picked":"Sozu"},{"not_picked":["Cursed Key","Pandora\u0027s Box"],"picked":"Busted Crown"}],"items_purged_floors":[7,25,37],"is_endless":false,"potions_floor_spawned":[2,10,13,14,18,19,28,30,39,41,48],"killed_by":"Awakened One","ascension_level":5}