{"gold_per_floor":[116,116,116,191,216,260,260,293,293,293,359,359,359,32,32,125,125,139,139,164,188,211,211,255,255,305,355,367,379,45,70,70,70],"floor_reached":33,"playtime":2168,"items_purged":[],"score":502,"play_id":"03cfb42c-3a0b-42fd-9674-41457e60a1c2","local_time":"20190307161947","is_ascension_mode":true,"campfire_choices":[{"floor":7.0,"key":"REST"},{"floor":13.0,"key":"REST"},{"floor":15.0,"key":"REST"},{"data":"Armaments","floor":23.0,"key":"SMITH"},{"floor":25,"key":"REST"},{"floor":28,"key":"REST"},{"floor":32,"key":"REST"}],"neow_cost":"NONE","seed_source_timestamp":1795198744142301,"circlet_count":0,"master_deck":["AscendersBane","Strike_R","Strike_R","Strike_R","Strike_R","Defend_R","Defend_R","Defend_R","Defend_R","Bash","Carnage","True Grit+1","Cleave","Feed","Armaments+1","Cleave","Headbutt","Reaper","Warcry","Cleave","Thunderclap+1","Inflame+1","Shrug It Off","Warcry","Heavy Blade+1"],"special_seed":0,"relics":["Burning Blood","Golden Idol","Champion Belt","Frozen Egg 2","Calipers","Bottled Lightning","Bronze Scales","Vajra","Velvet Choker","Molten Egg 2","MawBank","Potion Belt","Frozen Eye"],"potions_floor_usage":[24,27,33],"damage_taken":[{"damage":12.0,"enemies":"Jaw Worm","floor":1.0,"turns":3.0},{"damage":4.0,"enemies":"Small Slimes","floor":5.0,"turns":3.0},{"damage":32.0,"enemies":"Gremlin Nob","floor":6.0,"turns":4.0},{"damage":31.0,"enemies":"Lagavulin","floor":8.0,"turns":4.0},{"damage":41.0,"enemies":"Slime Boss","floor":16.0,"turns":9.0},{"damage":14.0,"enemies":"2 Thieves","floor":18.0,"turns":3.0},{"damage":3.0,"enemies":"Chosen","floor":20.0,"turns":4.0},{"damage":31.0,"enemies":"Centurion and Healer","floor":21.0,"turns":8.0},{"damage":28.0,"enemies":"3 Cultists","floor":22.0,"turns":4.0},{"damage":62,"enemies":"Slavers","floor":24,"turns":6},{"damage":49,"enemies":"Book of Stabbing","floor":27,"turns":5},{"damage":21,"enemies":"Snecko","floor":31,"turns":4},{"damage":82,"enemies":"Collector","floor":33,"turns":6}],"seed_played":"2490855924035781023","potions_obtained":[{"floor":5.0,"key":"AttackPotion"},{"floor":18.0,"key":"Block Potion"},{"floor":21.0,"key":"Poison Potion"},{"floor":24,"key":"Poison Potion"}],"is_trial":false,"path_per_floor":["M","?","?","?","M","E","R","E","T","T","?","?","R","$","R","B",null,"M","?","M","M","M","R","E","R","T","E","R","$","$","M","R","B"],"character_chosen":"IRONCLAD","items_purchased":["Bronze Scales","Vajra","Cleave","Shrug It Off","SpeedPotion","Warcry","Frozen Eye"],"campfire_rested":6,"item_purchase_floors":[14,14,14,30,30,30,30],"current_hp_per_floor":[66,66,46,35,37,11,35,10,10,10,10,10,34,34,58,26,69,64,64,77,66,62,62,14,43,43,7,36,36,36,33,62,0],"gold":70,"neow_bonus":"THREE_CARDS","is_prod":false,"is_daily":false,"chose_seed":false,"campfire_upgraded":1,"win_rate":0,"timestamp":1551993587,"path_taken":["M","?","?","?","M","E","R","E","T","?","?","?","R","$","R","BOSS","M","?","M","?","M","R","E","R","T","E","R","?","$","M","R","BOSS"],"build_version":"2019-01-23","purchased_purges":0,"victory":false,"max_hp_per_floor":[80,80,80,80,80,80,80,80,80,80,80,80,80,80,80,83,83,86,86,89,93,96,96,99,99,99,99,99,99,99,99,99,99],"card_choices":[{"not_picked":["Twin Strike","Armaments"],"picked":"Carnage","floor":0.0},{"not_picked":["Havoc","Pummel"],"picked":"True Grit","floor":1.0},{"not_picked":["Armaments","Rampage"],"picked":"Cleave","floor":5.0},{"not_picked":["Hemokinesis","Clash"],"picked":"Feed","floor":6.0},{"not_picked":["Burning Pact","Bloodletting"],"picked":"Armaments","floor":8.0},{"not_picked":["Wild Strike","True Grit"],"picked":"Headbutt","floor":18.0},{"not_picked":["Twin Strike","Seeing Red+1"],"picked":"Warcry","floor":20.0},{"not_picked":["Shrug It Off","Warcry"],"picked":"Cleave","floor":21.0},{"not_picked":["Burning Pact","Havoc","Pommel Strike"],"picked":"SKIP","floor":22.0},{"not_picked":["Burning Pact+1","Limit Break"],"picked":"Thunderclap","floor":24},{"not_picked":["Sword Boomerang+1","Evolve+1"],"picked":"Inflame+1","floor":27},{"not_picked":["Anger+1","Pommel Strike+1"],"picked":"Heavy Blade+1","floor":31}],"player_experience":639457,"relics_obtained":[{"floor":6.0,"key":"Champion Belt"},{"floor":8.0,"key":"Frozen Egg 2"},{"floor":9.0,"key":"Calipers"},{"floor":10.0,"key":"Bottled Lightning"},{"floor":24,"key":"Molten Egg 2"},{"floor":26,"key":"MawBank"},{"floor":27,"key":"Potion Belt"}],"event_choices":[{"damage_healed":0.0,"max_hp_gain":0.0,"max_hp_loss":0.0,"gold_gain":0.0,"event_name":"Living Wall","player_choice":"Grow","floor":2.0,"gold_loss":0.0,"damage_taken":0.0,"cards_upgraded":["True Grit"]},{"damage_healed":0.0,"max_hp_gain":0.0,"max_hp_loss":0.0,"gold_gain":0.0,"event_name":"Golden Idol","player_choice":"Take Damage","floor":3.0,"gold_loss":0.0,"damage_taken":20.0,"relics_obtained":["Golden Idol"]},{"damage_healed":0.0,"max_hp_gain":0.0,"max_hp_loss":0.0,"gold_gain":75.0,"event_name":"World of Goop","player_choice":"Gather Gold","floor":4.0,"gold_loss":0.0,"damage_taken":11.0},{"damage_healed":0.0,"max_hp_gain":0.0,"max_hp_loss":0.0,"gold_gain":66.0,"event_name":"Golden Wing","player_choice":"Gained Gold","floor":11.0,"gold_loss":0.0,"damage_taken":0.0},{"damage_healed":0.0,"max_hp_gain":0.0,"max_hp_loss":0.0,"gold_gain":0.0,"event_name":"Dead Adventurer","player_choice":"Searched \u00270\u0027 times","floor":12.0,"gold_loss":0.0,"damage_taken":0.0},{"damage_healed":0.0,"max_hp_gain":0.0,"max_hp_loss":0.0,"gold_gain":0.0,"cards_transformed":["Strike_R"],"event_name":"Transmorgrifier","player_choice":"Transformed","floor":19.0,"gold_loss":0.0,"damage_taken":0.0,"cards_obtained":["Reaper"]}],"is_beta":false,"boss_relics":[{"not_picked":["White Beast Statue","Runic Dome"],"picked":"Velvet Choker"}],"items_purged_floors":[],"is_endless":false,"potions_floor_spawned":[5,18,21,24],"killed_by":"Collector","ascension_level":13}