{"gold_per_floor":[115,134,149,70,70,100,121,121,191,191,202,212,223,243,243,348,348,362,375,375,385,4,4,16,16,16,28,60,92,21,21,21,125,175,187,187,200,216,216,216,8,8,8,342,342,342,14,27,27,27],"floor_reached":50,"playtime":3484,"items_purged":[],"score":574,"play_id":"41805551-c79a-4ae5-9364-acaf5bd86bc0","local_time":"20190123190022","is_ascension_mode":false,"campfire_choices":[{"data":"Noxious Fumes","floor":8,"key":"SMITH"},{"data":"Bane","floor":10,"key":"SMITH"},{"floor":15,"key":"REST"},{"floor":23,"key":"REST"},{"floor":27,"key":"REST"},{"floor":32,"key":"REST"},{"floor":40,"key":"REST"},{"floor":42,"key":"REST"},{"floor":45,"key":"REST"},{"floor":49,"key":"REST"}],"neow_cost":"NONE","seed_source_timestamp":1119246413397628,"circlet_count":0,"master_deck":["Defend_G+1","Defend_G","Defend_G+1","Defend_G","Defend_G","Strike_G","Strike_G","Strike_G","Strike_G+1","Strike_G","Survivor","Neutralize","Die Die Die","Bane","Bane+1","Noxious Fumes+1","Terror","Deflect","Flying Knee","Envenom","Deadly Poison","Bouncing Flask","Deadly Poison","Noxious Fumes","Backstab","Deadly Poison","Bandage Up","After Image","Backstab+1","Leg Sweep+1","Noxious Fumes","Poisoned Stab","Poisoned Stab+1","Madness","Madness","Deadly Poison+1"],"relics":["Ring of the Snake","War Paint","Odd Mushroom","Sundial","Fusion Hammer","GremlinMask","Torii","Strawberry","MawBank","Shovel","Tiny House","TwistedFunnel","Tingsha","Old Coin","Bottled Tornado"],"potions_floor_usage":[6,16,28,29,44,50],"damage_taken":[{"damage":2,"enemies":"Jaw Worm","floor":1,"turns":5},{"damage":0,"enemies":"Small Slimes","floor":2,"turns":2},{"damage":6,"enemies":"Cultist","floor":3,"turns":3},{"damage":11,"enemies":"Gremlin Nob","floor":6,"turns":3},{"damage":15,"enemies":"The Mushroom Lair","floor":7,"turns":3},{"damage":0,"enemies":"3 Louse","floor":11,"turns":2},{"damage":5,"enemies":"Gremlin Gang","floor":12,"turns":2},{"damage":7,"enemies":"Red Slaver","floor":13,"turns":3},{"damage":0,"enemies":"2 Fungi Beasts","floor":14,"turns":3},{"damage":5,"enemies":"Hexaghost","floor":16,"turns":9},{"damage":20,"enemies":"Spheric Guardian","floor":18,"turns":5},{"damage":19,"enemies":"Shell Parasite","floor":19,"turns":4},{"damage":34,"enemies":"Shelled Parasite and Fungi","floor":21,"turns":4},{"damage":13,"enemies":"Sentry and Sphere","floor":24,"turns":5},{"damage":8,"enemies":"Snecko","floor":28,"turns":4},{"damage":17,"enemies":"Shelled Parasite and Fungi","floor":29,"turns":5},{"damage":31,"enemies":"Collector","floor":33,"turns":8},{"damage":24,"enemies":"3 Shapes","floor":35,"turns":6},{"damage":18,"enemies":"Orb Walker","floor":37,"turns":5},{"damage":29,"enemies":"Jaw Worm Horde","floor":38,"turns":6},{"damage":57,"enemies":"Reptomancer","floor":44,"turns":7},{"damage":19,"enemies":"Maw","floor":48,"turns":7},{"damage":56,"enemies":"Donu and Deca","floor":50,"turns":5}],"seed_played":"-8706844121469534231","potions_obtained":[{"floor":1,"key":"EssenceOfSteel"},{"floor":2,"key":"PowerPotion"},{"floor":3,"key":"Fire Potion"},{"floor":11,"key":"Energy Potion"},{"floor":16,"key":"GhostInAJar"},{"floor":33,"key":"SpeedPotion"},{"floor":34,"key":"SneckoOil"},{"floor":35,"key":"Fire Potion"}],"is_trial":false,"path_per_floor":["M","M","M","$","?","E","?","R","T","R","M","M","M","M","R","B",null,"M","M","?","M","$","R","M","?","T","R","M","M","$","?","R","B",null,"M","?","M","M","?","R","$","R","T","E","R","?","$","M","R","B"],"character_chosen":"THE_SILENT","items_purchased":["Noxious Fumes","Torii","Noxious Fumes","Bandage Up","TwistedFunnel","Bottled Tornado","GhostInAJar"],"campfire_rested":8,"item_purchase_floors":[4,22,22,30,41,47,47],"current_hp_per_floor":[68,68,62,62,67,56,41,41,41,41,41,36,29,29,51,46,75,55,36,36,2,2,24,11,18,18,42,34,17,17,17,41,14,87,67,67,53,28,17,43,43,69,69,16,42,42,42,27,53,0],"gold":27,"neow_bonus":"ONE_RANDOM_RARE_CARD","is_prod":false,"is_daily":false,"chose_seed":false,"campfire_upgraded":2,"win_rate":0.0,"timestamp":1548230422,"path_taken":["M","M","M","$","?","E","?","R","T","R","M","M","M","M","R","BOSS","M","M","?","?","$","R","M","?","T","R","?","M","?","?","R","BOSS","M","?","?","M","?","R","?","R","T","E","R","?","$","M","R","BOSS"],"build_version":"2019-01-17v2","purchased_purges":0,"victory":false,"max_hp_per_floor":[70,70,70,70,75,75,75,75,75,75,75,75,75,75,75,75,75,75,75,75,75,75,75,75,82,82,82,82,82,82,82,82,82,87,87,87,87,87,87,87,87,87,87,87,87,87,87,87,87,87],"card_choices":[{"not_picked":["Well Laid Plans","Backflip"],"picked":"Bane","floor":1},{"not_picked":["Dagger Spray","Skewer"],"picked":"Backflip","floor":2},{"not_picked":["Acrobatics","Sucker Punch"],"picked":"Bane","floor":3},{"not_picked":["Blade Dance","Calculated Gamble"],"picked":"Terror","floor":6},{"not_picked":["Dagger Spray","Riddle With Holes"],"picked":"Deflect","floor":11},{"not_picked":["Sucker Punch","Dagger Throw","Slice"],"picked":"SKIP","floor":12},{"not_picked":["Distraction","Underhanded Strike"],"picked":"Flying Knee","floor":13},{"not_picked":["Dagger Spray","Crippling Poison","Reflex"],"picked":"SKIP","floor":14},{"not_picked":["Burst","Unload"],"picked":"Envenom","floor":16},{"not_picked":["Quick Slash","Underhanded Strike"],"picked":"Deadly Poison","floor":18},{"not_picked":["Acrobatics+1","Well Laid Plans+1"],"picked":"Bouncing Flask","floor":19},{"not_picked":["Masterful Stab","Blade Dance+1"],"picked":"Deadly Poison","floor":21},{"not_picked":["Dagger Spray","Bane"],"picked":"Backstab","floor":24},{"not_picked":["Sucker Punch","Wraith Form v2","Predator+1"],"picked":"SKIP","floor":28},{"not_picked":["PiercingWail","Bane"],"picked":"Deadly Poison","floor":29},{"not_picked":["Adrenaline","Doppelganger"],"picked":"After Image","floor":33},{"not_picked":["Acrobatics","Choke"],"picked":"Backstab+1","floor":34},{"not_picked":["Terror","Prepared"],"picked":"Leg Sweep+1","floor":35},{"not_picked":["Slice+1","Escape Plan+1"],"picked":"Poisoned Stab","floor":37},{"not_picked":["Acrobatics","Noxious Fumes"],"picked":"Poisoned Stab+1","floor":38},{"not_picked":["Eviscerate","Expertise","Backflip"],"picked":"SKIP","floor":44},{"not_picked":["Quick Slash+1","Reflex"],"picked":"Deadly Poison+1","floor":48}],"player_experience":91180,"relics_obtained":[{"floor":6,"key":"War Paint"},{"floor":7,"key":"Odd Mushroom"},{"floor":9,"key":"Sundial"},{"floor":26,"key":"MawBank"},{"floor":43,"key":"Tingsha"},{"floor":44,"key":"Old Coin"}],"event_choices":[{"damage_healed":0,"gold_gain":0,"player_choice":"Donut","damage_taken":0,"max_hp_gain":5,"max_hp_loss":0,"event_name":"Big Fish","floor":5,"gold_loss":0},{"damage_healed":0,"gold_gain":0,"player_choice":"Fought Mushrooms","damage_taken":0,"max_hp_gain":0,"max_hp_loss":0,"event_name":"Mushrooms","floor":7,"gold_loss":0},{"damage_healed":0,"gold_gain":0,"player_choice":"Trade","damage_taken":0,"relics_obtained":["GremlinMask"],"max_hp_gain":0,"max_hp_loss":0,"event_name":"FaceTrader","floor":20,"gold_loss":0},{"damage_healed":0,"gold_gain":0,"player_choice":"Gave Potion","damage_taken":0,"relics_obtained":["Strawberry"],"max_hp_gain":0,"max_hp_loss":0,"event_name":"WeMeetAgain","floor":25,"gold_loss":0},{"damage_healed":0,"gold_gain":0,"player_choice":"Opened","damage_taken":0,"relics_obtained":["Shovel"],"max_hp_gain":0,"max_hp_loss":0,"event_name":"The Mausoleum","floor":31,"gold_loss":0},{"damage_healed":0,"gold_gain":0,"cards_transformed":["Backflip"],"player_choice":"Transformed","damage_taken":0,"max_hp_gain":0,"max_hp_loss":0,"event_name":"Transmorgrifier","floor":36,"gold_loss":0,"cards_obtained":["Noxious Fumes"]},{"damage_healed":0,"gold_gain":0,"player_choice":"Embrace Madness","damage_taken":11,"max_hp_gain":0,"max_hp_loss":0,"event_name":"Winding Halls","floor":39,"gold_loss":0,"cards_obtained":["Madness","Madness"]},{"damage_healed":0,"gold_gain":0,"player_choice":"Ignored","damage_taken":0,"max_hp_gain":0,"max_hp_loss":0,"event_name":"Tomb of Lord Red Mask","floor":46,"gold_loss":0}],"is_beta":false,"boss_relics":[{"not_picked":["Astrolabe","Pandora\u0027s Box"],"picked":"Fusion Hammer"},{"not_picked":["Empty Cage","Snecko Eye"],"picked":"Tiny House"}],"items_purged_floors":[],"is_endless":false,"potions_floor_spawned":[1,2,3,11,13,16,21,33,35,48],"killed_by":"Donu and Deca","ascension_level":0}