{"gold_per_floor":[115,129,143,143,143,176,176,207,232,250,250,16,16,48,48,145,145,162,173,173,193,48,74,74,7,61,61,61,61,61,11,11,112,112,124,139,155,173,192,225,225,237,237,247,281,281,281,292,292,292],"floor_reached":50,"playtime":13923,"items_purged":["Strike_G"],"score":618,"play_id":"2a19b0fe-d78b-4422-ab8c-e894b2992f55","local_time":"20190303195531","is_ascension_mode":true,"campfire_choices":[{"floor":7,"key":"REST"},{"data":"Neutralize","floor":11,"key":"SMITH"},{"data":"Well Laid Plans","floor":13,"key":"SMITH"},{"data":"Bandage Up","floor":15,"key":"SMITH"},{"floor":24,"key":"REST"},{"data":"Wraith Form v2","floor":27,"key":"SMITH"},{"data":"Noxious Fumes","floor":29,"key":"SMITH"},{"floor":32,"key":"REST"},{"data":"1","floor":46,"key":"LIFT"},{"floor":49,"key":"REST"}],"neow_cost":"NONE","seed_source_timestamp":116436173296281,"circlet_count":0,"master_deck":["Defend_G","Defend_G+1","Defend_G","Defend_G","Defend_G","Strike_G","Strike_G","Strike_G+1","Strike_G","Survivor+1","Neutralize+1","Wraith Form v2+1","Blur","Dagger Throw","Backflip","Flying Knee","Deflect","Blade Dance+1","Well Laid Plans+1","Bandage Up+1","Predator","Malaise","Sucker Punch+1","Dodge and Roll","Cloak And Dagger","Quick Slash+1","Noxious Fumes+1","Burst","Crippling Poison","Noxious Fumes","J.A.X.","Bullet Time","Deflect","PiercingWail+1","Cloak And Dagger+1","Underhanded Strike+1","Prepared+1","Catalyst","Backflip+1","Poisoned Stab+1","Backflip+1","Footwork"],"relics":["Ring of the Snake","Omamori","Vajra","Art of War","Regal Pillow","Runic Pyramid","Blood Vial","War Paint","Necronomicon","Fusion Hammer","Pear","Toxic Egg 2","Girya"],"potions_floor_usage":[6,8,23,33,36,40,45,45,50],"damage_taken":[{"damage":0,"enemies":"2 Louse","floor":1,"turns":3},{"damage":7,"enemies":"Jaw Worm","floor":2,"turns":7},{"damage":0,"enemies":"Cultist","floor":3,"turns":3},{"damage":7,"enemies":"Gremlin Nob","floor":6,"turns":4},{"damage":12,"enemies":"Lagavulin","floor":8,"turns":9},{"damage":7,"enemies":"Looter","floor":10,"turns":4},{"damage":9,"enemies":"3 Sentries","floor":14,"turns":10},{"damage":26,"enemies":"The Guardian","floor":16,"turns":16},{"damage":15,"enemies":"Shell Parasite","floor":18,"turns":7},{"damage":26,"enemies":"3 Byrds","floor":19,"turns":7},{"damage":12,"enemies":"Snake Plant","floor":21,"turns":7},{"damage":42,"enemies":"Slavers","floor":23,"turns":8},{"damage":52,"enemies":"Automaton","floor":33,"turns":10},{"damage":4,"enemies":"Orb Walker","floor":35,"turns":5},{"damage":17,"enemies":"3 Shapes","floor":36,"turns":4},{"damage":25,"enemies":"Sphere and 2 Shapes","floor":37,"turns":7},{"damage":11,"enemies":"4 Shapes","floor":38,"turns":5},{"damage":48,"enemies":"Transient","floor":39,"turns":5},{"damage":13,"enemies":"Giant Head","floor":40,"turns":7},{"damage":18,"enemies":"Maw","floor":42,"turns":8},{"damage":15,"enemies":"4 Shapes","floor":44,"turns":6},{"damage":3,"enemies":"Nemesis","floor":45,"turns":5},{"damage":5,"enemies":"Jaw Worm Horde","floor":48,"turns":5},{"damage":78,"enemies":"Awakened One","floor":50,"turns":16}],"seed_played":"-572580680487757902","potions_obtained":[{"floor":1,"key":"FearPotion"},{"floor":3,"key":"Fire Potion"},{"floor":8,"key":"Weak Potion"},{"floor":33,"key":"SteroidPotion"},{"floor":35,"key":"PowerPotion"},{"floor":40,"key":"PowerPotion"},{"floor":42,"key":"Poison Potion"},{"floor":44,"key":"SkillPotion"}],"is_trial":false,"path_per_floor":["?","?","$","?","M","?","?","$","M","M","?","?"],"character_chosen":"THE_SILENT","items_purchased":["Well Laid Plans","Bandage Up","Noxious Fumes","Burst","Noxious Fumes","Poison Potion"],"campfire_rested":4,"item_purchase_floors":[12,12,22,22,25,31],"current_hp_per_floor":[70,63,63,49,54,47,69,57,57,50,50,50,50,45,45,25,75,66,46,46,40,40,10,47,47,47,47,47,47,31,31,68,23,75,73,70,53,50,16,21,74,56,56,43,48,48,48,45,74,0],"gold":292,"neow_bonus":"ONE_RANDOM_RARE_CARD","is_prod":false,"is_daily":false,"chose_seed":false,"campfire_upgraded":5,"win_rate":0,"timestamp":1551668131,"path_taken":["M","M","M","?","?","E","R","E","T","M","R","?","R","E","R","BOSS","M","M","?","?","$","E","R","$","T","R","?","R","?","?","R","BOSS","M","M","M","?","?","E","?","M","T","M","E","R","?","M","R","BOSS"],"build_version":"2019-01-23","purchased_purges":1,"victory":false,"max_hp_per_floor":[70,70,70,70,75,75,75,75,75,75,75,75,75,75,75,75,75,75,75,75,75,75,75,75,75,75,75,75,75,75,75,75,75,75,75,75,75,75,75,85,74,74,74,74,74,74,74,74,74,74],"card_choices":[{"not_picked":["Cloak And Dagger","Reflex"],"picked":"Blur","floor":1},{"not_picked":["All Out Attack","Outmaneuver"],"picked":"Dagger Throw","floor":2},{"not_picked":["Prepared","Calculated Gamble"],"picked":"Backflip","floor":3},{"not_picked":["Sucker Punch","Calculated Gamble"],"picked":"Flying Knee","floor":6},{"not_picked":["Dagger Throw","Outmaneuver"],"picked":"Deflect","floor":8},{"not_picked":["Dagger Throw","Calculated Gamble"],"picked":"Blade Dance","floor":10},{"not_picked":["Doppelganger","Prepared"],"picked":"Predator","floor":14},{"not_picked":["Unload","Venomology"],"picked":"Malaise","floor":16},{"not_picked":["Dagger Spray","Slice"],"picked":"Sucker Punch+1","floor":18},{"not_picked":["Outmaneuver","Blade Dance"],"picked":"Dodge and Roll","floor":19},{"not_picked":["Dagger Spray","Sucker Punch+1"],"picked":"Quick Slash+1","floor":21},{"not_picked":["Predator","Blade Dance"],"picked":"Crippling Poison","floor":23},{"not_picked":["Envenom","Burst"],"picked":"Bullet Time","floor":33},{"not_picked":["Dagger Spray","Accuracy+1"],"picked":"Deflect","floor":35},{"not_picked":["Escape Plan","Prepared"],"picked":"PiercingWail+1","floor":36},{"not_picked":["Expertise+1","Blade Dance+1"],"picked":"Cloak And Dagger+1","floor":37},{"not_picked":["Predator","Bane+1"],"picked":"Underhanded Strike+1","floor":38},{"not_picked":["Dagger Spray+1","Riddle With Holes"],"picked":"Prepared+1","floor":39},{"not_picked":["Prepared+1","Slice+1"],"picked":"Catalyst","floor":40},{"not_picked":["Envenom","All Out Attack"],"picked":"Backflip+1","floor":42},{"not_picked":["Slice+1","Sucker Punch"],"picked":"Poisoned Stab+1","floor":44},{"not_picked":["Bane","Dagger Spray+1"],"picked":"Backflip+1","floor":45},{"not_picked":["Flying Knee+1","Slice+1"],"picked":"Footwork","floor":48}],"player_experience":82547,"relics_obtained":[{"floor":6,"key":"Omamori"},{"floor":8,"key":"Vajra"},{"floor":9,"key":"Art of War"},{"floor":14,"key":"Regal Pillow"},{"floor":23,"key":"Blood Vial"},{"floor":26,"key":"War Paint"},{"floor":30,"key":"Necronomicon"},{"floor":40,"key":"Pear"},{"floor":43,"key":"Toxic Egg 2"},{"floor":45,"key":"Girya"}],"event_choices":[{"damage_healed":0,"gold_gain":0,"player_choice":"Entered Light","damage_taken":14,"max_hp_gain":0,"max_hp_loss":0,"event_name":"Shining Light","floor":4,"gold_loss":0,"cards_upgraded":["Strike_G","Survivor"]},{"damage_healed":0,"gold_gain":0,"player_choice":"Donut","damage_taken":0,"max_hp_gain":5,"max_hp_loss":0,"event_name":"Big Fish","floor":5,"gold_loss":0},{"damage_healed":0,"gold_gain":0,"player_choice":"1 cards matched","damage_taken":0,"max_hp_gain":0,"max_hp_loss":0,"event_name":"Match and Keep!","floor":20,"gold_loss":0,"cards_obtained":["Cloak And Dagger"]},{"damage_healed":0,"gold_gain":0,"player_choice":"Obtain J.A.X.","damage_taken":0,"max_hp_gain":0,"max_hp_loss":0,"event_name":"Drug Dealer","floor":28,"gold_loss":0,"cards_obtained":["J.A.X."]},{"damage_healed":0,"gold_gain":0,"player_choice":"Obtained Book","damage_taken":16,"max_hp_gain":0,"max_hp_loss":0,"event_name":"Cursed Tome","floor":30,"gold_loss":0},{"damage_healed":74,"gold_gain":0,"player_choice":"Heal","damage_taken":0,"max_hp_gain":0,"max_hp_loss":11,"event_name":"The Moai Head","floor":41,"gold_loss":0},{"damage_healed":0,"gold_gain":0,"player_choice":"Ignored","damage_taken":0,"max_hp_gain":0,"max_hp_loss":0,"event_name":"SecretPortal","floor":47,"gold_loss":0}],"is_beta":false,"boss_relics":[{"not_picked":["HoveringKite","Eternal Feather"],"picked":"Runic Pyramid"},{"not_picked":["Lizard Tail","Pandora\u0027s Box"],"picked":"Fusion Hammer"}],"items_purged_floors":[12],"is_endless":false,"potions_floor_spawned":[1,3,8,33,35,40,42,44],"killed_by":"Awakened One","ascension_level":1}