{"gold_per_floor":[114,114,129,144,144,144,144,144,219,219,249,264,279,294,294,394,394,409,424,124,139,139,169,169,184,184,184,184,184,199,214,214,314,314,329,379,379,379,394,424,424,274,299,299,314,329,344,359,359,359],"floor_reached":50,"playtime":6897,"items_purged":[],"score":696,"play_id":"a95c8687-a907-4839-a978-04e927e89358","local_time":"20180629001402","daily_mods":["Insanity","Uncertain Future","Hoarder"],"is_ascension_mode":false,"campfire_choices":[{"data":"Demon Form","floor":8,"key":"SMITH"},{"data":"Immolate","floor":10,"key":"SMITH"},{"data":"Uppercut","floor":15,"key":"SMITH"},{"floor":24,"key":"REST"},{"floor":27,"key":"REST"},{"floor":32,"key":"REST"},{"floor":41,"key":"REST"},{"data":"Shrug It Off","floor":44,"key":"SMITH"},{"floor":49,"key":"REST"}],"neow_cost":"","seed_source_timestamp":1365106670807269,"circlet_count":0,"master_deck":["Barricade","Heavy Blade","Seeing Red","Sword Boomerang","Double Tap","Shrug It Off+1","Power Through","Rampage","Ghostly Armor","Demon Form","Headbutt","Uppercut+1","Sever Soul","Warcry","Metallicize","Demon Form+1","Heavy Blade","Reckless Charge","Warcry","Intimidate","Bludgeon","Immolate+1","Uppercut","Ghostly Armor","Rampage","Dual Wield","Inflame","Flex","Havoc","Uppercut","Havoc","Berserk","Bash","Shrug It Off","Thunderclap","Armaments","Rage","Havoc","Iron Wave","Shockwave","Entrench","Rage","Barricade+1","Reaper","Rampage+1","Cleave","Defend_R","Perfected Strike","Uppercut+1","Perfected Strike","Perfected Strike","Perfected Strike","Flex","Flex","Flex","Bludgeon","Bludgeon","Bludgeon","Perfected Strike","Perfected Strike+1","Perfected Strike"],"special_seed":17711,"relics":["Burning Blood","Juzu Bracelet","Bottled Flame","Ice Cream","Lizard Tail","Thread and Needle","Dream Catcher","Peace Pipe","Singing Bowl","Sozu","Turnip","Oddly Smooth Stone","Whetstone","Potion Belt"],"potions_floor_usage":[23,31,33,33],"damage_taken":[{"damage":0,"enemies":"Small Slimes","floor":1,"turns":1},{"damage":0,"enemies":"Jaw Worm","floor":3,"turns":2},{"damage":0,"enemies":"Cultist","floor":4,"turns":3},{"damage":2,"enemies":"Gremlin Nob","floor":11,"turns":3},{"damage":0,"enemies":"Gremlin Gang","floor":12,"turns":1},{"damage":12,"enemies":"Blue Slaver","floor":13,"turns":2},{"damage":0,"enemies":"Exordium Wildlife","floor":14,"turns":1},{"damage":36,"enemies":"Slime Boss","floor":16,"turns":11},{"damage":27,"enemies":"2 Thieves","floor":18,"turns":3},{"damage":12,"enemies":"Shell Parasite","floor":19,"turns":4},{"damage":9,"enemies":"Cultist and Chosen","floor":21,"turns":4},{"damage":33,"enemies":"Slavers","floor":23,"turns":6},{"damage":4,"enemies":"Snecko","floor":25,"turns":5},{"damage":17,"enemies":"Centurion and Healer","floor":30,"turns":4},{"damage":16,"enemies":"Sentry and Sphere","floor":31,"turns":5},{"damage":132,"enemies":"Automaton","floor":33,"turns":11},{"damage":5,"enemies":"3 Shapes","floor":35,"turns":2},{"damage":22,"floor":36,"turns":3},{"damage":0,"enemies":"3 Darklings","floor":39,"turns":2},{"damage":13,"enemies":"Nemesis","floor":40,"turns":7},{"damage":8,"enemies":"4 Shapes","floor":45,"turns":4},{"damage":30,"enemies":"Sphere and 2 Shapes","floor":46,"turns":4},{"damage":0,"enemies":"3 Darklings","floor":47,"turns":3},{"damage":3,"enemies":"4 Shapes","floor":48,"turns":3},{"damage":139,"enemies":"Donu and Deca","floor":50,"turns":8}],"seed_played":"6162315489128863662","potions_obtained":[{"floor":1,"key":"PowerPotion"},{"floor":5,"key":"SteroidPotion"},{"floor":5,"key":"Poison Potion"},{"floor":5,"key":"Weak Potion"},{"floor":19,"key":"Block Potion"},{"floor":23,"key":"SteroidPotion"}],"is_trial":false,"path_per_floor":["M","?","M","M","?","T","$","R","T","R","E","M","M","M","R","B",null,"M","M","$","M","?","E","R","M","T","R","?","?","M","M","R","B",null,"M","?","?","?","M","E","R","$","T","R","M","M","M","M","R"],"character_chosen":"IRONCLAD","items_purchased":["Thread and Needle","Whetstone"],"campfire_rested":5,"item_purchase_floors":[20,42],"current_hp_per_floor":[80,64,70,76,76,76,76,76,76,76,80,80,74,80,80,50,80,59,53,53,50,35,8,33,41,41,66,66,66,57,49,77,31,93,95,81,81,81,89,84,103,103,103,103,103,81,89,94,113,0],"gold":359,"neow_bonus":"","is_prod":false,"is_daily":true,"chose_seed":false,"campfire_upgraded":4,"win_rate":0.0,"timestamp":1530245642,"path_taken":["M","?","M","M","?","?","$","R","T","R","E","M","M","M","R","BOSS","M","M","$","M","?","E","R","M","T","R","?","?","M","M","R","BOSS","M","?","?","?","M","E","R","$","T","R","M","M","M","M","R","BOSS"],"build_version":"2018-06-21v2","purchased_purges":0,"victory":false,"max_hp_per_floor":[80,80,80,80,80,80,80,80,80,80,80,80,80,80,80,80,80,80,80,80,80,85,85,85,85,85,85,85,85,87,89,91,93,93,95,97,97,97,99,101,103,103,103,103,105,107,109,111,113,113],"card_choices":[{"not_picked":["Ghostly Armor","Warcry"],"picked":"Perfected Strike","floor":1},{"not_picked":["Headbutt","Warcry","Pommel Strike"],"picked":"SKIP","floor":3},{"not_picked":["Feel No Pain","Headbutt","Anger"],"picked":"SKIP","floor":4},{"not_picked":["Uppercut","Pummel","Entrench"],"picked":"SKIP","floor":11},{"not_picked":["Rampage","Inflame"],"picked":"Flex","floor":12},{"not_picked":["Sword Boomerang","Metallicize","Carnage"],"picked":"SKIP","floor":13},{"not_picked":["Flame Barrier","Carnage","True Grit"],"picked":"SKIP","floor":14},{"not_picked":["Brutality","Feed"],"picked":"Bludgeon","floor":16},{"not_picked":["Whirlwind","Pommel Strike+1","Warcry"],"picked":"SKIP","floor":18},{"not_picked":["Clash","Iron Wave","Flame Barrier+1"],"picked":"SKIP","floor":19},{"not_picked":["Heavy Blade","Body Slam","Wild Strike"],"picked":"SKIP","floor":21},{"not_picked":["Exhume","Headbutt","Blood for Blood"],"picked":"SKIP","floor":23},{"not_picked":["Heavy Blade","Anger","Ghostly Armor+1"],"picked":"SKIP","floor":25},{"not_picked":["Sword Boomerang","Armaments+1"],"picked":"Perfected Strike","floor":27},{"not_picked":["Flame Barrier+1","Body Slam","Juggernaut"],"picked":"Singing Bowl","floor":30},{"not_picked":["Sword Boomerang+1","Anger","Armaments"],"picked":"Singing Bowl","floor":31},{"not_picked":["Entrench","Body Slam+1","Heavy Blade"],"picked":"Singing Bowl","floor":32},{"not_picked":["Bludgeon","Immolate","Barricade"],"picked":"Singing Bowl","floor":33},{"not_picked":["Heavy Blade","Warcry+1","Rage"],"picked":"Singing Bowl","floor":35},{"not_picked":["Heavy Blade","Twin Strike","Cleave+1"],"picked":"Singing Bowl","floor":36},{"not_picked":["Offering","Body Slam+1","Rage+1"],"picked":"Singing Bowl","floor":39},{"not_picked":["Hemokinesis","Twin Strike+1","Flex"],"picked":"Singing Bowl","floor":40},{"not_picked":["Flex","Clothesline+1","Anger+1"],"picked":"Singing Bowl","floor":41},{"not_picked":["Blood for Blood+1","Anger","Shrug It Off+1"],"picked":"Singing Bowl","floor":45},{"not_picked":["Rampage","Whirlwind+1","Thunderclap"],"picked":"Singing Bowl","floor":46},{"not_picked":["Headbutt","Entrench","Rage+1"],"picked":"Singing Bowl","floor":47},{"not_picked":["Rampage","Shrug It Off","Flex+1"],"picked":"Singing Bowl","floor":48},{"not_picked":["Warcry","Havoc+1","Rage"],"picked":"Singing Bowl","floor":49}],"player_experience":54281,"relics_obtained":[{"floor":6,"key":"Juzu Bracelet"},{"floor":9,"key":"Bottled Flame"},{"floor":11,"key":"Ice Cream"},{"floor":23,"key":"Dream Catcher"},{"floor":26,"key":"Peace Pipe"},{"floor":36,"key":"Turnip"},{"floor":40,"key":"Oddly Smooth Stone"},{"floor":43,"key":"Potion Belt"}],"event_choices":[{"event_name":"Shining Light","player_choice":"Entered Light","floor":2,"damage_taken":0},{"event_name":"The Lab","player_choice":"Got Potions","floor":5,"damage_taken":0},{"event_name":"Forgotten Altar","player_choice":"Shed Blood","floor":22,"damage_taken":0},{"event_name":"Ghosts","player_choice":"Ignored","floor":28,"damage_taken":0},{"event_name":"The Mausoleum","player_choice":"Yes","floor":29,"damage_taken":0},{"event_name":"Mysterious Sphere","player_choice":"Fight","floor":36,"damage_taken":0},{"event_name":"Falling","player_choice":"Removed Power","floor":37,"damage_taken":0},{"event_name":"Tomb of Lord Red Mask","player_choice":"Ignored","floor":38,"damage_taken":0}],"boss_relics":[{"not_picked":["Runic Dome","Cursed Key"],"picked":"Lizard Tail"},{"not_picked":["Empty Cage","Orrery"],"picked":"Sozu"}],"items_purged_floors":[],"is_endless":false,"potions_floor_spawned":[1,11,12,14,19,21,23,25,35,39,45],"killed_by":"Donu and Deca","ascension_level":0}