{"gold_per_floor":[113,113,113,2,16,46,46,66,66,76,76,102,30,44,44,116,116,126,126,153,153,166,166,193,193,216,216,243,258,20,30,30,101,101,117,136,149,159,169,169,169],"floor_reached":41,"playtime":6132,"items_purged":["Writhe"],"score":800,"play_id":"0cbe0b67-baf8-4690-904a-b5aa2c74c616","local_time":"20190314004147","is_ascension_mode":true,"campfire_choices":[{"floor":7.0,"key":"REST"},{"floor":11.0,"key":"REST"},{"floor":15.0,"key":"REST"},{"floor":23.0,"key":"REST"},{"floor":27.0,"key":"REST"},{"floor":32.0,"key":"REST"},{"data":"Adrenaline","floor":40.0,"key":"SMITH"}],"neow_cost":"NONE","seed_source_timestamp":0,"circlet_count":0,"master_deck":["AscendersBane","Defend_G","Defend_G","Defend_G","Defend_G","Defend_G","Strike_G","Strike_G","Strike_G","Survivor","Neutralize+1","Cloak And Dagger","Neutralize","Well Laid Plans","Flying Knee","Predator","Dodge and Roll","Choke","Slice","Backflip","Deadly Poison","Adrenaline","Flying Knee+1","Endless Agony","PiercingWail","Crippling Poison","Footwork","Adrenaline","Outmaneuver","Crippling Poison+1","Master of Strategy","Adrenaline+1","Glass Knife","Backflip+1","Terror+1","Poisoned Stab+1","Dagger Spray"],"special_seed":0,"relics":["Ring of the Snake","Matryoshka","Orichalcum","Centennial Puzzle","Peace Pipe","Black Star","Regal Pillow","Paper Crane","Red Mask","Smiling Mask","Letter Opener","Bottled Lightning","Strawberry","Gremlin Horn","Tough Bandages","Empty Cage"],"potions_floor_usage":[41],"damage_taken":[{"damage":11.0,"enemies":"Small Slimes","floor":1.0,"turns":5.0},{"damage":2.0,"enemies":"Cultist","floor":5.0,"turns":4.0},{"damage":60.0,"enemies":"Gremlin Nob","floor":6.0,"turns":7.0},{"damage":9.0,"enemies":"Jaw Worm","floor":8.0,"turns":3.0},{"damage":3.0,"enemies":"Large Slime","floor":10.0,"turns":7.0},{"damage":16.0,"enemies":"Lagavulin","floor":12.0,"turns":7.0},{"damage":5.0,"enemies":"Gremlin Gang","floor":14.0,"turns":5.0},{"damage":25.0,"enemies":"Hexaghost","floor":16.0,"turns":14.0},{"damage":14.0,"enemies":"3 Byrds","floor":18.0,"turns":4.0},{"damage":15.0,"enemies":"Masked Bandits","floor":20.0,"turns":6.0},{"damage":8.0,"enemies":"Spheric Guardian","floor":22.0,"turns":4.0},{"damage":22.0,"enemies":"Book of Stabbing","floor":24.0,"turns":6.0},{"damage":22.0,"enemies":"Slavers","floor":28.0,"turns":6.0},{"damage":5.0,"enemies":"Centurion and Healer","floor":29.0,"turns":7.0},{"damage":8.0,"enemies":"Snake Plant","floor":31.0,"turns":5.0},{"damage":15.0,"enemies":"Automaton","floor":33.0,"turns":12.0},{"damage":1.0,"enemies":"Orb Walker","floor":35.0,"turns":3.0},{"damage":4.0,"enemies":"3 Shapes","floor":36.0,"turns":4.0},{"damage":30.0,"enemies":"Spire Growth","floor":37.0,"turns":7.0},{"damage":1.0,"enemies":"4 Shapes","floor":38.0,"turns":2.0},{"damage":3.0,"enemies":"Jaw Worm Horde","floor":39.0,"turns":3.0},{"damage":46,"enemies":"Giant Head","floor":41,"turns":8}],"seed_played":"4811143887941983000","potions_obtained":[{"floor":6.0,"key":"SpeedPotion"},{"floor":12.0,"key":"EssenceOfSteel"},{"floor":14.0,"key":"FearPotion"},{"floor":18.0,"key":"GhostInAJar"},{"floor":22.0,"key":"SkillPotion"},{"floor":28.0,"key":"Energy Potion"},{"floor":35.0,"key":"FearPotion"},{"floor":38.0,"key":"GamblersBrew"}],"is_trial":false,"path_per_floor":["M","?","?","$","M","E","R","M","T","M","R","E","$","M","R","B",null,"M","T","?","?","M","R","E","?","T","R","E","M","$","M","R","B",null,"M","M","M","M","M","R","E"],"character_chosen":"THE_SILENT","items_purchased":["Well Laid Plans","Regen Potion","Slice","Backflip","Master of Strategy"],"campfire_rested":6,"item_purchase_floors":[4,4,13,13,30],"current_hp_per_floor":[48,53,53,53,51,6,27,18,18,15,36,20,20,15,36,11,56,42,42,27,27,19,55,33,33,40,78,56,51,51,43,78,63,74,73,69,39,38,35,35,0],"gold":169,"neow_bonus":"UPGRADE_CARD","is_prod":false,"is_daily":false,"chose_seed":false,"campfire_upgraded":1,"win_rate":0,"timestamp":1552538507,"path_taken":["M","?","?","$","M","E","R","M","T","M","R","E","$","M","R","BOSS","M","?","?","?","?","R","E","?","T","R","E","M","$","M","R","BOSS","M","M","?","M","?","R","E"],"build_version":"2019-01-23","purchased_purges":1,"victory":false,"max_hp_per_floor":[66,71,71,71,71,71,71,71,71,71,71,71,71,71,71,71,71,71,71,71,71,71,71,71,71,78,78,78,78,78,78,78,78,78,78,78,78,78,78,78,78],"card_choices":[{"not_picked":["Prepared","Slice"],"picked":"Cloak And Dagger","floor":1.0},{"not_picked":["Prepared","Deflect"],"picked":"Flying Knee","floor":5.0},{"not_picked":["Quick Slash","Phantasmal Killer"],"picked":"Predator","floor":6.0},{"not_picked":["Outmaneuver","Underhanded Strike"],"picked":"Dodge and Roll","floor":8.0},{"not_picked":["Concentrate","Flechettes","Cloak And Dagger"],"picked":"SKIP","floor":10.0},{"not_picked":["Setup","Reflex"],"picked":"Choke","floor":12.0},{"not_picked":["Sucker Punch","Deflect"],"picked":"Deadly Poison","floor":14.0},{"not_picked":["Envenom","Burst"],"picked":"Adrenaline","floor":16.0},{"not_picked":["Bane+1","Underhanded Strike+1"],"picked":"Flying Knee+1","floor":18.0},{"not_picked":["Quick Slash","Flying Knee+1"],"picked":"Endless Agony","floor":20.0},{"not_picked":["Reflex","Deadly Poison"],"picked":"PiercingWail","floor":22.0},{"not_picked":["Setup","Endless Agony"],"picked":"Crippling Poison","floor":24.0},{"not_picked":["Flying Knee","Acrobatics"],"picked":"Outmaneuver","floor":28.0},{"not_picked":["All Out Attack","Masterful Stab"],"picked":"Crippling Poison+1","floor":29.0},{"not_picked":["Quick Slash","Well Laid Plans"],"picked":"Adrenaline","floor":31.0},{"not_picked":["Malaise","Storm of Steel"],"picked":"Glass Knife","floor":33.0},{"not_picked":["Flying Knee","Outmaneuver","Bane"],"picked":"SKIP","floor":35.0},{"not_picked":["Underhanded Strike+1","Flying Knee"],"picked":"Backflip+1","floor":36.0},{"not_picked":["Poisoned Stab","PiercingWail"],"picked":"Terror+1","floor":37.0},{"not_picked":["Choke","Concentrate"],"picked":"Poisoned Stab+1","floor":38.0},{"not_picked":["Cloak And Dagger","Outmaneuver"],"picked":"Dagger Spray","floor":39.0}],"player_experience":706032,"relics_obtained":[{"floor":6.0,"key":"Matryoshka"},{"floor":9.0,"key":"Orichalcum"},{"floor":9.0,"key":"Centennial Puzzle"},{"floor":12.0,"key":"Peace Pipe"},{"floor":19.0,"key":"Regal Pillow"},{"floor":19.0,"key":"Paper Crane"},{"floor":20.0,"key":"Red Mask"},{"floor":24.0,"key":"Letter Opener"},{"floor":24.0,"key":"Bottled Lightning"},{"floor":26.0,"key":"Strawberry"},{"floor":28.0,"key":"Gremlin Horn"},{"floor":28.0,"key":"Tough Bandages"}],"event_choices":[{"damage_healed":0.0,"max_hp_gain":5.0,"max_hp_loss":0.0,"gold_gain":0.0,"event_name":"Big Fish","player_choice":"Donut","floor":2.0,"gold_loss":0.0,"damage_taken":0.0},{"damage_healed":0.0,"max_hp_gain":0.0,"max_hp_loss":0.0,"gold_gain":0.0,"event_name":"Match and Keep!","player_choice":"1 cards matched","floor":3.0,"gold_loss":0.0,"damage_taken":0.0,"cards_obtained":["Neutralize"]},{"damage_healed":0.0,"max_hp_gain":0.0,"max_hp_loss":0.0,"gold_gain":0.0,"event_name":"Masked Bandits","player_choice":"Fought Bandits","floor":20.0,"gold_loss":0.0,"damage_taken":0.0},{"damage_healed":0.0,"max_hp_gain":0.0,"max_hp_loss":0.0,"gold_gain":0.0,"event_name":"The Mausoleum","player_choice":"Opened","floor":21.0,"gold_loss":0.0,"damage_taken":0.0,"relics_obtained":["Smiling Mask"],"cards_obtained":["Writhe"]},{"damage_healed":0.0,"max_hp_gain":0.0,"max_hp_loss":0.0,"gold_gain":0.0,"event_name":"Match and Keep!","player_choice":"2 cards matched","floor":25.0,"gold_loss":0.0,"damage_taken":0.0,"cards_obtained":["Footwork","Adrenaline"]},{"damage_healed":0.0,"max_hp_gain":0.0,"max_hp_loss":0.0,"gold_gain":0.0,"event_name":"Match and Keep!","player_choice":"2 cards matched","floor":25.0,"gold_loss":0.0,"damage_taken":0.0,"cards_obtained":["Footwork","Adrenaline"]}],"is_beta":false,"boss_relics":[{"not_picked":["Eternal Feather","Runic Pyramid"],"picked":"Black Star"},{"not_picked":["WristBlade","Cursed Key"],"picked":"Empty Cage"}],"items_purged_floors":[30],"is_endless":false,"potions_floor_spawned":[6,12,14,18,22,28,31,35,37,38],"killed_by":"Giant Head","ascension_level":15}