{"gold_per_floor":[118,138,138,63,73,73,108,108,131,131,306,306,331,100,100,198,198,211,56,71,71,90,90,119,119,143,143,154,154,180,196,196,300,300,315,239,251,251,251],"floor_reached":39,"playtime":2179,"items_purged":[],"score":450,"play_id":"e067f4ff-30dd-4159-9325-8b61a9a166b8","local_time":"20190117213147","is_ascension_mode":false,"campfire_choices":[{"data":"Bouncing Flask","floor":6,"key":"SMITH"},{"data":"Poisoned Stab","floor":8,"key":"SMITH"},{"floor":15,"key":"REST"},{"floor":23,"key":"REST"},{"floor":27,"key":"REST"},{"floor":29,"key":"REST"},{"floor":32,"key":"REST"}],"neow_cost":"NONE","seed_source_timestamp":611219942706477,"circlet_count":0,"master_deck":["Defend_G","Defend_G","Defend_G","Defend_G","Defend_G","Strike_G","Strike_G","Strike_G","Strike_G","Strike_G","Survivor","Neutralize","Bane+1","Poisoned Stab+1","Bouncing Flask+1","Poisoned Stab","Infinite Blades","Noxious Fumes","Catalyst","Glass Knife","All Out Attack","Masterful Stab+1","Bouncing Flask+1","Catalyst","Deadly Poison","Deflect","Malaise","Outmaneuver+1","Noxious Fumes","Madness","Madness"],"relics":["Ring of the Snake","NeowsBlessing","Vajra","Ancient Tea Set","Regal Pillow","ClockworkSouvenir","Lizard Tail","Lantern","Darkstone Periapt","Bronze Scales","Matryoshka","Runic Pyramid"],"potions_floor_usage":[13,16,22,24,39],"damage_taken":[{"damage":0,"enemies":"Small Slimes","floor":1,"turns":1},{"damage":0,"enemies":"Cultist","floor":2,"turns":1},{"damage":0,"enemies":"2 Louse","floor":5,"turns":1},{"damage":21,"enemies":"Gremlin Nob","floor":7,"turns":4},{"damage":13,"enemies":"Lagavulin","floor":13,"turns":4},{"damage":30,"enemies":"Slime Boss","floor":16,"turns":7},{"damage":40,"enemies":"2 Thieves","floor":18,"turns":4},{"damage":5,"enemies":"Chosen","floor":20,"turns":4},{"damage":16,"enemies":"Snake Plant","floor":22,"turns":4},{"damage":62,"enemies":"Book of Stabbing","floor":24,"turns":6},{"damage":6,"enemies":"Snecko","floor":28,"turns":3},{"damage":17,"enemies":"Gremlin Leader","floor":30,"turns":4},{"damage":12,"enemies":"Chosen and Byrds","floor":31,"turns":5},{"damage":36,"enemies":"Champ","floor":33,"turns":6},{"damage":38,"enemies":"3 Shapes","floor":35,"turns":3},{"damage":10,"enemies":"Orb Walker","floor":37,"turns":4},{"damage":22,"enemies":"3 Darklings","floor":39,"turns":2}],"seed_played":"-9136496365427140747","potions_obtained":[{"floor":3,"key":"Weak Potion"},{"floor":3,"key":"SpeedPotion"},{"floor":3,"key":"Ancient Potion"},{"floor":7,"key":"Poison Potion"},{"floor":16,"key":"Regen Potion"},{"floor":20,"key":"SkillPotion"},{"floor":28,"key":"GamblersBrew"},{"floor":30,"key":"Swift Potion"},{"floor":37,"key":"Regen Potion"}],"is_trial":false,"path_per_floor":["M","M","?","$","M","R","E","R","T","?","?","?","E","$","R","B",null,"M","$","M","?","M","R","E","$","T","R","M","R","E","M","R","B",null,"M","$","M","?","M"],"character_chosen":"THE_SILENT","items_purchased":["Bouncing Flask","Catalyst","ClockworkSouvenir","Lantern","Noxious Fumes"],"campfire_rested":5,"item_purchase_floors":[4,14,14,19,36],"current_hp_per_floor":[70,70,70,70,70,70,49,49,49,49,49,42,29,29,65,35,70,30,30,25,25,23,59,35,35,35,70,64,70,53,41,70,34,70,32,32,22,13,0],"gold":251,"neow_bonus":"THREE_ENEMY_KILL","is_prod":false,"is_daily":false,"chose_seed":false,"campfire_upgraded":2,"win_rate":0.0,"timestamp":1547721107,"path_taken":["M","M","?","$","?","R","E","R","T","?","?","?","E","$","R","BOSS","M","$","M","?","?","R","E","?","T","R","M","R","E","?","R","BOSS","M","$","M","?","M"],"build_version":"2019-01-10","purchased_purges":0,"victory":false,"max_hp_per_floor":[70,70,70,70,70,70,70,70,70,70,70,70,70,70,70,70,70,70,70,70,70,70,70,70,70,70,70,70,70,70,70,70,70,70,70,70,70,70,70],"card_choices":[{"not_picked":["Cloak And Dagger","Catalyst"],"picked":"Bane","floor":1},{"not_picked":["Escape Plan","Predator"],"picked":"Poisoned Stab","floor":2},{"not_picked":["Blade Dance","Prepared"],"picked":"Poisoned Stab","floor":5},{"not_picked":["Slice","Quick Slash"],"picked":"Infinite Blades","floor":7},{"not_picked":["Cloak And Dagger","Distraction"],"picked":"Noxious Fumes","floor":13},{"not_picked":["Night Terror","Doppelganger"],"picked":"Glass Knife","floor":16},{"not_picked":["Well Laid Plans","Leg Sweep+1"],"picked":"All Out Attack","floor":18},{"not_picked":["Flying Knee","Heel Hook+1"],"picked":"Masterful Stab+1","floor":20},{"not_picked":["PiercingWail","Backflip+1"],"picked":"Catalyst","floor":22},{"not_picked":["Cloak And Dagger","Crippling Poison"],"picked":"Deadly Poison","floor":24},{"not_picked":["Expertise+1","Masterful Stab","Blade Dance"],"picked":"SKIP","floor":28},{"not_picked":["Wraith Form v2","Blade Dance+1","Dagger Spray+1"],"picked":"SKIP","floor":30},{"not_picked":["Underhanded Strike","All Out Attack"],"picked":"Deflect","floor":31},{"not_picked":["After Image","Doppelganger"],"picked":"Malaise","floor":33},{"not_picked":["Blade Dance","Skewer"],"picked":"Outmaneuver+1","floor":35},{"not_picked":["Sucker Punch+1","Flechettes","Dagger Throw+1"],"picked":"SKIP","floor":37}],"player_experience":68646,"relics_obtained":[{"floor":7,"key":"Vajra"},{"floor":9,"key":"Ancient Tea Set"},{"floor":13,"key":"Regal Pillow"},{"floor":24,"key":"Darkstone Periapt"},{"floor":26,"key":"Bronze Scales"},{"floor":30,"key":"Matryoshka"}],"event_choices":[{"damage_healed":0,"gold_gain":0,"player_choice":"Got Potions","damage_taken":0,"max_hp_gain":0,"max_hp_loss":0,"event_name":"Lab","floor":3,"gold_loss":0},{"damage_healed":0,"gold_gain":0,"player_choice":"Grow","damage_taken":0,"max_hp_gain":0,"max_hp_loss":0,"event_name":"Living Wall","floor":10,"gold_loss":0,"cards_upgraded":["Bane"]},{"damage_healed":0,"gold_gain":175,"player_choice":"AGREE","damage_taken":0,"max_hp_gain":0,"max_hp_loss":0,"event_name":"Liars Game","floor":11,"gold_loss":0,"cards_obtained":["Doubt"]},{"cards_removed":["Doubt"],"damage_healed":0,"gold_gain":0,"player_choice":"Card Removal","damage_taken":7,"max_hp_gain":0,"max_hp_loss":0,"event_name":"Golden Wing","floor":12,"gold_loss":0},{"damage_healed":0,"gold_gain":0,"player_choice":"Copied","damage_taken":0,"max_hp_gain":0,"max_hp_loss":0,"event_name":"Duplicator","floor":21,"gold_loss":0,"cards_obtained":["Bouncing Flask"]},{"damage_healed":0,"gold_gain":0,"player_choice":"Embrace Madness","damage_taken":9,"max_hp_gain":0,"max_hp_loss":0,"event_name":"Winding Halls","floor":38,"gold_loss":0,"cards_obtained":["Madness","Madness"]}],"is_beta":false,"boss_relics":[{"not_picked":["HoveringKite","Sozu"],"picked":"Lizard Tail"},{"not_picked":["Calling Bell","Astrolabe"],"picked":"Runic Pyramid"}],"items_purged_floors":[],"is_endless":false,"potions_floor_spawned":[5,7,16,20,28,30,33,37],"killed_by":"3 Darklings","ascension_level":0}