{"gold_per_floor":[117,192,206,220,238,269,269,269],"floor_reached":8,"playtime":698,"items_purged":[],"score":102,"play_id":"d3abf765-7afa-42c7-b321-c02d504d69aa","local_time":"20190313001036","is_ascension_mode":true,"campfire_choices":[],"neow_cost":"NONE","seed_source_timestamp":10190553166006,"circlet_count":0,"master_deck":["AscendersBane","Bash","Battle Trance","Clothesline","Sever Soul","Hemokinesis","Shrug It Off","Dual Wield","Headbutt","Evolve","Bludgeon","Feel No Pain","Corruption","Disarm","Uppercut","Warcry"],"relics":["Pandora\u0027s Box","Happy Flower"],"potions_floor_usage":[8],"damage_taken":[{"damage":1,"enemies":"Jaw Worm","floor":1,"turns":2},{"damage":0,"enemies":"Small Slimes","floor":3,"turns":2},{"damage":0,"enemies":"Cultist","floor":4,"turns":2},{"damage":10,"enemies":"Blue Slaver","floor":5,"turns":3},{"damage":44,"enemies":"Lagavulin","floor":6,"turns":6},{"damage":32,"enemies":"3 Sentries","floor":8,"turns":3}],"seed_played":"-8813927388350522450","potions_obtained":[{"floor":1,"key":"Weak Potion"},{"floor":4,"key":"EssenceOfSteel"}],"is_trial":false,"path_per_floor":["M","?","M","M","M","E","?","E"],"character_chosen":"IRONCLAD","items_purchased":[],"campfire_rested":0,"item_purchase_floors":[],"current_hp_per_floor":[67,56,56,56,46,2,27,0],"gold":269,"neow_bonus":"BOSS_RELIC","is_prod":false,"is_daily":false,"chose_seed":false,"campfire_upgraded":0,"win_rate":0,"timestamp":1552450236,"path_taken":["M","?","M","M","M","E","?","E"],"build_version":"2019-01-23","purchased_purges":0,"victory":false,"max_hp_per_floor":[75,75,75,75,75,75,75,75],"card_choices":[{"not_picked":["Whirlwind","Body Slam"],"picked":"Feel No Pain","floor":1},{"not_picked":["True Grit","Clothesline"],"picked":"Corruption","floor":3},{"not_picked":["Carnage","Seeing Red"],"picked":"Disarm","floor":4},{"not_picked":["Dual Wield","Wild Strike"],"picked":"Uppercut","floor":5},{"not_picked":["Offering","Hemokinesis"],"picked":"Warcry","floor":6}],"player_experience":698178,"relics_obtained":[{"floor":6,"key":"Happy Flower"}],"event_choices":[{"damage_healed":0,"gold_gain":75,"player_choice":"Gather Gold","damage_taken":11,"max_hp_gain":0,"max_hp_loss":0,"event_name":"World of Goop","floor":2,"gold_loss":0},{"damage_healed":25,"gold_gain":0,"player_choice":"Banana","damage_taken":0,"max_hp_gain":0,"max_hp_loss":0,"event_name":"Big Fish","floor":7,"gold_loss":0}],"is_beta":false,"boss_relics":[],"items_purged_floors":[],"is_endless":false,"potions_floor_spawned":[1,4,5,6],"killed_by":"3 Sentries","ascension_level":15}