{"gold_per_floor":[14,14,29,39,39,69,69,94,94,74],"floor_reached":10,"playtime":283,"items_purged":[],"score":152,"play_id":"be164437-9725-4c5a-bec3-49c84ff50fa6","local_time":"20190201003428","is_ascension_mode":true,"campfire_choices":[{"data":"Zap","floor":7.0,"key":"SMITH"}],"neow_cost":"NO_GOLD","seed_source_timestamp":1920677539795028,"circlet_count":0,"master_deck":["AscendersBane","Strike_B","Strike_B","Strike_B","Strike_B","Defend_B","Defend_B","Defend_B","Defend_B","Zap+1","Dualcast","Flash of Steel","Panacea","Compile Driver","Zap","Rip and Tear","Reinforced Body","Glacier"],"special_seed":0,"relics":["Cracked Core","StoneCalendar","Ornamental Fan","Meat on the Bone"],"potions_floor_usage":[8,10],"damage_taken":[{"damage":5.0,"enemies":"Small Slimes","floor":1.0,"turns":2.0},{"damage":0.0,"enemies":"Cultist","floor":3.0,"turns":2.0},{"damage":13.0,"enemies":"2 Louse","floor":4.0,"turns":2.0},{"damage":15.0,"enemies":"Gremlin Nob","floor":6.0,"turns":4.0},{"damage":30,"enemies":"3 Sentries","floor":8,"turns":7},{"damage":7,"enemies":"Exordium Thugs","floor":10,"turns":1}],"seed_played":"4036759128047378351","potions_obtained":[{"floor":3.0,"key":"Poison Potion"},{"floor":6.0,"key":"Swift Potion"},{"floor":8,"key":"SpeedPotion"}],"is_trial":false,"path_per_floor":["M","?","M","M","?","E","R","E","T","M"],"character_chosen":"DEFECT","items_purchased":[],"campfire_rested":0,"item_purchase_floors":[],"current_hp_per_floor":[59,59,59,46,46,31,31,1,1,0],"gold":74,"neow_bonus":"RANDOM_COLORLESS_2","is_prod":false,"is_daily":false,"chose_seed":false,"campfire_upgraded":1,"win_rate":0,"timestamp":1548977668,"path_taken":["M","?","M","?","?","E","R","E","T","M"],"build_version":"2019-01-23","purchased_purges":0,"victory":false,"max_hp_per_floor":[71,71,71,71,71,71,71,71,71,71],"card_choices":[{"not_picked":["Turbo","Coolheaded"],"picked":"Compile Driver","floor":1.0},{"not_picked":["Streamline","Hologram","Gash"],"picked":"SKIP","floor":3.0},{"not_picked":["Cold Snap","Coolheaded"],"picked":"Reinforced Body","floor":4.0},{"not_picked":["Creative AI","Cold Snap","Redo"],"picked":"SKIP","floor":6.0},{"not_picked":["Go for the Eyes","Fusion"],"picked":"Glacier","floor":8}],"player_experience":980534,"relics_obtained":[{"floor":6.0,"key":"StoneCalendar"},{"floor":8,"key":"Ornamental Fan"},{"floor":9,"key":"Meat on the Bone"}],"event_choices":[{"damage_healed":0.0,"max_hp_gain":0.0,"max_hp_loss":0.0,"gold_gain":0.0,"event_name":"Match and Keep!","player_choice":"2 cards matched","floor":2.0,"gold_loss":0.0,"damage_taken":0.0,"cards_obtained":["Zap","Rip and Tear"]},{"damage_healed":0.0,"max_hp_gain":0.0,"max_hp_loss":0.0,"gold_gain":0.0,"event_name":"Liars Game","player_choice":"Ignored","floor":5.0,"gold_loss":0.0,"damage_taken":0.0}],"is_beta":false,"boss_relics":[],"items_purged_floors":[],"is_endless":false,"potions_floor_spawned":[3,6,8],"killed_by":"Exordium Thugs","ascension_level":20}