{"gold_per_floor":[113,188,188,206,104,167,167,184,211,242,258,290,255,273,273,376,376,395,395,413,19,19,19,45,45],"floor_reached":25,"playtime":1880,"items_purged":["Normality"],"score":299,"play_id":"6789ede1-f494-499f-94fb-cfe8717d5133","local_time":"20190212170422","is_ascension_mode":true,"campfire_choices":[{"data":"Tempest","floor":7.0,"key":"SMITH"},{"data":"Genetic Algorithm","floor":15.0,"key":"SMITH"},{"data":"Defragment","floor":23.0,"key":"SMITH"}],"neow_cost":"NONE","seed_source_timestamp":1369406466041110,"circlet_count":0,"master_deck":["Strike_B","Strike_B","Strike_B","Strike_B","Defend_B","Defend_B","Defend_B","Defend_B","Zap","Dualcast","Conserve Battery","Tempest+1","Genetic Algorithm+1","Redo","Ball Lightning","Normality","Clumsy","Double Energy","Defragment+1","Conserve Battery","Double Energy"],"special_seed":0,"relics":["Cracked Core","Ancient Tea Set","Anchor","Tiny Chest","Oddly Smooth Stone","Pocketwatch","Centennial Puzzle","Calling Bell","Regal Pillow","Molten Egg 2","Unceasing Top","MutagenicStrength","Happy Flower","Pear"],"potions_floor_usage":[25],"damage_taken":[{"damage":1.0,"enemies":"Cultist","floor":1.0,"turns":3.0},{"damage":0.0,"enemies":"Small Slimes","floor":4.0,"turns":2.0},{"damage":8.0,"enemies":"Gremlin Nob","floor":6.0,"turns":3.0},{"damage":0.0,"enemies":"2 Louse","floor":8.0,"turns":2.0},{"damage":16.0,"enemies":"Lagavulin","floor":10.0,"turns":6.0},{"damage":0.0,"enemies":"Exordium Wildlife","floor":11.0,"turns":4.0},{"damage":14.0,"enemies":"Gremlin Nob","floor":12.0,"turns":3.0},{"damage":1.0,"enemies":"Red Slaver","floor":14.0,"turns":3.0},{"damage":22.0,"enemies":"Hexaghost","floor":16.0,"turns":8.0},{"damage":4.0,"enemies":"3 Byrds","floor":18.0,"turns":5.0},{"damage":7.0,"enemies":"Shell Parasite","floor":20.0,"turns":5.0},{"damage":47.0,"enemies":"Book of Stabbing","floor":24.0,"turns":6.0},{"damage":21,"enemies":"Centurion and Healer","floor":25,"turns":3}],"seed_played":"5483181954555415280","potions_obtained":[{"floor":4.0,"key":"AttackPotion"},{"floor":6.0,"key":"AttackPotion"},{"floor":10.0,"key":"EssenceOfSteel"},{"floor":11.0,"key":"SteroidPotion"},{"floor":18.0,"key":"SpeedPotion"}],"is_trial":false,"path_per_floor":["M","?","?","M","$","E","R","M","T","E","M","E","?","M","R","B",null,"M","?","M","$","?","R","E","M"],"character_chosen":"DEFECT","items_purchased":["Fire Potion","Fire Potion","Defragment","Happy Flower","Swift Potion","Conserve Battery"],"campfire_rested":0,"item_purchase_floors":[5,5,21,21,21,21],"current_hp_per_floor":[74,63,63,63,63,55,55,55,55,39,39,25,43,42,42,20,61,57,57,50,50,50,50,13,0],"gold":45,"neow_bonus":"RANDOM_COMMON_RELIC","is_prod":false,"is_daily":false,"chose_seed":false,"campfire_upgraded":3,"win_rate":0,"timestamp":1550009062,"path_taken":["M","?","?","M","$","E","R","?","T","E","M","E","?","M","R","BOSS","M","?","M","$","?","R","E","M"],"build_version":"2019-01-23","purchased_purges":1,"victory":false,"max_hp_per_floor":[75,75,75,75,75,75,75,75,75,75,75,75,75,75,75,75,75,75,75,75,75,75,75,85,85],"card_choices":[{"not_picked":["Go for the Eyes","Scrape"],"picked":"Defragment","floor":1.0},{"not_picked":["Barrage","Force Field"],"picked":"Conserve Battery","floor":4.0},{"not_picked":["Glacier","Gash"],"picked":"Tempest","floor":6.0},{"not_picked":["BootSequence","Rebound"],"picked":"Genetic Algorithm","floor":8.0},{"not_picked":["Go for the Eyes","Reboot","Gash"],"picked":"SKIP","floor":10.0},{"not_picked":["Coolheaded","Steam","Consume"],"picked":"SKIP","floor":11.0},{"not_picked":["Hologram","Go for the Eyes"],"picked":"Redo","floor":12.0},{"not_picked":["Aggregate","Hologram"],"picked":"Ball Lightning","floor":14.0},{"not_picked":["Go for the Eyes+1","Steam"],"picked":"Double Energy","floor":18.0},{"not_picked":["Stack","Coolheaded","Consume+1"],"picked":"SKIP","floor":20.0},{"not_picked":["Leap","Hologram"],"picked":"Double Energy","floor":24.0}],"player_experience":437805,"relics_obtained":[{"floor":6.0,"key":"Tiny Chest"},{"floor":9.0,"key":"Oddly Smooth Stone"},{"floor":10.0,"key":"Pocketwatch"},{"floor":12.0,"key":"Centennial Puzzle"},{"floor":17.0,"key":"Regal Pillow"},{"floor":17.0,"key":"Molten Egg 2"},{"floor":17.0,"key":"Unceasing Top"},{"floor":24.0,"key":"Pear"}],"event_choices":[{"damage_healed":0.0,"max_hp_gain":0.0,"max_hp_loss":0.0,"gold_gain":75.0,"event_name":"World of Goop","player_choice":"Gather Gold","floor":2.0,"gold_loss":0.0,"damage_taken":11.0},{"cards_removed":["Defragment"],"damage_healed":0.0,"max_hp_gain":0.0,"max_hp_loss":0.0,"gold_gain":0.0,"event_name":"WeMeetAgain","player_choice":"Gave Card","floor":3.0,"gold_loss":0.0,"damage_taken":0.0,"relics_obtained":["Anchor"]},{"damage_healed":18.0,"max_hp_gain":0.0,"max_hp_loss":0.0,"gold_gain":0.0,"event_name":"The Cleric","player_choice":"Healed","floor":13.0,"gold_loss":35.0,"damage_taken":0.0},{"damage_healed":0.0,"max_hp_gain":0.0,"max_hp_loss":0.0,"gold_gain":0.0,"event_name":"Drug Dealer","player_choice":"Inject Mutagens","floor":19.0,"gold_loss":0.0,"damage_taken":0.0,"relics_obtained":["MutagenicStrength"]},{"damage_healed":0.0,"max_hp_gain":0.0,"max_hp_loss":0.0,"gold_gain":0.0,"event_name":"Beggar","player_choice":"Ignored","floor":22.0,"gold_loss":0.0,"damage_taken":0.0}],"is_beta":false,"boss_relics":[{"not_picked":["Snecko Eye","Eternal Feather"],"picked":"Calling Bell"}],"items_purged_floors":[21],"is_endless":false,"potions_floor_spawned":[4,6,10,11,18],"killed_by":"Centurion and Healer","ascension_level":5}