{"gold_per_floor":[114,126,139,52,62,62,89,89,114,126,167,192,233,257,269,352,364,388,315,327,16,66,97,97,128,208,208,208,208,240,165,165,165],"floor_reached":33,"playtime":1123,"items_purged":["Strike_R"],"score":671,"play_id":"02433b81-0ffc-4cf7-a639-339e9e6771b4","local_time":"20190126235735","is_ascension_mode":true,"campfire_choices":[{"data":"Uppercut","floor":6.0,"key":"SMITH"},{"data":"Immolate","floor":8.0,"key":"SMITH"},{"floor":10.0,"key":"REST"},{"floor":15.0,"key":"REST"},{"floor":24.0,"key":"REST"},{"data":"Juggernaut","floor":27.0,"key":"SMITH"},{"data":"Disarm","floor":29.0,"key":"SMITH"},{"floor":32.0,"key":"REST"}],"neow_cost":"PERCENT_DAMAGE","seed_source_timestamp":0,"circlet_count":0,"master_deck":["AscendersBane","Defend_R","Defend_R","Defend_R","Bash","Headbutt","Disarm+1","Uppercut+1","Metallicize","Cleave","Immolate+1","Juggernaut+1","Shrug It Off","Offering","Metallicize","Havoc+1"],"special_seed":0,"relics":["Burning Blood","Bag of Marbles","MawBank","Ancient Tea Set","Pantograph","Empty Cage","Art of War","Bag of Preparation","Red Skull","Juzu Bracelet","Mercury Hourglass","Orichalcum","FossilizedHelix"],"potions_floor_usage":[],"damage_taken":[{"damage":1.0,"enemies":"Cultist","floor":1.0,"turns":3.0},{"damage":7.0,"enemies":"Small Slimes","floor":2.0,"turns":3.0},{"damage":12.0,"enemies":"2 Louse","floor":3.0,"turns":3.0},{"damage":18.0,"enemies":"Looter","floor":5.0,"turns":4.0},{"damage":28.0,"enemies":"3 Sentries","floor":7.0,"turns":9.0},{"damage":4.0,"enemies":"Gremlin Nob","floor":11.0,"turns":3.0},{"damage":21.0,"enemies":"Exordium Wildlife","floor":12.0,"turns":5.0},{"damage":20.0,"enemies":"Lagavulin","floor":13.0,"turns":6.0},{"damage":13.0,"enemies":"Blue Slaver","floor":14.0,"turns":2.0},{"damage":35.0,"enemies":"The Guardian","floor":16.0,"turns":9.0},{"damage":18.0,"enemies":"Spheric Guardian","floor":18.0,"turns":4.0},{"damage":23.0,"enemies":"Book of Stabbing","floor":23.0,"turns":3.0},{"damage":35.0,"enemies":"Slavers","floor":25.0,"turns":3.0},{"damage":6.0,"enemies":"Gremlin Leader","floor":30.0,"turns":2.0},{"damage":75,"enemies":"Champ","floor":33,"turns":11}],"seed_played":"-9206317529331372414","potions_obtained":[{"floor":5.0,"key":"BloodPotion"},{"floor":7.0,"key":"EntropicBrew"},{"floor":12.0,"key":"Dexterity Potion"},{"floor":13.0,"key":"Swift Potion"},{"floor":14.0,"key":"GamblersBrew"},{"floor":23.0,"key":"LiquidBronze"}],"is_trial":false,"path_per_floor":["M","M","M","$","M","R","E","R","T","R","E","M","E","M","R","B",null,"M","?","?","$","?","E","R","E","T","R","T","R","E","?","R","B"],"character_chosen":"IRONCLAD","items_purchased":["Metallicize","Metallicize","Bag of Preparation"],"campfire_rested":4,"item_purchase_floors":[4,21,21],"current_hp_per_floor":[55,54,48,48,36,36,21,21,21,43,45,30,16,9,31,27,63,51,51,51,51,51,34,56,27,27,27,27,27,27,27,49,0],"gold":165,"neow_bonus":"REMOVE_TWO","is_prod":false,"is_daily":false,"chose_seed":false,"campfire_upgraded":4,"win_rate":0,"timestamp":1548543455,"path_taken":["M","M","?","?","M","R","E","R","T","R","E","M","E","M","R","BOSS","M","?","?","$","?","E","R","E","T","R","?","R","E","?","R","BOSS"],"build_version":"2019-01-23","purchased_purges":1,"victory":false,"max_hp_per_floor":[75,75,75,75,75,75,75,75,75,75,75,75,75,75,75,75,75,75,75,75,75,75,75,75,75,75,75,75,75,75,75,75,75],"card_choices":[{"not_picked":["Clothesline","Warcry"],"picked":"Headbutt","floor":1.0},{"not_picked":["Ghostly Armor","Twin Strike"],"picked":"Disarm","floor":2.0},{"not_picked":["Pommel Strike","Rupture"],"picked":"Uppercut","floor":3.0},{"not_picked":["Heavy Blade","Armaments"],"picked":"Cleave","floor":5.0},{"not_picked":["Flex","Burning Pact"],"picked":"Immolate","floor":7.0},{"not_picked":["Sentinel","Battle Trance"],"picked":"Juggernaut","floor":11.0},{"not_picked":["Sword Boomerang","Clash"],"picked":"Shrug It Off","floor":12.0},{"not_picked":["Armaments","Wild Strike","Thunderclap"],"picked":"SKIP","floor":13.0},{"not_picked":["Feel No Pain","Flex","Reckless Charge"],"picked":"SKIP","floor":14.0},{"not_picked":["Dark Embrace","Immolate"],"picked":"Offering","floor":16.0},{"not_picked":["Ghostly Armor","Flex+1","Intimidate"],"picked":"SKIP","floor":18.0},{"not_picked":["Sword Boomerang","Impervious","Armaments"],"picked":"SKIP","floor":23.0},{"not_picked":["Shrug It Off","Twin Strike"],"picked":"Havoc+1","floor":25.0},{"not_picked":["Wild Strike","Body Slam","Warcry"],"picked":"SKIP","floor":30.0}],"player_experience":941149,"relics_obtained":[{"floor":7.0,"key":"Bag of Marbles"},{"floor":9.0,"key":"MawBank"},{"floor":11.0,"key":"Ancient Tea Set"},{"floor":13.0,"key":"Pantograph"},{"floor":23.0,"key":"Red Skull"},{"floor":25.0,"key":"Juzu Bracelet"},{"floor":26.0,"key":"Mercury Hourglass"},{"floor":28.0,"key":"Orichalcum"},{"floor":30.0,"key":"FossilizedHelix"}],"event_choices":[{"damage_healed":0.0,"max_hp_gain":0.0,"max_hp_loss":0.0,"gold_gain":0.0,"event_name":"Addict","player_choice":"Obtained Relic","floor":19.0,"gold_loss":85.0,"damage_taken":0.0,"relics_obtained":["Art of War"]},{"damage_healed":0.0,"max_hp_gain":0.0,"max_hp_loss":0.0,"gold_gain":0.0,"event_name":"Vampires","player_choice":"Ignored","floor":20.0,"gold_loss":0.0,"damage_taken":0.0},{"damage_healed":0.0,"max_hp_gain":0.0,"max_hp_loss":0.0,"gold_gain":50.0,"event_name":"Nest","player_choice":"Stole From Cult","floor":22.0,"gold_loss":0.0,"damage_taken":0.0},{"cards_removed":["Strike_R"],"damage_healed":0.0,"max_hp_gain":0.0,"max_hp_loss":0.0,"gold_gain":0.0,"event_name":"Beggar","player_choice":"Gave Gold","floor":31.0,"gold_loss":75.0,"damage_taken":0.0}],"is_beta":false,"boss_relics":[{"not_picked":["Busted Crown","Ectoplasm"],"picked":"Empty Cage"}],"items_purged_floors":[21],"is_endless":false,"potions_floor_spawned":[5,7,12,13,14,23],"killed_by":"Champ","ascension_level":19}