{"gold_per_floor":[113,113,113,113,133,133,173,198,198,241,241,255,255,325,325,325],"floor_reached":16,"playtime":351,"items_purged":[],"score":211,"play_id":"7329e1c8-006c-4ced-a50e-26572965d74b","local_time":"20190125221007","is_ascension_mode":true,"campfire_choices":[{"data":"Hemokinesis","floor":6.0,"key":"SMITH"},{"data":"Body Slam","floor":11,"key":"SMITH"},{"data":"Infernal Blade","floor":15,"key":"SMITH"}],"neow_cost":"NONE","seed_source_timestamp":1393472553664549,"circlet_count":0,"master_deck":["AscendersBane","Strike_R","Strike_R","Strike_R","Strike_R","Strike_R","Defend_R","Defend_R","Defend_R","Bash","Hemokinesis+1","Infernal Blade+1","Impervious","Body Slam+1","Barricade+1"],"special_seed":0,"relics":["Burning Blood","Golden Idol","Pear","Gremlin Horn","Anchor","Orichalcum","Molten Egg 2"],"potions_floor_usage":[7,10,16],"damage_taken":[{"damage":7.0,"enemies":"Jaw Worm","floor":1.0,"turns":3.0},{"damage":2.0,"enemies":"2 Louse","floor":5.0,"turns":4.0},{"damage":27,"enemies":"Lagavulin","floor":7,"turns":6},{"damage":3,"enemies":"Cultist","floor":8,"turns":3},{"damage":11,"enemies":"Gremlin Nob","floor":10,"turns":3},{"damage":0,"enemies":"Lots of Slimes","floor":12,"turns":2},{"damage":26,"enemies":"Slime Boss","floor":16,"turns":6}],"seed_played":"-2165730644791249819","potions_obtained":[{"floor":1.0,"key":"Swift Potion"},{"floor":5.0,"key":"SteroidPotion"},{"floor":8,"key":"Regen Potion"}],"is_trial":false,"path_per_floor":["M","?","?","?","M","R","E","M","T","E","R","M","?","T","R","B"],"character_chosen":"IRONCLAD","items_purchased":[],"campfire_rested":0,"item_purchase_floors":[],"current_hp_per_floor":[67,72,44,28,32,32,11,14,14,18,18,24,24,24,24,0],"gold":325,"neow_bonus":"REMOVE_CARD","is_prod":false,"is_daily":false,"chose_seed":false,"campfire_upgraded":3,"win_rate":0,"timestamp":1548450607,"path_taken":["M","?","?","?","M","R","E","?","T","E","R","M","?","?","R","BOSS"],"build_version":"2019-01-23","purchased_purges":0,"victory":false,"max_hp_per_floor":[75,80,80,90,90,90,90,90,90,90,90,90,90,90,90,90],"card_choices":[{"not_picked":["Combust","Body Slam"],"picked":"Hemokinesis","floor":1.0},{"not_picked":["Sever Soul","Pommel Strike"],"picked":"Infernal Blade","floor":5.0},{"not_picked":["Body Slam","Perfected Strike"],"picked":"Impervious","floor":7},{"not_picked":["Dual Wield","Wild Strike","Infernal Blade"],"picked":"SKIP","floor":8},{"not_picked":["Dual Wield","Twin Strike"],"picked":"Body Slam","floor":10},{"not_picked":["Clash","Rupture"],"picked":"Barricade","floor":12}],"player_experience":938600,"relics_obtained":[{"floor":7,"key":"Gremlin Horn"},{"floor":9,"key":"Anchor"},{"floor":10,"key":"Orichalcum"},{"floor":14,"key":"Molten Egg 2"}],"event_choices":[{"damage_healed":0.0,"max_hp_gain":5.0,"max_hp_loss":0.0,"gold_gain":0.0,"event_name":"Big Fish","player_choice":"Donut","floor":2.0,"gold_loss":0.0,"damage_taken":0.0},{"damage_healed":0.0,"max_hp_gain":0.0,"max_hp_loss":0.0,"gold_gain":0.0,"event_name":"Golden Idol","player_choice":"Take Damage","floor":3.0,"gold_loss":0.0,"damage_taken":28.0,"relics_obtained":["Golden Idol"]},{"damage_healed":0.0,"max_hp_gain":0.0,"max_hp_loss":0.0,"gold_gain":0.0,"event_name":"Scrap Ooze","player_choice":"Success","floor":4.0,"gold_loss":0.0,"damage_taken":26.0,"relics_obtained":["Pear"]},{"damage_healed":0,"gold_gain":0,"player_choice":"Grow","damage_taken":0,"max_hp_gain":0,"max_hp_loss":0,"event_name":"Living Wall","floor":13,"gold_loss":0,"cards_upgraded":["Barricade"]}],"is_beta":false,"boss_relics":[],"items_purged_floors":[],"is_endless":false,"potions_floor_spawned":[1,5,8],"killed_by":"Slime Boss","ascension_level":19}