{"gold_per_floor":[17,29,40,53,53,53,73,73,73,73,73,100,162,191,191,289,289,304,314,324,343,360,394,394,429,429,449,449,466,476,501,501,606,606,618,61,61,74,90,90,110,144,144,175,201,219,233,260,260,260,260,260,4,33,33],"floor_reached":55,"playtime":3947,"items_purged":["Defend_B"],"score":1175,"play_id":"e8493fd8-680c-4560-beb0-63444d7649d7","local_time":"20190210211015","is_ascension_mode":true,"campfire_choices":[{"data":"Doom and Gloom","floor":6.0,"key":"SMITH"},{"data":"Dualcast","floor":8.0,"key":"SMITH"},{"data":"Chill","floor":10.0,"key":"SMITH"},{"floor":15.0,"key":"REST"},{"floor":24.0,"key":"DIG"},{"floor":28.0,"key":"DIG"},{"floor":32.0,"key":"DIG"},{"floor":40.0,"key":"DIG"},{"floor":49.0,"key":"RECALL"},{"floor":52.0,"key":"REST"}],"neow_cost":"NO_GOLD","seed_source_timestamp":0,"circlet_count":0,"master_deck":["AscendersBane","Strike_B+1","Strike_B","Strike_B","Defend_B","Defend_B","Defend_B","Zap+1","Dualcast+1","Doom and Gloom+1","Steam","Chill+1","BootSequence","BootSequence+1","Leap+1","All For One","Hologram+1","Glacier+1","Double Energy+1","Sweeping Beam+1","Hologram+1","Rainbow+1","Chill+1","Chill+1","Creative AI+1","Electrodynamics+1","Defragment+1","Mayhem+1","Melter+1","FTL+1","Loop+1","Buffer+1","Loop+1","Glacier+1"],"special_seed":0,"relics":["Cracked Core","Dodecahedron","Toxic Egg 2","Happy Flower","Shovel","Runic Pyramid","Molten Egg 2","Ancient Tea Set","Dream Catcher","Art of War","Meat on the Bone","Frozen Egg 2","Vajra","Inserter","PreservedInsect","Tiny Chest","Bottled Flame","Smiling Mask","Juzu Bracelet","Omamori","Prayer Wheel","Mummified Hand","FossilizedHelix"],"potions_floor_usage":[55,55],"damage_taken":[{"damage":1.0,"enemies":"Cultist","floor":1.0,"turns":3.0},{"damage":0.0,"enemies":"Small Slimes","floor":2.0,"turns":3.0},{"damage":6.0,"enemies":"Jaw Worm","floor":3.0,"turns":4.0},{"damage":21.0,"enemies":"Large Slime","floor":4.0,"turns":7.0},{"damage":0.0,"enemies":"Looter","floor":7.0,"turns":3.0},{"damage":7.0,"enemies":"Lagavulin","floor":12.0,"turns":5.0},{"damage":18.0,"enemies":"Gremlin Nob","floor":14.0,"turns":4.0},{"damage":7.0,"enemies":"The Guardian","floor":16.0,"turns":10.0},{"damage":0.0,"enemies":"Chosen","floor":18.0,"turns":6.0},{"damage":1.0,"enemies":"Spheric Guardian","floor":19.0,"turns":5.0},{"damage":3.0,"enemies":"Cultist and Chosen","floor":20.0,"turns":8.0},{"damage":0.0,"enemies":"Centurion and Healer","floor":21.0,"turns":6.0},{"damage":1.0,"enemies":"Snake Plant","floor":22.0,"turns":5.0},{"damage":20.0,"enemies":"Slavers","floor":23.0,"turns":6.0},{"damage":8.0,"enemies":"Book of Stabbing","floor":25.0,"turns":7.0},{"damage":1.0,"enemies":"Snecko","floor":27.0,"turns":6.0},{"damage":0.0,"enemies":"Centurion and Healer","floor":29.0,"turns":7.0},{"damage":10.0,"enemies":"Snake Plant","floor":30.0,"turns":6.0},{"damage":4.0,"enemies":"Gremlin Leader","floor":31.0,"turns":10.0},{"damage":3.0,"enemies":"Collector","floor":33.0,"turns":17.0},{"damage":0.0,"enemies":"Orb Walker","floor":35.0,"turns":5.0},{"damage":0.0,"enemies":"3 Darklings","floor":38.0,"turns":3.0},{"damage":0.0,"enemies":"Jaw Worm Horde","floor":39.0,"turns":4.0},{"damage":0.0,"enemies":"Maw","floor":41.0,"turns":7.0},{"damage":1.0,"enemies":"Nemesis","floor":42.0,"turns":9.0},{"damage":20.0,"enemies":"Giant Head","floor":44.0,"turns":7.0},{"damage":0.0,"enemies":"3 Darklings","floor":46.0,"turns":2.0},{"damage":0.0,"enemies":"Transient","floor":47.0,"turns":5.0},{"damage":6.0,"enemies":"Nemesis","floor":48.0,"turns":7.0},{"damage":30.0,"enemies":"Donu and Deca","floor":50.0,"turns":9.0},{"damage":29.0,"enemies":"Shield and Spear","floor":54.0,"turns":7.0},{"damage":63,"enemies":"The Heart","floor":55,"turns":9}],"seed_played":"-683433897342256792","potions_obtained":[{"floor":2.0,"key":"Poison Potion"},{"floor":7.0,"key":"Fire Potion"},{"floor":14.0,"key":"Weak Potion"},{"floor":16.0,"key":"FocusPotion"},{"floor":19.0,"key":"Energy Potion"},{"floor":23.0,"key":"Poison Potion"},{"floor":30.0,"key":"SmokeBomb"},{"floor":33.0,"key":"LiquidBronze"},{"floor":38.0,"key":"Swift Potion"},{"floor":47.0,"key":"PowerPotion"}],"is_trial":false,"path_per_floor":["M","M","M","M","?","R","M","R","T","R","T","E","?","E","R","B",null,"M","M","M","M","M","E","R","E","T","M","R","M","M","E","R","B",null,"M","$","?","M","M","R","M","E","T","E","T","M","M","E","R","B",null,"R","$","E","B"],"character_chosen":"DEFECT","items_purchased":["PreservedInsect","Tiny Chest","Mayhem+1","Melter+1","Mummified Hand"],"campfire_rested":2,"item_purchase_floors":[36,36,36,36,53],"current_hp_per_floor":[81,81,75,54,36,36,36,36,36,36,36,29,29,11,37,30,74,74,73,70,70,69,49,49,41,41,40,40,52,54,50,50,47,79,79,79,79,79,79,79,79,78,78,58,58,58,58,52,52,34,75,89,89,60,0],"gold":33,"neow_bonus":"TWENTY_PERCENT_HP_BONUS","is_prod":false,"is_daily":false,"chose_seed":false,"campfire_upgraded":3,"win_rate":0,"timestamp":1549829415,"path_taken":["M","?","M","M","?","R","M","R","T","R","?","E","?","E","R","BOSS","M","M","M","M","M","E","R","E","T","M","R","M","M","E","R","BOSS","M","$","?","M","M","R","?","E","T","E","?","M","M","E","R","BOSS","R","$","E","BOSS"],"build_version":"2019-01-23","purchased_purges":1,"victory":false,"max_hp_per_floor":[89,89,89,89,89,89,89,89,89,89,89,89,89,89,89,89,89,89,89,89,89,89,89,89,89,89,89,89,89,89,89,89,89,89,89,89,89,89,89,89,89,89,89,89,89,89,89,89,89,89,89,89,89,89,89],"card_choices":[{"not_picked":["Sweeping Beam","Recycle"],"picked":"Doom and Gloom","floor":1.0},{"not_picked":["Beam Cell","Gash"],"picked":"Steam","floor":2.0},{"not_picked":["Turbo","Rebound"],"picked":"Chill","floor":3.0},{"not_picked":["Amplify","Beam Cell","Streamline"],"picked":"SKIP","floor":4.0},{"not_picked":["Hello World","Streamline"],"picked":"BootSequence","floor":7.0},{"not_picked":["Aggregate+1","Steam+1"],"picked":"BootSequence+1","floor":12.0},{"not_picked":["Rebound","Auto Shields+1"],"picked":"Leap+1","floor":14.0},{"not_picked":["Thunder Strike","Amplify+1"],"picked":"All For One","floor":16.0},{"not_picked":["Cold Snap","Go for the Eyes"],"picked":"Hologram+1","floor":18.0},{"not_picked":["Heatsinks","Reinforced Body+1"],"picked":"Glacier+1","floor":19.0},{"not_picked":["Ball Lightning","Skim+1"],"picked":"Double Energy+1","floor":20.0},{"not_picked":["Steam Power+1","Compile Driver"],"picked":"Sweeping Beam+1","floor":21.0},{"not_picked":["Ball Lightning","Cold Snap+1"],"picked":"Hologram+1","floor":22.0},{"not_picked":["Static Discharge+1","Sweeping Beam+1"],"picked":"Rainbow+1","floor":23.0},{"not_picked":["Compile Driver+1","Auto Shields+1","Heatsinks"],"picked":"SKIP","floor":25.0},{"not_picked":["Sweeping Beam+1","Coolheaded+1"],"picked":"Chill+1","floor":27.0},{"not_picked":["Cold Snap+1","Compile Driver+1","Rebound+1"],"picked":"SKIP","floor":29.0},{"not_picked":["Reprogram+1","Rebound+1"],"picked":"Chill+1","floor":30.0},{"not_picked":["Streamline+1","Recycle+1"],"picked":"Creative AI","floor":31.0},{"not_picked":["Meteor Strike+1","Hyperbeam+1"],"picked":"Electrodynamics+1","floor":33.0},{"not_picked":["Rebound+1","Scrape+1"],"picked":"Defragment+1","floor":35.0},{"not_picked":["Redo+1","Leap+1"],"picked":"FTL+1","floor":38.0},{"not_picked":["Turbo+1","Chill+1"],"picked":"Loop+1","floor":39.0},{"not_picked":["Compile Driver+1","Steam+1","Streamline+1"],"picked":"SKIP","floor":41.0},{"not_picked":["Leap+1","Gash+1","Streamline+1"],"picked":"SKIP","floor":42.0},{"not_picked":["Darkness+1","Doom and Gloom+1"],"picked":"Buffer+1","floor":44.0},{"not_picked":["Sweeping Beam+1","Barrage+1","Heatsinks+1"],"picked":"SKIP","floor":46.0},{"not_picked":["Steam+1","Coolheaded+1","Barrage+1"],"picked":"SKIP","floor":47.0},{"not_picked":["Rebound+1","Heatsinks+1","Sweeping Beam+1"],"picked":"SKIP","floor":48.0},{"not_picked":["Steam+1","Self Repair+1"],"picked":"Loop+1","floor":52.0},{"not_picked":["Meteor Strike+1","Stack+1"],"picked":"Glacier+1","floor":54.0}],"player_experience":1027761,"relics_obtained":[{"floor":9.0,"key":"Dodecahedron"},{"floor":11.0,"key":"Toxic Egg 2"},{"floor":12.0,"key":"Happy Flower"},{"floor":14.0,"key":"Shovel"},{"floor":23.0,"key":"Molten Egg 2"},{"floor":24.0,"key":"Ancient Tea Set"},{"floor":25.0,"key":"Dream Catcher"},{"floor":26.0,"key":"Art of War"},{"floor":28.0,"key":"Meat on the Bone"},{"floor":31.0,"key":"Frozen Egg 2"},{"floor":32.0,"key":"Vajra"},{"floor":40.0,"key":"Bottled Flame"},{"floor":42.0,"key":"Smiling Mask"},{"floor":44.0,"key":"Juzu Bracelet"},{"floor":45.0,"key":"Omamori"},{"floor":48.0,"key":"Prayer Wheel"},{"floor":54.0,"key":"FossilizedHelix"}],"event_choices":[{"damage_healed":0.0,"max_hp_gain":0.0,"max_hp_loss":0.0,"gold_gain":0.0,"event_name":"Shining Light","player_choice":"Entered Light","floor":5.0,"gold_loss":0.0,"damage_taken":18.0,"cards_upgraded":["Strike_B","Zap"]},{"damage_healed":0.0,"max_hp_gain":0.0,"max_hp_loss":0.0,"gold_gain":62.0,"event_name":"Golden Wing","player_choice":"Gained Gold","floor":13.0,"gold_loss":0.0,"damage_taken":0.0},{"cards_removed":["Strike_B"],"damage_healed":0.0,"max_hp_gain":0.0,"max_hp_loss":0.0,"gold_gain":0.0,"event_name":"Wheel of Change","player_choice":"Card Removal","floor":37.0,"gold_loss":0.0,"damage_taken":0.0}],"is_beta":false,"boss_relics":[{"not_picked":["Black Star","Coffee Dripper"],"picked":"Runic Pyramid"},{"not_picked":["Velvet Choker","Nuclear Battery"],"picked":"Inserter"}],"items_purged_floors":[36],"is_endless":false,"potions_floor_spawned":[2,7,14,16,19,21,22,23,30,33,38,39,41,47],"killed_by":"The Heart","ascension_level":10}