{"gold_per_floor":[114,114,114,114,38,38,38,38,113,129,161,175,209,224,224,323,323,338,338,338,116,135,135,155,155,181,194,204,214,8,24,24,124,124,143,143,153,153,14,14,27,27,52,52,78,124,139,150,150,150,150,150,0,25,25],"floor_reached":55,"playtime":3883,"items_purged":["Strike_G","Strike_G","Strike_G"],"score":682,"play_id":"ac668fef-f273-479b-95db-e01dace06106","local_time":"20190101144006","is_ascension_mode":false,"campfire_choices":[{"data":"Survivor","floor":6.0,"key":"SMITH"},{"data":"Accuracy","floor":8.0,"key":"SMITH"},{"data":"Cloak And Dagger","floor":15.0,"key":"SMITH"},{"data":"Leg Sweep","floor":23.0,"key":"SMITH"},{"data":"Corpse Explosion","floor":25.0,"key":"SMITH"},{"data":"Predator","floor":32.0,"key":"SMITH"},{"floor":40.0,"key":"RECALL"},{"data":"Noxious Fumes","floor":42.0,"key":"SMITH"},{"floor":49,"key":"REST"},{"data":"Adrenaline","floor":52,"key":"SMITH"}],"neow_cost":"NONE","seed_source_timestamp":0,"circlet_count":0,"master_deck":["Defend_G","Defend_G","Defend_G","Defend_G","Defend_G","Strike_G+1","Survivor+1","Neutralize+1","Infinite Blades","Accuracy+1","Dagger Spray+1","Leg Sweep+1","Predator+1","Cloak And Dagger+1","Adrenaline+1","Accuracy+1","Corpse Explosion+1","Footwork+1","Die Die Die","Noxious Fumes+1","Madness","Madness","Quick Slash+1","Caltrops","Leg Sweep"],"special_seed":0,"relics":["Velvet Choker","Lantern","Bronze Scales","Bottled Lightning","Mummified Hand","WristBlade","Strawberry","Snake Skull","Membership Card","Busted Crown","Molten Egg 2","Tiny Chest","Whetstone","Vajra","Nunchaku","Art of War"],"potions_floor_usage":[50,50,54,54,55],"damage_taken":[{"damage":2.0,"enemies":"2 Louse","floor":1.0,"turns":3.0},{"damage":0.0,"enemies":"Small Slimes","floor":10.0,"turns":3.0},{"damage":13.0,"enemies":"3 Sentries","floor":11.0,"turns":7.0},{"damage":0.0,"enemies":"Jaw Worm","floor":12.0,"turns":3.0},{"damage":2.0,"enemies":"Lagavulin","floor":13.0,"turns":6.0},{"damage":5.0,"enemies":"3 Louse","floor":14.0,"turns":3.0},{"damage":14.0,"enemies":"Hexaghost","floor":16.0,"turns":7.0},{"damage":3.0,"enemies":"Spheric Guardian","floor":18.0,"turns":4.0},{"damage":0.0,"enemies":"3 Byrds","floor":22.0,"turns":3.0},{"damage":5.0,"enemies":"Snake Plant","floor":24.0,"turns":4.0},{"damage":2.0,"enemies":"Snecko","floor":27.0,"turns":4.0},{"damage":9.0,"enemies":"Centurion and Healer","floor":28.0,"turns":6.0},{"damage":0.0,"enemies":"Chosen and Byrds","floor":29.0,"turns":3.0},{"damage":3.0,"enemies":"Snecko","floor":31.0,"turns":4.0},{"damage":21.0,"enemies":"Automaton","floor":33.0,"turns":8.0},{"damage":0.0,"enemies":"3 Shapes","floor":35.0,"turns":2.0},{"damage":30.0,"enemies":"3 Darklings","floor":37.0,"turns":4.0},{"damage":0.0,"enemies":"Jaw Worm Horde","floor":41.0,"turns":2.0},{"damage":19.0,"enemies":"2 Orb Walkers","floor":46.0,"turns":3.0},{"damage":6.0,"enemies":"Maw","floor":47.0,"turns":7.0},{"damage":3.0,"enemies":"Sphere and 2 Shapes","floor":48.0,"turns":5.0},{"damage":29,"enemies":"Time Eater","floor":50,"turns":11},{"damage":63,"enemies":"Shield and Spear","floor":54,"turns":5},{"damage":20,"enemies":"The Heart","floor":55,"turns":2}],"seed_played":"7263032896469818992","potions_obtained":[{"floor":1.0,"key":"PowerPotion"},{"floor":10.0,"key":"Strength Potion"},{"floor":11.0,"key":"SteroidPotion"},{"floor":13.0,"key":"Fire Potion"},{"floor":18.0,"key":"Fruit Juice"},{"floor":24.0,"key":"Ancient Potion"},{"floor":29.0,"key":"GhostInAJar"},{"floor":37.0,"key":"PowerPotion"},{"floor":46.0,"key":"SpeedPotion"},{"floor":48.0,"key":"Regen Potion"},{"floor":54,"key":"GhostInAJar"}],"is_trial":false,"path_per_floor":["M","?","?","?","$","R","T","R","T","M","E","M","E","M","R","B",null,"M","?","?","$","M","R","M","R","T","M","M","M","$","M","R","B",null,"M","?","M","?","$","R","M","R","T","?","T","?","M","M","R","B",null,"R","$","E","B"],"character_chosen":"THE_SILENT","items_purchased":["Accuracy","Strawberry","Membership Card","Tiny Chest","Noxious Fumes","Caltrops","Strength Potion","Swift Potion"],"campfire_rested":1,"item_purchase_floors":[5,21,30,39,39,53,53,53],"current_hp_per_floor":[68,65,58,58,58,58,58,58,58,58,45,45,43,38,38,24,70,72,72,72,79,79,79,74,74,74,72,63,63,63,60,60,39,82,82,82,52,52,52,52,52,52,52,42,42,23,17,14,38,24,82,82,82,19,0],"gold":25,"neow_bonus":"BOSS_RELIC","is_prod":false,"is_daily":false,"chose_seed":false,"campfire_upgraded":8,"win_rate":0,"timestamp":1546324806,"path_taken":["M","?","?","?","?","R","?","R","T","M","E","M","E","?","R","BOSS","M","?","?","$","M","R","M","R","T","M","M","?","$","M","R","BOSS","M","?","?","?","$","R","M","R","T","?","?","?","M","M","R","BOSS","R","$","E","BOSS"],"build_version":"2018-12-20","purchased_purges":3,"victory":false,"max_hp_per_floor":[70,70,70,70,70,70,70,70,70,70,70,70,70,70,70,70,70,75,75,75,82,82,82,82,82,82,82,82,82,82,82,82,82,82,82,82,82,82,82,82,82,82,82,82,82,82,82,82,82,82,82,82,82,82,82],"card_choices":[{"not_picked":["Finisher","Acrobatics"],"picked":"Infinite Blades","floor":1.0},{"not_picked":["Skewer","Predator"],"picked":"Dagger Spray","floor":10.0},{"not_picked":["Distraction","Dagger Throw"],"picked":"Leg Sweep","floor":11.0},{"not_picked":["All Out Attack","Flechettes"],"picked":"Predator","floor":12.0},{"not_picked":["Acrobatics","Concentrate","Underhanded Strike"],"picked":"SKIP","floor":13.0},{"not_picked":["Poisoned Stab","Underhanded Strike"],"picked":"Cloak And Dagger","floor":14.0},{"not_picked":["Grand Finale","Night Terror"],"picked":"Adrenaline","floor":16.0},{"not_picked":["Expertise+1","Sucker Punch","Dagger Throw"],"picked":"SKIP","floor":18.0},{"not_picked":["Tactician","Poisoned Stab+1","Prepared"],"picked":"SKIP","floor":22.0},{"not_picked":["Distraction","Poisoned Stab"],"picked":"Corpse Explosion","floor":24.0},{"not_picked":["Prepared+1","Leg Sweep","Dagger Throw+1"],"picked":"SKIP","floor":27.0},{"not_picked":["Underhanded Strike","Outmaneuver"],"picked":"Footwork+1","floor":28.0},{"not_picked":["Distraction","Poisoned Stab","Blade Dance"],"picked":"SKIP","floor":29.0},{"not_picked":["Blade Dance","Reflex","Calculated Gamble"],"picked":"SKIP","floor":31.0},{"not_picked":["Storm of Steel","Grand Finale"],"picked":"Die Die Die","floor":33.0},{"not_picked":["Flying Knee+1"],"picked":"SKIP","floor":35.0},{"not_picked":["Dodge and Roll"],"picked":"SKIP","floor":37.0},{"not_picked":["Sucker Punch+1"],"picked":"SKIP","floor":41.0},{"not_picked":["Leg Sweep"],"picked":"SKIP","floor":47.0},{"not_picked":[],"picked":"Quick Slash+1","floor":48.0},{"not_picked":[],"picked":"Leg Sweep","floor":54}],"player_experience":300795,"relics_obtained":[{"floor":7.0,"key":"Bronze Scales"},{"floor":11.0,"key":"Bottled Lightning"},{"floor":13.0,"key":"Mummified Hand"},{"floor":26.0,"key":"Snake Skull"},{"floor":43.0,"key":"Whetstone"},{"floor":45.0,"key":"Vajra"},{"floor":46.0,"key":"Nunchaku"},{"floor":54,"key":"Art of War"}],"event_choices":[{"damage_healed":0.0,"max_hp_gain":0.0,"max_hp_loss":0.0,"gold_gain":0.0,"event_name":"Scrap Ooze","player_choice":"Success","floor":2.0,"gold_loss":0.0,"damage_taken":3.0,"relics_obtained":["Lantern"]},{"cards_removed":["Strike_G"],"damage_healed":0.0,"max_hp_gain":0.0,"max_hp_loss":0.0,"gold_gain":0.0,"event_name":"Golden Wing","player_choice":"Card Removal","floor":3.0,"gold_loss":0.0,"damage_taken":7.0},{"damage_healed":0.0,"max_hp_gain":0.0,"max_hp_loss":0.0,"gold_gain":0.0,"event_name":"Living Wall","player_choice":"Grow","floor":4.0,"gold_loss":0.0,"damage_taken":0.0,"cards_upgraded":["Neutralize"]},{"damage_healed":0.0,"max_hp_gain":0.0,"max_hp_loss":0.0,"gold_gain":0.0,"event_name":"Ghosts","player_choice":"Ignored","floor":19.0,"gold_loss":0.0,"damage_taken":0.0},{"damage_healed":0.0,"max_hp_gain":0.0,"max_hp_loss":0.0,"gold_gain":0.0,"event_name":"Duplicator","player_choice":"Copied","floor":20.0,"gold_loss":0.0,"damage_taken":0.0,"cards_obtained":["Accuracy"]},{"damage_healed":0.0,"max_hp_gain":0.0,"max_hp_loss":0.0,"gold_gain":0.0,"event_name":"WeMeetAgain","player_choice":"Gave Potion","floor":36.0,"gold_loss":0.0,"damage_taken":0.0,"relics_obtained":["Molten Egg 2"]},{"damage_healed":0.0,"max_hp_gain":0.0,"max_hp_loss":0.0,"gold_gain":0.0,"event_name":"SensoryStone","player_choice":"Memory 1","floor":38.0,"gold_loss":0.0,"damage_taken":0.0},{"damage_healed":0.0,"max_hp_gain":0.0,"max_hp_loss":0.0,"gold_gain":0.0,"event_name":"Winding Halls","player_choice":"Embrace Madness","floor":44.0,"gold_loss":0.0,"damage_taken":10.0,"cards_obtained":["Madness","Madness"]},{"damage_healed":0.0,"max_hp_gain":0.0,"max_hp_loss":0.0,"gold_gain":0.0,"event_name":"Mysterious Sphere","player_choice":"Fight","floor":46.0,"gold_loss":0.0,"damage_taken":0.0}],"is_beta":false,"boss_relics":[{"not_picked":["Tiny House","Black Star"],"picked":"WristBlade"},{"not_picked":["Orrery","Fusion Hammer"],"picked":"Busted Crown"}],"items_purged_floors":[21,39,53],"is_endless":false,"potions_floor_spawned":[1,10,11,13,18,24,29,33,37,46,48,54],"killed_by":"The Heart","ascension_level":0}