{"gold_per_floor":[115,115,134,154,154,185,185,212,257,272,287,287,307,65,65,137,137,150,150,168,168,168,168,202,202,202,231,243,290,320,350,362,453,465,489,501,525,22,37,37,65,78,78,78,98,98,0,11,11,11],"floor_reached":51,"playtime":3670,"items_purged":["Strike_G","Pain"],"score":1482,"play_id":"9055e686-f7ec-42b2-b8b4-f85f063ca56e","local_time":"20180928050443","is_ascension_mode":true,"campfire_choices":[{"floor":7.0,"key":"REST"},{"data":"Noxious Fumes","floor":12.0,"key":"SMITH"},{"data":"Neutralize","floor":15.0,"key":"SMITH"},{"data":"Prepared","floor":23.0,"key":"SMITH"},{"data":"Infinite Blades","floor":25.0,"key":"SMITH"},{"floor":32,"key":"REST"},{"floor":40,"key":"REST"},{"floor":44,"key":"REST"},{"data":"Finisher","floor":46,"key":"SMITH"},{"floor":49,"key":"REST"}],"neow_cost":"NONE","seed_source_timestamp":0,"circlet_count":0,"master_deck":["Defend_G","Defend_G","Defend_G","Defend_G","Strike_G","Strike_G+1","Survivor","Neutralize+1","AscendersBane","Cloak And Dagger+1","Infinite Blades+1","Prepared+1","Dagger Throw","Noxious Fumes+1","PiercingWail","Blade Dance+1","Choke+1","Cloak And Dagger+1","Finisher+1","Footwork","Writhe","Outmaneuver+1"],"special_seed":0,"relics":["Ring of the Serpent","NeowsBlessing","Dead Branch","Tingsha","Regal Pillow","Potion Belt","Bronze Scales","Astrolabe","WarpedTongs","Paper Crane","Singing Bowl","MawBank","MutagenicStrength","Snake Skull","Membership Card","Bird Faced Urn","Pen Nib","Sundial","Red Mask"],"potions_floor_usage":[30,33,33,37,37,39,39,41,41,41,45,48,50,50],"damage_taken":[{"damage":0.0,"enemies":"Cultist","floor":1.0,"turns":1.0},{"damage":0.0,"enemies":"Small Slimes","floor":3.0,"turns":1.0},{"damage":0.0,"enemies":"Jaw Worm","floor":4.0,"turns":1.0},{"damage":21.0,"enemies":"Lagavulin","floor":6.0,"turns":7.0},{"damage":14.0,"enemies":"Gremlin Nob","floor":8.0,"turns":4.0},{"damage":0.0,"enemies":"Blue Slaver","floor":10.0,"turns":4.0},{"damage":4.0,"enemies":"Large Slime","floor":11.0,"turns":5.0},{"damage":0.0,"enemies":"Gremlin Gang","floor":13.0,"turns":4.0},{"damage":10.0,"enemies":"Hexaghost","floor":16.0,"turns":8.0},{"damage":0.0,"enemies":"Shell Parasite","floor":18.0,"turns":2.0},{"damage":24.0,"enemies":"2 Thieves","floor":20.0,"turns":3.0},{"damage":20.0,"enemies":"Slavers","floor":24.0,"turns":3.0},{"damage":3,"enemies":"Gremlin Leader","floor":27,"turns":8},{"damage":13,"enemies":"Book of Stabbing","floor":29,"turns":5},{"damage":16,"enemies":"Cultist and Chosen","floor":30,"turns":5},{"damage":29,"enemies":"Shelled Parasite and Fungi","floor":31,"turns":3},{"damage":22,"enemies":"Champ","floor":33,"turns":9},{"damage":11,"enemies":"3 Darklings","floor":35,"turns":5},{"damage":6,"enemies":"3 Shapes","floor":37,"turns":5},{"damage":49,"enemies":"Spire Growth","floor":39,"turns":5},{"damage":54,"enemies":"Giant Head","floor":41,"turns":8},{"damage":33,"enemies":"3 Darklings","floor":42,"turns":6},{"damage":1,"enemies":"4 Shapes","floor":45,"turns":5},{"damage":10,"enemies":"Maw","floor":48,"turns":7},{"damage":113,"enemies":"Awakened One","floor":50,"turns":13}],"seed_played":"3692449179909426880","potions_obtained":[{"floor":1.0,"key":"Ancient Potion"},{"floor":6.0,"key":"Poison Potion"},{"floor":11.0,"key":"SpeedPotion"},{"floor":13.0,"key":"GamblersBrew"},{"floor":20.0,"key":"SneckoOil"},{"floor":27,"key":"GamblersBrew"},{"floor":30,"key":"FairyPotion"},{"floor":31,"key":"Poison Potion"},{"floor":33,"key":"Fire Potion"},{"floor":35,"key":"Explosive Potion"},{"floor":41,"key":"Dexterity Potion"},{"floor":42,"key":"SkillPotion"},{"floor":45,"key":"Weak Potion"}],"is_trial":false,"path_per_floor":["M","T","M","M","?","E","R","E","T","M","M","R","M","$","R","B",null,"M","?","M","?","?","R","E","R","T","E","?","E","M","M","R","B",null,"M","?","M","$","M","R","E","M","T","R","M","R","?","M","R","B"],"character_chosen":"THE_SILENT","items_purchased":["Bronze Scales","Membership Card","Bird Faced Urn","EssenceOfSteel","SkillPotion"],"campfire_rested":5,"item_purchase_floors":[14,38,38,38,38],"current_hp_per_floor":[59,59,59,59,39,18,37,23,23,23,19,19,19,19,19,9,52,52,34,10,81,81,81,61,61,61,60,60,49,35,8,49,29,76,67,86,82,82,41,85,39,16,16,61,64,64,64,64,103,8],"gold":11,"neow_bonus":"THREE_ENEMY_KILL","is_prod":false,"is_daily":false,"chose_seed":false,"campfire_upgraded":5,"win_rate":0,"timestamp":1538103883,"path_taken":["M","?","?","M","?","E","R","E","T","M","M","R","?","$","R","BOSS","M","?","?","?","?","R","E","R","T","E","?","E","M","M","R","BOSS","M","?","M","$","M","R","E","M","T","R","M","R","?","?","R","BOSS"],"build_version":"2018-09-27","purchased_purges":2,"victory":true,"max_hp_per_floor":[66,66,66,66,66,66,66,66,66,66,66,66,66,66,66,66,66,66,71,71,81,81,81,81,81,81,83,83,85,87,89,89,91,91,93,93,95,95,97,97,99,101,101,101,103,103,103,103,103,103],"card_choices":[{"not_picked":["Poisoned Stab","Acrobatics"],"picked":"Cloak And Dagger","floor":1.0},{"not_picked":["Masterful Stab","Eviscerate"],"picked":"Infinite Blades","floor":3.0},{"not_picked":["Acrobatics","Setup","Bouncing Flask"],"picked":"SKIP","floor":4.0},{"not_picked":["Predator","Poisoned Stab"],"picked":"Prepared","floor":6.0},{"not_picked":["Dodge and Roll","Skewer"],"picked":"Dagger Throw","floor":8.0},{"not_picked":["Well Laid Plans","Underhanded Strike"],"picked":"Noxious Fumes","floor":10.0},{"not_picked":["Riddle With Holes","Deflect"],"picked":"PiercingWail","floor":11.0},{"not_picked":["Bane","Outmaneuver","Deflect"],"picked":"SKIP","floor":13.0},{"not_picked":["Envenom","Venomology"],"picked":"Burst","floor":16.0},{"not_picked":["Slice","Sucker Punch"],"picked":"Finisher","floor":18.0},{"not_picked":["Crippling Poison","Infinite Blades"],"picked":"Footwork","floor":20.0},{"not_picked":["Acrobatics","Heel Hook","Blur"],"picked":"SKIP","floor":24.0},{"not_picked":["Calculated Gamble+1","Blade Dance","Poisoned Stab"],"picked":"Singing Bowl","floor":27},{"not_picked":["Quick Slash","Deflect","Glass Knife"],"picked":"Singing Bowl","floor":29},{"not_picked":["Heel Hook","Cloak And Dagger+1","Reflex"],"picked":"Singing Bowl","floor":30},{"not_picked":["Quick Slash","Skewer","Calculated Gamble"],"picked":"Singing Bowl","floor":31},{"not_picked":["Night Terror","Bullet Time","Envenom"],"picked":"Singing Bowl","floor":33},{"not_picked":["Accuracy","Cloak And Dagger","Poisoned Stab+1"],"picked":"Singing Bowl","floor":35},{"not_picked":["All Out Attack+1","Prepared","Accuracy"],"picked":"Singing Bowl","floor":37},{"not_picked":["Sucker Punch","Bane","PiercingWail"],"picked":"Singing Bowl","floor":39},{"not_picked":["Caltrops","Well Laid Plans+1","Accuracy"],"picked":"Singing Bowl","floor":41},{"not_picked":["Deflect+1","Deadly Poison","Prepared"],"picked":"Singing Bowl","floor":42},{"not_picked":["Skewer+1","Deadly Poison","Cloak And Dagger+1"],"picked":"Singing Bowl","floor":45},{"not_picked":["Accuracy","Deadly Poison"],"picked":"Outmaneuver+1","floor":48}],"player_experience":771212,"relics_obtained":[{"floor":2.0,"key":"Dead Branch"},{"floor":6.0,"key":"Tingsha"},{"floor":8.0,"key":"Regal Pillow"},{"floor":9.0,"key":"Potion Belt"},{"floor":24.0,"key":"Paper Crane"},{"floor":26.0,"key":"Singing Bowl"},{"floor":27,"key":"MawBank"},{"floor":29,"key":"Snake Skull"},{"floor":41,"key":"Pen Nib"},{"floor":43,"key":"Sundial"}],"event_choices":[{"event_name":"Shining Light","player_choice":"Entered Light","floor":5.0,"damage_taken":0.0},{"event_name":"Forgotten Altar","player_choice":"Shed Blood","floor":19.0,"damage_taken":0.0},{"event_name":"Bonfire Elementals","player_choice":"RARE","floor":21.0,"damage_taken":0.0},{"event_name":"Accursed Blacksmith","player_choice":"Rummage","floor":22.0,"damage_taken":0.0},{"event_name":"Drug Dealer","player_choice":"Inject Mutagens","floor":28,"damage_taken":0},{"event_name":"Winding Halls","player_choice":"Writhe","floor":36,"damage_taken":0},{"event_name":"Tomb of Lord Red Mask","player_choice":"Paid","floor":47,"damage_taken":0}],"is_beta":false,"boss_relics":[{"not_picked":["Runic Dome","Fusion Hammer"],"picked":"Astrolabe"},{"not_picked":["Coffee Dripper","Orrery"],"picked":"Ring of the Serpent"}],"items_purged_floors":[14,38],"is_endless":false,"potions_floor_spawned":[1,6,11,13,20,27,30,31,33,35,41,42,45],"ascension_level":17}