{"gold_per_floor":[217,217,24,24,42,42,18,53,79,114,124,124,159,177,177,252,252,270,270,286,286,247,247,247,276,276,21,21],"floor_reached":28,"playtime":2633,"items_purged":[],"score":428,"play_id":"84b83569-d142-4f84-9cd2-3d229eaadd68","local_time":"20190304221759","is_ascension_mode":true,"campfire_choices":[{"floor":6,"key":"REST"},{"floor":12,"key":"REST"},{"floor":15,"key":"REST"},{"floor":23,"key":"REST"}],"neow_cost":"NONE","seed_source_timestamp":1557477494579791,"circlet_count":0,"master_deck":["AscendersBane","Defend_G","Defend_G","Defend_G","Defend_G","Defend_G","Strike_G","Strike_G+1","Strike_G","Strike_G+1","Strike_G+1","Survivor","Neutralize","Heel Hook","Sucker Punch+1","Dagger Spray","Dash","Backflip","Malaise","Cloak And Dagger","Leg Sweep","Caltrops","Well Laid Plans"],"relics":["Ring of the Snake","Whetstone","Sundial","PreservedInsect","Paper Crane","Blue Candle","WristBlade","NlothsMask","Shovel","Matryoshka"],"potions_floor_usage":[5,16,16,25],"damage_taken":[{"damage":6,"enemies":"Cultist","floor":1,"turns":5},{"damage":4,"enemies":"Jaw Worm","floor":5,"turns":3},{"damage":12,"enemies":"Gremlin Nob","floor":8,"turns":4},{"damage":20,"enemies":"Lagavulin","floor":10,"turns":5},{"damage":0,"enemies":"2 Louse","floor":11,"turns":2},{"damage":17,"enemies":"Gremlin Nob","floor":13,"turns":4},{"damage":8,"enemies":"Red Slaver","floor":14,"turns":5},{"damage":20,"enemies":"The Guardian","floor":16,"turns":17},{"damage":4,"enemies":"Shell Parasite","floor":18,"turns":8},{"damage":16,"enemies":"Spheric Guardian","floor":20,"turns":4},{"damage":49,"enemies":"Slavers","floor":25,"turns":6},{"damage":26,"enemies":"Gremlin Leader","floor":28,"turns":7}],"seed_played":"3725216013477186294","potions_obtained":[{"floor":1,"key":"GhostInAJar"},{"floor":5,"key":"Fruit Juice"},{"floor":10,"key":"Regen Potion"},{"floor":18,"key":"FairyPotion"},{"floor":20,"key":"GamblersBrew"}],"is_trial":false,"path_per_floor":["M","?","$","?","M","R","$","E","T","E","M","R","E","M","R","B",null,"M","?","M","?","$","R","?","E","T","$","E"],"character_chosen":"THE_SILENT","items_purchased":["Sucker Punch","Whetstone","Dagger Spray","Caltrops","Matryoshka"],"campfire_rested":4,"item_purchase_floors":[3,3,7,22,27],"current_hp_per_floor":[53,40,40,40,41,62,62,50,50,30,30,51,34,26,47,42,64,60,60,44,44,44,65,65,16,16,16,0],"gold":21,"neow_bonus":"HUNDRED_GOLD","is_prod":false,"is_daily":false,"chose_seed":false,"campfire_upgraded":0,"win_rate":0,"timestamp":1551755879,"path_taken":["M","?","$","?","M","R","?","E","T","E","M","R","E","M","R","BOSS","M","?","?","?","$","R","?","E","T","$","E"],"build_version":"2019-01-23","purchased_purges":0,"victory":false,"max_hp_per_floor":[66,66,66,66,71,71,71,71,71,71,71,71,71,71,71,71,71,71,71,71,71,71,71,71,71,71,71,71],"card_choices":[{"not_picked":["Distraction","Blur"],"picked":"Heel Hook","floor":1},{"not_picked":["Catalyst","Underhanded Strike","Reflex"],"picked":"SKIP","floor":5},{"not_picked":["Accuracy","Bane","Flying Knee"],"picked":"SKIP","floor":8},{"not_picked":["Reflex","Underhanded Strike"],"picked":"Dash","floor":10},{"not_picked":["Masterful Stab","Slice","Accuracy"],"picked":"SKIP","floor":11},{"not_picked":["Reflex","Venomology","Catalyst"],"picked":"SKIP","floor":13},{"not_picked":["Heel Hook","Prepared"],"picked":"Backflip","floor":14},{"not_picked":["Grand Finale","Burst"],"picked":"Malaise","floor":16},{"not_picked":["Flying Knee","Poisoned Stab"],"picked":"Cloak And Dagger","floor":18},{"not_picked":["Bane","Reflex"],"picked":"Leg Sweep","floor":20},{"not_picked":["Noxious Fumes","Terror"],"picked":"Well Laid Plans","floor":25}],"player_experience":600237,"relics_obtained":[{"floor":8,"key":"Sundial"},{"floor":9,"key":"PreservedInsect"},{"floor":10,"key":"Paper Crane"},{"floor":13,"key":"Blue Candle"},{"floor":25,"key":"Shovel"}],"event_choices":[{"damage_healed":0,"gold_gain":0,"player_choice":"Entered Light","damage_taken":13,"max_hp_gain":0,"max_hp_loss":0,"event_name":"Shining Light","floor":2,"gold_loss":0,"cards_upgraded":["Strike_G","Strike_G"]},{"damage_healed":0,"gold_gain":0,"player_choice":"Ignored","damage_taken":0,"max_hp_gain":0,"max_hp_loss":0,"event_name":"Liars Game","floor":4,"gold_loss":0},{"damage_healed":0,"gold_gain":0,"player_choice":"Trade","damage_taken":0,"relics_obtained":["NlothsMask"],"max_hp_gain":0,"max_hp_loss":0,"event_name":"FaceTrader","floor":19,"gold_loss":0},{"damage_healed":0,"gold_gain":0,"player_choice":"Ignored","damage_taken":0,"max_hp_gain":0,"max_hp_loss":0,"event_name":"Ghosts","floor":21,"gold_loss":0},{"damage_healed":0,"gold_gain":0,"player_choice":"Ignored","damage_taken":0,"max_hp_gain":0,"max_hp_loss":0,"event_name":"Vampires","floor":24,"gold_loss":0}],"is_beta":false,"boss_relics":[{"not_picked":["Coffee Dripper","Runic Pyramid"],"picked":"WristBlade"}],"items_purged_floors":[],"is_endless":false,"potions_floor_spawned":[1,5,10,11,14,18,20],"killed_by":"Gremlin Leader","ascension_level":14}