{"gold_per_floor":[11,11,11,11,61,61,72,72,72,72,101,170,183,214,214,214],"floor_reached":16,"playtime":536,"items_purged":[],"score":201,"play_id":"7fb5ebe4-1433-4156-bed7-57db2008bfb0","local_time":"20181003110733","is_ascension_mode":true,"campfire_choices":[{"data":"Recycle","floor":6,"key":"SMITH"},{"data":"Fusion","floor":8,"key":"SMITH"},{"data":"Zap","floor":10,"key":"SMITH"},{"floor":15,"key":"REST"}],"neow_cost":"NO_GOLD","seed_source_timestamp":390010655451642,"circlet_count":0,"master_deck":["Strike_B","Strike_B","Defend_B","Defend_B","Defend_B","Zap+1","Dualcast","AscendersBane","Recycle+1","Heatsinks","Streamline","Conserve Battery","Fusion+1","Storm","Sunder","Steam"],"special_seed":0,"relics":["Cracked Core","Unceasing Top","Bottled Tornado","Ginger","Shuriken"],"potions_floor_usage":[11,14],"damage_taken":[{"damage":4.0,"enemies":"Small Slimes","floor":1.0,"turns":5.0},{"damage":0,"enemies":"2 Louse","floor":7,"turns":2},{"damage":40,"enemies":"3 Sentries","floor":11,"turns":10},{"damage":1,"enemies":"Cultist","floor":13,"turns":4},{"damage":4,"enemies":"Lagavulin","floor":14,"turns":6},{"damage":25,"enemies":"Hexaghost","floor":16,"turns":9}],"seed_played":"3050111623200855619","potions_obtained":[{"floor":7,"key":"EssenceOfSteel"},{"floor":11,"key":"EssenceOfSteel"}],"is_trial":false,"path_per_floor":["M","?","$","?","?","R","M","R","T","R","E","?","M","E","R"],"character_chosen":"DEFECT","items_purchased":[],"campfire_rested":1,"item_purchase_floors":[],"current_hp_per_floor":[60,60,60,55,48,48,48,48,48,48,8,8,7,3,24,0],"gold":214,"neow_bonus":"TRANSFORM_TWO_CARDS","is_prod":false,"is_daily":false,"chose_seed":false,"campfire_upgraded":3,"win_rate":0,"timestamp":1538557653,"path_taken":["M","?","$","?","?","R","M","R","T","R","E","?","?","E","R","BOSS"],"build_version":"2018-09-27","purchased_purges":0,"victory":false,"max_hp_per_floor":[71,71,71,71,71,71,71,71,71,71,71,71,71,71,71,71],"card_choices":[{"not_picked":["Stack","Chaos"],"picked":"Streamline","floor":1.0},{"not_picked":["Genetic Algorithm","Redo"],"picked":"Fusion","floor":7},{"not_picked":["Steam Power","Redo"],"picked":"Storm","floor":11},{"not_picked":["Darkness","Hello World"],"picked":"Sunder","floor":13},{"not_picked":["Redo","Cold Snap"],"picked":"Steam","floor":14}],"player_experience":803154,"relics_obtained":[{"floor":9,"key":"Bottled Tornado"},{"floor":11,"key":"Ginger"},{"floor":14,"key":"Shuriken"}],"event_choices":[{"event_name":"Living Wall","player_choice":"Change","floor":2.0,"damage_taken":0.0},{"event_name":"Scrap Ooze","player_choice":"success","floor":4.0,"damage_taken":5.0},{"event_name":"FaceTrader","player_choice":"Touch","floor":5,"damage_taken":0},{"event_name":"Golden Wing","player_choice":"Gained Gold","floor":12,"damage_taken":0}],"is_beta":false,"boss_relics":[],"items_purged_floors":[],"is_endless":false,"potions_floor_spawned":[7,11],"killed_by":"Hexaghost","ascension_level":18}