{"gold_per_floor":[17,117,117,137,151,180,196,196,243,255,290,215,215,115,115,218,218,231,181,181,181,56,56,89,89,89,107,118,118,131,131,131,131],"floor_reached":33,"playtime":1695,"items_purged":["Strike_R","Defend_R","Defend_R"],"score":287,"play_id":"e2fd644a-5044-44ca-9e75-0dd60b341ab8","local_time":"20180719000351","is_ascension_mode":true,"campfire_choices":[{"data":"Whirlwind","floor":8,"key":"SMITH"},{"data":"Defend_R","floor":13,"key":"SMITH"},{"floor":15,"key":"REST"},{"data":"Searing Blow+1","floor":23,"key":"SMITH"},{"data":"Searing Blow+2","floor":25,"key":"SMITH"},{"floor":32,"key":"REST"}],"neow_cost":"NO_GOLD","seed_source_timestamp":38247001313355,"circlet_count":0,"master_deck":["Bash+1","Whirlwind+1","Limit Break+1","Rage+1","Searing Blow+3","Fire Breathing+1"],"relics":["Burning Blood","Question Card","Red Skull","Orichalcum","Astrolabe","Enchiridion","Frozen Egg 2","Pear","Du-Vu Doll"],"potions_floor_usage":[6,16,16],"damage_taken":[{"damage":4,"enemies":"Cultist","floor":1,"turns":4},{"damage":1,"enemies":"2 Louse","floor":4,"turns":3},{"damage":5,"enemies":"Small Slimes","floor":5,"turns":5},{"damage":28,"enemies":"Gremlin Nob","floor":6,"turns":4},{"damage":9,"enemies":"Red Slaver","floor":7,"turns":8},{"damage":0,"enemies":"2 Fungi Beasts","floor":10,"turns":1},{"damage":9,"enemies":"3 Sentries","floor":11,"turns":3},{"damage":73,"enemies":"The Guardian","floor":16,"turns":17},{"damage":0,"enemies":"3 Byrds","floor":18,"turns":3},{"damage":20,"enemies":"Gremlin Leader","floor":24,"turns":7},{"damage":9,"enemies":"2 Thieves","floor":27,"turns":3},{"damage":22,"enemies":"Centurion and Healer","floor":28,"turns":5},{"damage":26,"enemies":"Slaver and Parasite","floor":30,"turns":5},{"damage":76,"enemies":"Automaton","floor":33,"turns":6}],"seed_played":"-5539074297980335165","potions_obtained":[{"floor":1,"key":"PowerPotion"},{"floor":6,"key":"Weak Potion"},{"floor":10,"key":"PowerPotion"},{"floor":24,"key":"FearPotion"},{"floor":27,"key":"Swift Potion"}],"is_trial":false,"path_per_floor":["M","?","?","M","M","E","M","R","T","M","E","$","R","$","R","B",null,"M","?","?","T","$","R","E","R","T","M","M","$","M","?","R"],"character_chosen":"IRONCLAD","items_purchased":[],"campfire_rested":2,"item_purchase_floors":[],"current_hp_per_floor":[80,80,80,80,80,58,55,55,55,61,58,58,58,58,80,13,80,80,80,64,64,64,64,60,60,60,57,41,41,21,21,48,0],"gold":131,"neow_bonus":"REMOVE_TWO","is_prod":false,"is_daily":false,"chose_seed":false,"campfire_upgraded":4,"win_rate":0,"timestamp":1531973031,"path_taken":["M","?","?","?","M","E","M","R","T","M","E","$","R","?","R","BOSS","M","?","?","?","$","R","E","R","T","?","M","$","M","?","R","BOSS"],"build_version":"2018-07-12","purchased_purges":3,"victory":false,"max_hp_per_floor":[80,80,80,80,80,80,80,80,80,80,80,80,80,80,80,80,80,80,80,80,80,80,80,90,90,90,90,90,90,90,90,90,90],"card_choices":[{"not_picked":["Pummel","Evolve","Flex"],"picked":"SKIP","floor":1},{"not_picked":["Clash","Heavy Blade","Twin Strike"],"picked":"SKIP","floor":4},{"not_picked":["Heavy Blade","Shrug It Off","Perfected Strike"],"picked":"SKIP","floor":5},{"not_picked":["Twin Strike","Clash","Shrug It Off"],"picked":"SKIP","floor":6},{"not_picked":["Thunderclap","Hemokinesis","Heavy Blade"],"picked":"Whirlwind","floor":7},{"not_picked":["Infernal Blade","Searing Blow","Metallicize","Limit Break"],"picked":"SKIP","floor":10},{"not_picked":["Pummel","Wild Strike","Rupture","Second Wind"],"picked":"SKIP","floor":11},{"not_picked":["Sword Boomerang","Battle Trance","True Grit+1","Sever Soul"],"picked":"SKIP","floor":18},{"not_picked":["Rage","Heavy Blade","Thunderclap","Limit Break"],"picked":"SKIP","floor":24},{"not_picked":["Headbutt","Whirlwind","Rampage","Thunderclap+1"],"picked":"SKIP","floor":27},{"not_picked":["Anger","Bloodletting","Rupture+1","Sword Boomerang"],"picked":"SKIP","floor":28},{"not_picked":["Thunderclap+1","Headbutt","Reckless Charge","Seeing Red+1"],"picked":"SKIP","floor":30}],"player_experience":125396,"relics_obtained":[{"floor":6,"key":"Question Card"},{"floor":9,"key":"Red Skull"},{"floor":11,"key":"Orichalcum"},{"floor":20,"key":"Enchiridion"},{"floor":21,"key":"Frozen Egg 2"},{"floor":24,"key":"Pear"},{"floor":26,"key":"Du-Vu Doll"}],"event_choices":[{"event_name":"Golden Shrine","player_choice":"Pray","floor":2,"damage_taken":0},{"event_name":"Upgrade Shrine","player_choice":"Upgraded","floor":3,"damage_taken":0},{"event_name":"The Joust","player_choice":"Bet on Murderer","floor":19,"damage_taken":0},{"event_name":"Cursed Tome","player_choice":"Obtained Book","floor":20,"damage_taken":0},{"event_name":"Transmorgrifier","player_choice":"Transform","floor":31,"damage_taken":0}],"boss_relics":[{"not_picked":["Fusion Hammer","Cursed Key"],"picked":"Astrolabe"}],"items_purged_floors":[12,14,22],"is_endless":false,"potions_floor_spawned":[1,6,10,24,27],"killed_by":"Automaton","ascension_level":1}