{"gold_per_floor":[111,111,111,34,34,34,60,75,98,118,118,118,138,172,172,246,246,263,275,275,285,285,285,317,317,317,330,356,39,39,39,39,116,116,128,128,0,0,18,18,53,53,53,85,85,114,130,130,130,130],"floor_reached":50,"playtime":2231,"items_purged":["Strike_G+1"],"score":1554,"play_id":"9a9cd2d5-a641-4bf1-97d7-bd3b4a162f37","local_time":"20190203024230","is_ascension_mode":true,"campfire_choices":[{"data":"Backstab","floor":6.0,"key":"SMITH"},{"data":"Cloak And Dagger","floor":11.0,"key":"SMITH"},{"data":"Neutralize","floor":15.0,"key":"SMITH"},{"data":"Blade Dance","floor":23.0,"key":"SMITH"},{"data":"Adrenaline","floor":25.0,"key":"SMITH"},{"data":"Noxious Fumes","floor":30.0,"key":"SMITH"},{"data":"Deadly Poison","floor":32.0,"key":"SMITH"},{"data":"1","floor":40.0,"key":"LIFT"},{"floor":42.0,"key":"REST"},{"floor":45.0,"key":"REST"},{"floor":49.0,"key":"REST"}],"neow_cost":"NONE","seed_source_timestamp":0,"circlet_count":0,"master_deck":["AscendersBane","Defend_G+1","Defend_G+1","Defend_G+1","Defend_G+1","Strike_G+1","Strike_G+1","Strike_G+1","Survivor+1","Neutralize+1","Backstab+1","Masterful Stab+1","Backflip","Cloak And Dagger+1","Dagger Throw","Adrenaline+1","Blade Dance+1","Well Laid Plans","Deadly Poison+1","Noxious Fumes+1","After Image","Dash","Deadly Poison"],"special_seed":0,"relics":["Ring of the Snake","NeowsBlessing","Pen Nib","Juzu Bracelet","Boot","Empty Cage","Kunai","Girya","Peace Pipe","Lantern","Busted Crown","Blue Candle","Red Mask","Frozen Egg 2","Pantograph","Orichalcum","Question Card"],"potions_floor_usage":[50],"damage_taken":[{"damage":0.0,"enemies":"Cultist","floor":1.0,"turns":1.0},{"damage":0.0,"enemies":"Lagavulin","floor":7.0,"turns":1.0},{"damage":0.0,"enemies":"2 Louse","floor":8.0,"turns":1.0},{"damage":0.0,"enemies":"Jaw Worm","floor":10.0,"turns":2.0},{"damage":0.0,"enemies":"2 Fungi Beasts","floor":13.0,"turns":2.0},{"damage":0.0,"enemies":"Gremlin Nob","floor":14.0,"turns":3.0},{"damage":0.0,"enemies":"Slime Boss","floor":16.0,"turns":3.0},{"damage":10.0,"enemies":"Shell Parasite","floor":18.0,"turns":5.0},{"damage":0.0,"enemies":"3 Byrds","floor":19.0,"turns":4.0},{"damage":3.0,"enemies":"Centurion and Healer","floor":21.0,"turns":4.0},{"damage":15.0,"enemies":"Slavers","floor":24.0,"turns":6.0},{"damage":0.0,"enemies":"3 Cultists","floor":27.0,"turns":5.0},{"damage":0.0,"enemies":"Book of Stabbing","floor":28.0,"turns":5.0},{"damage":0.0,"enemies":"Champ","floor":33.0,"turns":15.0},{"damage":8.0,"enemies":"3 Shapes","floor":35.0,"turns":4.0},{"damage":7.0,"enemies":"3 Darklings","floor":39.0,"turns":4.0},{"damage":37.0,"enemies":"Giant Head","floor":41.0,"turns":9.0},{"damage":16.0,"enemies":"Reptomancer","floor":44.0,"turns":11.0},{"damage":5.0,"enemies":"Giant Head","floor":46.0,"turns":10.0},{"damage":0.0,"enemies":"4 Shapes","floor":47.0,"turns":6.0},{"damage":0.0,"enemies":"Reptomancer","floor":48.0,"turns":2.0},{"damage":67,"enemies":"Awakened One","floor":50,"turns":11}],"seed_played":"-5179678271404400494","potions_obtained":[{"floor":1.0,"key":"SkillPotion"},{"floor":20.0,"key":"SneckoOil"},{"floor":20.0,"key":"FearPotion"},{"floor":21.0,"key":"SpeedPotion"},{"floor":27.0,"key":"Dexterity Potion"},{"floor":39.0,"key":"Regen Potion"},{"floor":46.0,"key":"SmokeBomb"},{"floor":47.0,"key":"SkillPotion"}],"is_trial":false,"path_per_floor":["M","?","?","$","?","R","E","M","T","M","R","?","M","E","R","B",null,"M","M","?","M","?","R","E","R","T","M","E","$","R","?","R","B",null,"M","T","?","?","M","R","E","R","T","E","R","E","M","E","R","B"],"character_chosen":"THE_SILENT","items_purchased":["Masterful Stab","Noxious Fumes","Lantern"],"campfire_rested":3,"item_purchase_floors":[4,29,29],"current_hp_per_floor":[59,39,61,61,61,61,61,61,61,61,61,61,61,61,61,61,65,55,55,55,52,52,52,37,37,37,37,37,37,37,31,31,31,57,49,49,49,49,42,42,20,38,38,22,40,35,35,35,53,0],"gold":130,"neow_bonus":"THREE_ENEMY_KILL","is_prod":false,"is_daily":false,"chose_seed":false,"campfire_upgraded":7,"win_rate":0,"timestamp":1549158150,"path_taken":["M","?","?","$","?","R","E","M","T","M","R","?","M","E","R","BOSS","M","M","?","M","?","R","E","R","T","M","E","$","R","?","R","BOSS","M","?","?","?","M","R","E","R","T","E","R","E","M","E","R","BOSS"],"build_version":"2019-01-23","purchased_purges":1,"victory":false,"max_hp_per_floor":[66,66,66,66,66,66,66,66,66,66,66,66,66,66,66,66,66,66,66,66,66,66,66,66,66,66,66,66,66,66,66,66,66,66,66,66,66,63,63,63,63,63,63,63,63,63,63,63,63,63],"card_choices":[{"not_picked":["Reflex","Eviscerate"],"picked":"Backstab","floor":1.0},{"not_picked":["Blade Dance","Dodge and Roll"],"picked":"Backflip","floor":7.0},{"not_picked":["Poisoned Stab","Deadly Poison"],"picked":"Cloak And Dagger","floor":8.0},{"not_picked":["Flechettes","Sucker Punch","Quick Slash"],"picked":"SKIP","floor":10.0},{"not_picked":["PiercingWail","Prepared"],"picked":"Dagger Throw","floor":13.0},{"not_picked":["Underhanded Strike","Grand Finale","Acrobatics"],"picked":"SKIP","floor":14.0},{"not_picked":["Glass Knife","Envenom"],"picked":"Adrenaline","floor":16.0},{"not_picked":["Deadly Poison","Dagger Spray"],"picked":"Blade Dance","floor":18.0},{"not_picked":["Backflip","Catalyst","Dagger Throw"],"picked":"SKIP","floor":19.0},{"not_picked":["Blade Dance","Dodge and Roll"],"picked":"Well Laid Plans","floor":21.0},{"not_picked":["Masterful Stab","Predator","Tools of the Trade"],"picked":"SKIP","floor":24.0},{"not_picked":["Dagger Spray","Quick Slash","Deflect"],"picked":"SKIP","floor":27.0},{"not_picked":["Caltrops","Leg Sweep"],"picked":"Deadly Poison","floor":28.0},{"not_picked":["Bullet Time","Tools of the Trade"],"picked":"After Image","floor":33.0},{"not_picked":["Quick Slash"],"picked":"SKIP","floor":35.0},{"not_picked":[],"picked":"Dash","floor":39.0},{"not_picked":["Setup"],"picked":"SKIP","floor":41.0},{"not_picked":["Accuracy+1"],"picked":"SKIP","floor":44.0},{"not_picked":["Sucker Punch"],"picked":"SKIP","floor":46.0},{"not_picked":["Acrobatics"],"picked":"Deadly Poison","floor":47.0}],"player_experience":982920,"relics_obtained":[{"floor":7.0,"key":"Pen Nib"},{"floor":9.0,"key":"Juzu Bracelet"},{"floor":14.0,"key":"Boot"},{"floor":24.0,"key":"Kunai"},{"floor":26.0,"key":"Girya"},{"floor":28.0,"key":"Peace Pipe"},{"floor":36.0,"key":"Blue Candle"},{"floor":41.0,"key":"Frozen Egg 2"},{"floor":43.0,"key":"Pantograph"},{"floor":44.0,"key":"Orichalcum"},{"floor":46.0,"key":"Question Card"}],"event_choices":[{"damage_healed":0.0,"max_hp_gain":0.0,"max_hp_loss":0.0,"gold_gain":0.0,"event_name":"Shining Light","player_choice":"Entered Light","floor":2.0,"gold_loss":0.0,"damage_taken":20.0,"cards_upgraded":["Defend_G","Survivor"]},{"damage_healed":22.0,"max_hp_gain":0.0,"max_hp_loss":0.0,"gold_gain":0.0,"event_name":"Big Fish","player_choice":"Banana","floor":3.0,"gold_loss":0.0,"damage_taken":0.0},{"damage_healed":0.0,"max_hp_gain":0.0,"max_hp_loss":0.0,"gold_gain":0.0,"event_name":"The Cleric","player_choice":"Leave","floor":5.0,"gold_loss":0.0,"damage_taken":0.0},{"damage_healed":0.0,"max_hp_gain":0.0,"max_hp_loss":0.0,"gold_gain":0.0,"event_name":"Living Wall","player_choice":"Grow","floor":12.0,"gold_loss":0.0,"damage_taken":0.0,"cards_upgraded":["Masterful Stab"]},{"damage_healed":0.0,"max_hp_gain":0.0,"max_hp_loss":0.0,"gold_gain":0.0,"event_name":"Lab","player_choice":"Got Potions","floor":20.0,"gold_loss":0.0,"damage_taken":0.0},{"damage_healed":0.0,"max_hp_gain":0.0,"max_hp_loss":0.0,"gold_gain":0.0,"event_name":"Back to Basics","player_choice":"Simplicity","floor":22.0,"gold_loss":0.0,"damage_taken":0.0,"cards_upgraded":["Defend_G","Defend_G","Defend_G","Strike_G","Strike_G","Strike_G","Strike_G"]},{"damage_healed":0.0,"max_hp_gain":0.0,"max_hp_loss":0.0,"gold_gain":0.0,"event_name":"Knowing Skull","player_choice":"","floor":31.0,"potions_obtained":[],"gold_loss":0.0,"damage_taken":6.0,"cards_obtained":[]},{"damage_healed":0.0,"max_hp_gain":0.0,"max_hp_loss":0.0,"gold_gain":0.0,"event_name":"Tomb of Lord Red Mask","player_choice":"Paid","floor":37.0,"gold_loss":128.0,"damage_taken":0.0,"relics_obtained":["Red Mask"]},{"damage_healed":0.0,"max_hp_gain":0.0,"max_hp_loss":3.0,"gold_gain":0.0,"event_name":"Winding Halls","player_choice":"Max HP","floor":38.0,"gold_loss":0.0,"damage_taken":0.0}],"is_beta":false,"boss_relics":[{"not_picked":["Philosopher\u0027s Stone","Lizard Tail"],"picked":"Empty Cage"},{"not_picked":["Ring of the Serpent","Astrolabe"],"picked":"Busted Crown"}],"items_purged_floors":[29],"is_endless":false,"potions_floor_spawned":[1,21,27,39,46,47],"killed_by":"Awakened One","ascension_level":20}