{"gold_per_floor":[111,61,61,76,89,89,115,134,134,134,166,75,107,107,107,212,212,223,249,261,290,318,361,373,397,409,421,462,488,527,539,551,563],"floor_reached":33,"playtime":1133,"items_purged":[],"score":373,"play_id":"cbd925b2-2640-4311-af09-6adee5d60d32","local_time":"20180923112041","is_ascension_mode":false,"campfire_choices":[{"data":"Infinite Blades","floor":6,"key":"SMITH"},{"data":"Sucker Punch","floor":10,"key":"SMITH"},{"data":"Terror","floor":15,"key":"SMITH"},{"floor":24,"key":"REST"},{"data":"Skewer","floor":27,"key":"SMITH"},{"floor":32,"key":"REST"}],"neow_cost":"","seed_source_timestamp":138409418201570,"circlet_count":0,"master_deck":["Defend_G","Defend_G","Defend_G","Defend_G","Strike_G","Strike_G","Strike_G+1","Survivor","Neutralize","Backstab+1","Infinite Blades+1","Slice","Sucker Punch+1","Endless Agony","Terror+1","A Thousand Cuts+1","Choke+1","Skewer+1","Quick Slash","Escape Plan+1","Dodge and Roll+1","Quick Slash"],"relics":["Ring of the Snake","Ancient Tea Set","Dream Catcher","Frozen Egg 2","Omamori","Blood Vial","Eternal Feather","MawBank","Enchiridion","Smiling Mask","Bottled Lightning","Orichalcum","Potion Belt"],"potions_floor_usage":[7,11,18,21,22,33],"damage_taken":[{"damage":0,"enemies":"Jaw Worm","floor":1,"turns":5},{"damage":0,"enemies":"2 Louse","floor":4,"turns":1},{"damage":0,"enemies":"Small Slimes","floor":5,"turns":3},{"damage":0,"enemies":"Gremlin Nob","floor":7,"turns":3},{"damage":1,"enemies":"Blue Slaver","floor":8,"turns":2},{"damage":0,"enemies":"3 Sentries","floor":11,"turns":6},{"damage":6,"enemies":"Gremlin Nob","floor":13,"turns":4},{"damage":20,"enemies":"Hexaghost","floor":16,"turns":9},{"damage":5,"enemies":"Shell Parasite","floor":18,"turns":5},{"damage":0,"enemies":"2 Thieves","floor":21,"turns":4},{"damage":5,"enemies":"Centurion and Healer","floor":22,"turns":5},{"damage":41,"enemies":"Book of Stabbing","floor":23,"turns":5},{"damage":18,"enemies":"Shelled Parasite and Fungi","floor":25,"turns":4},{"damage":19,"enemies":"Slavers","floor":28,"turns":5},{"damage":9,"enemies":"Snake Plant","floor":29,"turns":3},{"damage":21,"enemies":"Book of Stabbing","floor":30,"turns":6},{"damage":38,"enemies":"Collector","floor":33,"turns":6}],"seed_played":"-5916644095844251258","potions_obtained":[{"floor":1,"key":"EssenceOfSteel"},{"floor":5,"key":"Poison Potion"},{"floor":13,"key":"Weak Potion"},{"floor":16,"key":"SpeedPotion"},{"floor":18,"key":"Block Potion"},{"floor":29,"key":"FairyPotion"},{"floor":30,"key":"LiquidBronze"}],"is_trial":false,"path_per_floor":["M","?","?","M","M","R","E","M","T","R","E","?","E","?","R","B",null,"M","T","?","M","M","E","R","M","T","R","E","M","E","?","R"],"character_chosen":"THE_SILENT","items_purchased":[],"campfire_rested":2,"item_purchase_floors":[],"current_hp_per_floor":[70,70,56,56,56,56,56,55,55,55,55,55,49,49,49,31,70,65,65,49,51,48,9,42,26,26,38,21,14,3,3,36,0],"gold":563,"neow_bonus":"","is_prod":false,"is_daily":false,"chose_seed":false,"campfire_upgraded":4,"win_rate":0,"timestamp":1537694441,"path_taken":["M","?","?","M","?","R","E","M","T","R","E","?","E","?","R","BOSS","M","?","?","M","M","E","R","?","T","R","E","M","E","?","R","BOSS"],"build_version":"2018-09-20","purchased_purges":0,"victory":false,"max_hp_per_floor":[70,70,70,70,70,70,70,70,70,70,70,70,70,70,70,70,70,70,70,70,70,70,70,70,70,70,70,70,70,70,70,70,70],"card_choices":[{"not_picked":["Dagger Spray","Deflect"],"picked":"Backstab","floor":1},{"not_picked":["Masterful Stab","Dodge and Roll"],"picked":"Infinite Blades","floor":4},{"not_picked":["Acrobatics","Catalyst"],"picked":"Slice","floor":5},{"not_picked":["Eviscerate","Bouncing Flask"],"picked":"Sucker Punch","floor":7},{"not_picked":["Blade Dance","Crippling Poison","Slice"],"picked":"SKIP","floor":8},{"not_picked":["Caltrops","Calculated Gamble"],"picked":"Endless Agony","floor":11},{"not_picked":["Dodge and Roll","Acrobatics"],"picked":"Terror","floor":13},{"not_picked":["Venomology","Unload"],"picked":"A Thousand Cuts+1","floor":16},{"not_picked":["Poisoned Stab","Deadly Poison"],"picked":"Choke+1","floor":18},{"not_picked":["Catalyst","Accuracy+1"],"picked":"Skewer","floor":21},{"not_picked":["Noxious Fumes+1","Poisoned Stab"],"picked":"Quick Slash","floor":22},{"not_picked":["Sucker Punch+1","Dodge and Roll"],"picked":"Escape Plan+1","floor":23},{"not_picked":["Choke","Quick Slash"],"picked":"Dodge and Roll+1","floor":24},{"not_picked":["Flying Knee","Underhanded Strike+1","Choke"],"picked":"SKIP","floor":25},{"not_picked":["Sucker Punch","Expertise","Bane"],"picked":"SKIP","floor":28},{"not_picked":["Underhanded Strike","Quick Slash","Prepared"],"picked":"SKIP","floor":29},{"not_picked":["Bullet Time","Dodge and Roll","Accuracy+1"],"picked":"SKIP","floor":30}],"player_experience":756480,"relics_obtained":[{"floor":7,"key":"Ancient Tea Set"},{"floor":9,"key":"Dream Catcher"},{"floor":11,"key":"Frozen Egg 2"},{"floor":13,"key":"Blood Vial"},{"floor":19,"key":"MawBank"},{"floor":20,"key":"Enchiridion"},{"floor":23,"key":"Smiling Mask"},{"floor":26,"key":"Bottled Lightning"},{"floor":28,"key":"Orichalcum"},{"floor":30,"key":"Potion Belt"}],"event_choices":[{"event_name":"The Cleric","player_choice":"Card Removal","floor":2,"damage_taken":0},{"event_name":"Shining Light","player_choice":"Entered Light","floor":3,"damage_taken":0},{"event_name":"WeMeetAgain","player_choice":"Gold","floor":12,"damage_taken":0},{"event_name":"Living Wall","player_choice":"Forget","floor":14,"damage_taken":0},{"event_name":"Cursed Tome","player_choice":"Obtained Book","floor":20,"damage_taken":0},{"event_name":"Transmorgrifier","player_choice":"Transform","floor":31,"damage_taken":0}],"is_beta":false,"boss_relics":[{"not_picked":["Lizard Tail","Snecko Eye"],"picked":"Eternal Feather"}],"items_purged_floors":[],"is_endless":false,"potions_floor_spawned":[1,5,13,16,18,29,30],"killed_by":"Collector","ascension_level":0}