{"gold_per_floor":[364,364,439,452,470,470,484,261,261,211,226,37,37,53,53,153,153,170,170,190,190,201,201,201,201,226,242,259,259,269,289,289,388,388,400,370,370,99,109,109,120,151,205,205],"floor_reached":44,"playtime":2739,"items_purged":["Strike_R","Defend_R","Second Wind+1"],"score":543,"play_id":"3b59bcf9-7380-4435-be84-34f3e24f65b1","local_time":"20180806234223","is_ascension_mode":true,"campfire_choices":[{"data":"Bash","floor":6,"key":"SMITH"},{"data":"Madness","floor":13,"key":"SMITH"},{"floor":15,"key":"REST"},{"data":"Metallicize","floor":23,"key":"SMITH"},{"data":"Shrug It Off","floor":25,"key":"SMITH"},{"data":"Clash","floor":29,"key":"SMITH"},{"floor":32,"key":"REST"},{"floor":40,"key":"REST"}],"neow_cost":"FIFTY_PERCENT_DAMAGE","seed_source_timestamp":18735095960783,"circlet_count":0,"master_deck":["Bash+1","Shrug It Off+1","Clash+1","Metallicize+1","Madness+1","Fiend Fire+1","Immolate+1","Corruption+1","Berserk+1","Bite+1","Bite+1","Bite+1","Bite+1","Bite+1","RitualDagger+1","Entrench+1"],"relics":["Burning Blood","Kunai","Molten Egg 2","Astrolabe","Art of War","Busted Crown","War Paint","Matryoshka","Bag of Marbles","Orichalcum"],"potions_floor_usage":[22,31,31,33,33,39,42],"damage_taken":[{"damage":0,"enemies":"2 Louse","floor":1,"turns":2},{"damage":0,"enemies":"Cultist","floor":4,"turns":3},{"damage":1,"enemies":"Jaw Worm","floor":5,"turns":4},{"damage":2,"enemies":"Gremlin Gang","floor":7,"turns":8},{"damage":0,"enemies":"Red Slaver","floor":11,"turns":6},{"damage":4,"enemies":"3 Louse","floor":14,"turns":4},{"damage":27,"enemies":"Slime Boss","floor":16,"turns":8},{"damage":16,"enemies":"3 Byrds","floor":18,"turns":4},{"damage":19,"enemies":"Spheric Guardian","floor":20,"turns":4},{"damage":26,"enemies":"Snecko","floor":22,"turns":5},{"damage":24,"enemies":"Snake Plant","floor":27,"turns":5},{"damage":18,"enemies":"3 Cultists","floor":28,"turns":5},{"damage":47,"enemies":"Slaver and Parasite","floor":30,"turns":6},{"damage":26,"enemies":"Chosen and Byrds","floor":31,"turns":5},{"damage":102,"enemies":"Automaton","floor":33,"turns":12},{"damage":31,"enemies":"3 Darklings","floor":35,"turns":4},{"damage":15,"enemies":"Orb Walker","floor":39,"turns":3},{"damage":34,"enemies":"4 Shapes","floor":41,"turns":3},{"damage":99,"enemies":"Nemesis","floor":42,"turns":9},{"damage":20,"enemies":"Maw","floor":44,"turns":2}],"seed_played":"-7007190411925875591","potions_obtained":[{"floor":1,"key":"SkillPotion"},{"floor":4,"key":"BloodPotion"},{"floor":7,"key":"Block Potion"},{"floor":27,"key":"Fire Potion"},{"floor":31,"key":"PowerPotion"},{"floor":33,"key":"Strength Potion"},{"floor":36,"key":"Weak Potion"},{"floor":36,"key":"FairyPotion"},{"floor":39,"key":"Dexterity Potion"}],"is_trial":false,"path_per_floor":["M","?","?","M","M","R","M","$","T","?","M","$","R","M","R","B",null,"M","?","M","?","M","R","?","R","T","M","M","R","M","M","R","B",null,"M","?","?","$","M","R","M","E","T"],"character_chosen":"IRONCLAD","items_purchased":["Blood Vial","Madness","War Paint"],"campfire_rested":3,"item_purchase_floors":[8,12,38],"current_hp_per_floor":[46,39,31,37,42,42,46,46,46,46,54,54,54,58,80,59,80,70,70,59,59,57,57,51,51,51,51,51,51,37,40,64,24,80,70,70,70,70,73,80,58,14,14,0],"gold":205,"neow_bonus":"TWO_FIFTY_GOLD","is_prod":false,"is_daily":false,"chose_seed":false,"campfire_upgraded":5,"win_rate":0,"timestamp":1533613343,"path_taken":["M","?","?","M","M","R","M","$","T","?","?","?","R","?","R","BOSS","M","?","M","?","M","R","?","R","T","M","M","R","?","M","R","BOSS","M","?","?","$","M","R","M","E","T","M"],"build_version":"2018-08-02","purchased_purges":3,"victory":false,"max_hp_per_floor":[80,80,80,80,80,80,80,80,80,80,80,80,80,80,80,80,80,80,80,80,80,80,80,80,80,80,80,80,80,80,80,80,80,80,80,80,80,80,80,80,80,80,80,80],"card_choices":[{"not_picked":["Corruption","Anger"],"picked":"Shrug It Off","floor":1},{"not_picked":["Perfected Strike","Second Wind"],"picked":"Clash","floor":4},{"not_picked":["Perfected Strike","Clash"],"picked":"Metallicize","floor":5},{"not_picked":["Perfected Strike","Body Slam","Clash"],"picked":"SKIP","floor":7},{"not_picked":["Body Slam+1","Shrug It Off","Anger+1"],"picked":"SKIP","floor":11},{"not_picked":["Thunderclap+1","Cleave+1"],"picked":"Fiend Fire+1","floor":14},{"not_picked":["Limit Break","Brutality"],"picked":"Immolate+1","floor":16},{"not_picked":["Headbutt+1","Body Slam+1","Cleave+1"],"picked":"SKIP","floor":18},{"not_picked":["Intimidate","Clothesline+1","Uppercut+1"],"picked":"SKIP","floor":20},{"not_picked":["Warcry","Clothesline+1","Searing Blow+1"],"picked":"SKIP","floor":22},{"not_picked":["Rampage+1","Wild Strike+1"],"picked":"Entrench","floor":27},{"not_picked":["Cleave+1","Infernal Blade","Headbutt+1"],"picked":"SKIP","floor":28},{"not_picked":["Entrench+1","Bludgeon+1","Body Slam+1"],"picked":"SKIP","floor":30},{"not_picked":["Sentinel","True Grit","Carnage+1"],"picked":"SKIP","floor":31},{"not_picked":["Corruption"],"picked":"SKIP","floor":35},{"not_picked":["True Grit+1"],"picked":"SKIP","floor":39},{"not_picked":["Thunderclap+1"],"picked":"SKIP","floor":41},{"not_picked":["Ghostly Armor+1"],"picked":"SKIP","floor":42}],"player_experience":155433,"relics_obtained":[{"floor":9,"key":"Molten Egg 2"},{"floor":26,"key":"Art of War"},{"floor":42,"key":"Matryoshka"},{"floor":43,"key":"Bag of Marbles"},{"floor":43,"key":"Orichalcum"}],"event_choices":[{"event_name":"Scrap Ooze","player_choice":"success","floor":2,"damage_taken":7},{"event_name":"FaceTrader","player_choice":"Touch","floor":3,"damage_taken":0},{"event_name":"The Cleric","player_choice":"Card Removal","floor":10,"damage_taken":0},{"event_name":"Drug Dealer","player_choice":"Ignored","floor":19,"damage_taken":0},{"event_name":"Vampires","player_choice":"Became a vampire (Vial)","floor":21,"damage_taken":0},{"event_name":"Nest","player_choice":"Joined the Cult","floor":24,"damage_taken":0},{"event_name":"The Woman in Blue","player_choice":"Bought 2 Potions","floor":36,"damage_taken":0},{"event_name":"Tomb of Lord Red Mask","player_choice":"Ignored","floor":37,"damage_taken":0}],"is_beta":false,"boss_relics":[{"not_picked":["Empty Cage","White Beast Statue"],"picked":"Astrolabe"},{"not_picked":["Pandora\u0027s Box","Lizard Tail"],"picked":"Busted Crown"}],"items_purged_floors":[8,12,38],"is_endless":false,"potions_floor_spawned":[1,4,7,27,31,33,39],"killed_by":"Maw","ascension_level":4}