{"gold_per_floor":[113,124,141,161,161,161,194,194,218,218,218,46,46],"floor_reached":13,"playtime":542,"items_purged":["Strike_G"],"score":166,"play_id":"2be526d0-63ff-4e16-933f-0dbfd7ff8cf9","local_time":"20181207220039","is_ascension_mode":true,"campfire_choices":[{"floor":6.0,"key":"REST"},{"data":"Night Terror","floor":8.0,"key":"SMITH"},{"data":"Backstab","floor":11.0,"key":"SMITH"}],"neow_cost":"TEN_PERCENT_HP_LOSS","seed_source_timestamp":0,"circlet_count":0,"master_deck":["AscendersBane","Defend_G","Defend_G","Defend_G","Defend_G+1","Strike_G","Strike_G","Strike_G","Survivor","Neutralize","Concentrate","Leg Sweep+1","Blade Dance","Night Terror+1","All Out Attack","Backstab+1","Cloak And Dagger","Dramatic Entrance"],"special_seed":0,"relics":["Ring of the Snake","Ancient Tea Set","Potion Belt"],"potions_floor_usage":[],"damage_taken":[{"damage":11.0,"enemies":"Cultist","floor":1.0,"turns":7.0},{"damage":8.0,"enemies":"Small Slimes","floor":2.0,"turns":5.0},{"damage":0.0,"enemies":"2 Louse","floor":3.0,"turns":4.0},{"damage":5.0,"enemies":"Blue Slaver","floor":4.0,"turns":5.0},{"damage":14.0,"enemies":"3 Sentries","floor":7.0,"turns":11.0},{"damage":14,"enemies":"Lagavulin","floor":13,"turns":8}],"seed_played":"8203355998887457411","potions_obtained":[{"floor":3.0,"key":"SpeedPotion"},{"floor":4.0,"key":"GamblersBrew"}],"is_trial":false,"path_per_floor":["M","M","M","M","?","R","E","R","T","?","R","$","E"],"character_chosen":"THE_SILENT","items_purchased":["Dramatic Entrance"],"campfire_rested":1,"item_purchase_floors":[12],"current_hp_per_floor":[48,40,40,35,17,35,21,21,21,41,41,41,27],"gold":46,"neow_bonus":"TRANSFORM_TWO_CARDS","is_prod":false,"is_daily":false,"chose_seed":false,"campfire_upgraded":2,"win_rate":0,"timestamp":1544216439,"path_taken":["M","M","M","?","?","R","E","R","T","?","R","$","E"],"build_version":"2018-12-06","purchased_purges":1,"victory":false,"max_hp_per_floor":[60,60,60,60,60,60,60,60,60,60,60,60,60],"card_choices":[{"not_picked":["Dodge and Roll","Choke"],"picked":"Blade Dance","floor":1.0},{"not_picked":["Quick Slash","Accuracy"],"picked":"Night Terror","floor":2.0},{"not_picked":["PiercingWail","Skewer"],"picked":"All Out Attack","floor":3.0},{"not_picked":["Expertise","Escape Plan"],"picked":"Backstab","floor":4.0},{"not_picked":["Deflect","Deadly Poison"],"picked":"Cloak And Dagger","floor":7.0}],"player_experience":883806,"relics_obtained":[{"floor":7.0,"key":"Ancient Tea Set"},{"floor":9.0,"key":"Potion Belt"}],"event_choices":[{"damage_healed":0.0,"max_hp_gain":0.0,"max_hp_loss":0.0,"gold_gain":0.0,"event_name":"Shining Light","player_choice":"Entered Light","floor":5.0,"gold_loss":0.0,"damage_taken":18.0,"cards_upgraded":["Defend_G","Leg Sweep"]},{"damage_healed":20.0,"max_hp_gain":0.0,"max_hp_loss":0.0,"gold_gain":0.0,"event_name":"Big Fish","player_choice":"Banana","floor":10.0,"gold_loss":0.0,"damage_taken":0.0}],"is_beta":false,"boss_relics":[],"items_purged_floors":[12],"is_endless":false,"potions_floor_spawned":[3,4],"killed_by":"Lagavulin","ascension_level":20}