{"gold_per_floor":[109,34,34,34,52,52,69,100,100,100,100,114,114,214,214,214],"floor_reached":16,"playtime":589,"items_purged":["Strike_R"],"score":152,"play_id":"2f8f2504-947b-402e-af02-55e50916f5b9","local_time":"20190307231408","is_ascension_mode":true,"campfire_choices":[{"data":"True Grit","floor":6.0,"key":"SMITH"},{"data":"Feed","floor":10.0,"key":"SMITH"},{"data":"Inflame","floor":13.0,"key":"SMITH"},{"data":"Bash","floor":15,"key":"SMITH"}],"neow_cost":"NONE","seed_source_timestamp":21346651043749,"circlet_count":0,"master_deck":["AscendersBane","Strike_R","Strike_R","Strike_R","Defend_R","Defend_R","Defend_R","Defend_R","Bash+1","Armaments+1","True Grit+1","Feed+1","Inflame+1"],"special_seed":0,"relics":["Burning Blood","Red Skull","Calipers","Charon\u0027s Ashes","Golden Idol"],"potions_floor_usage":[16],"damage_taken":[{"damage":8.0,"enemies":"2 Louse","floor":1.0,"turns":4.0},{"damage":0.0,"enemies":"Small Slimes","floor":5.0,"turns":4.0},{"damage":0.0,"enemies":"Cultist","floor":7.0,"turns":5.0},{"damage":46.0,"enemies":"Gremlin Nob","floor":8.0,"turns":5.0},{"damage":9.0,"enemies":"3 Louse","floor":12.0,"turns":2.0},{"damage":42,"enemies":"Slime Boss","floor":16,"turns":6}],"seed_played":"-399642395111526923","potions_obtained":[{"floor":5.0,"key":"BloodPotion"},{"floor":8.0,"key":"PowerPotion"},{"floor":12.0,"key":"Explosive Potion"}],"is_trial":false,"path_per_floor":["M","$","?","?","M","R","M","E","T","R","?","M","R","?","R","B"],"character_chosen":"IRONCLAD","items_purchased":[],"campfire_rested":0,"item_purchase_floors":[],"current_hp_per_floor":[70,70,63,63,69,69,75,35,35,35,35,32,32,32,32,0],"gold":214,"neow_bonus":"RANDOM_COMMON_RELIC","is_prod":false,"is_daily":false,"chose_seed":false,"campfire_upgraded":4,"win_rate":0,"timestamp":1552018448,"path_taken":["M","$","?","?","?","R","M","E","T","R","?","M","R","?","R","BOSS"],"build_version":"2019-01-23","purchased_purges":1,"victory":false,"max_hp_per_floor":[80,80,80,80,80,80,80,80,80,80,74,74,74,74,74,74],"card_choices":[{"not_picked":["Cleave","Blood for Blood"],"picked":"Armaments","floor":1.0},{"not_picked":["Sever Soul","Sentinel"],"picked":"True Grit","floor":5.0},{"not_picked":["Warcry","Iron Wave","Heavy Blade"],"picked":"SKIP","floor":7.0},{"not_picked":["Warcry","Iron Wave","Heavy Blade"],"picked":"SKIP","floor":7.0},{"not_picked":["Body Slam","Dropkick"],"picked":"Feed","floor":8.0},{"not_picked":["Body Slam","Thunderclap"],"picked":"Inflame","floor":12.0}],"player_experience":334423,"relics_obtained":[{"floor":8.0,"key":"Calipers"},{"floor":9.0,"key":"Charon\u0027s Ashes"}],"event_choices":[{"cards_removed":["Strike_R"],"damage_healed":0.0,"max_hp_gain":0.0,"max_hp_loss":0.0,"gold_gain":0.0,"event_name":"Golden Wing","player_choice":"Card Removal","floor":3.0,"gold_loss":0.0,"damage_taken":7.0},{"damage_healed":0.0,"max_hp_gain":0.0,"max_hp_loss":0.0,"gold_gain":0.0,"event_name":"Accursed Blacksmith","player_choice":"Forge","floor":4.0,"gold_loss":0.0,"damage_taken":0.0,"cards_upgraded":["Armaments"]},{"damage_healed":0.0,"max_hp_gain":0.0,"max_hp_loss":6.0,"gold_gain":0.0,"event_name":"Golden Idol","player_choice":"Lose Max HP","floor":11.0,"gold_loss":0.0,"damage_taken":0.0,"relics_obtained":["Golden Idol"]},{"damage_healed":0.0,"max_hp_gain":0.0,"max_hp_loss":0.0,"gold_gain":100.0,"event_name":"Golden Shrine","player_choice":"Pray","floor":14.0,"gold_loss":0.0,"damage_taken":0.0}],"is_beta":false,"boss_relics":[],"items_purged_floors":[2],"is_endless":false,"potions_floor_spawned":[5,8,12],"killed_by":"Slime Boss","ascension_level":11}