{"gold_per_floor":[109,120,135,146,156,156,183,183,183,183,74,74,108,120,120,220,220,231,231,245,344,344,344,376,376,406,435,12,23,23],"floor_reached":30,"playtime":2961,"items_purged":["Strike_G","Strike_G"],"score":386,"play_id":"b3647c75-1ec1-4d80-bb0f-76fdaaa630ac","local_time":"20190309162322","is_ascension_mode":true,"campfire_choices":[{"data":"After Image","floor":6,"key":"SMITH"},{"floor":8,"key":"REST"},{"data":"Blade Dance","floor":10,"key":"SMITH"},{"data":"Neutralize","floor":15,"key":"SMITH"},{"data":"Malaise","floor":23,"key":"SMITH"},{"floor":25,"key":"REST"}],"neow_cost":"NONE","seed_source_timestamp":255088089035833,"circlet_count":0,"master_deck":["Defend_G","Defend_G","Defend_G","Defend_G","Defend_G","Strike_G","Strike_G","Survivor","Neutralize+1","After Image+1","Prepared","Dagger Throw","Blade Dance+1","Quick Slash","Choke","Cloak And Dagger","Accuracy","Footwork","Dagger Throw+1","Malaise+1","Infinite Blades+1","Prepared+1","Decay","Backflip","Finesse","Underhanded Strike+1"],"relics":["Ring of the Snake","Kunai","Molten Egg 2","Singing Bowl","Cursed Key","Matryoshka","Pear","Strawberry","Tiny Chest","Letter Opener","Darkstone Periapt","Pantograph"],"potions_floor_usage":[7,13,24,27],"damage_taken":[{"damage":0,"enemies":"Cultist","floor":1,"turns":4},{"damage":0,"enemies":"2 Louse","floor":2,"turns":5},{"damage":0,"enemies":"Small Slimes","floor":3,"turns":4},{"damage":28,"enemies":"Exordium Thugs","floor":4,"turns":11},{"damage":0,"enemies":"Large Slime","floor":5,"turns":7},{"damage":22,"enemies":"Gremlin Nob","floor":7,"turns":4},{"damage":7,"enemies":"3 Sentries","floor":13,"turns":9},{"damage":1,"enemies":"Blue Slaver","floor":14,"turns":3},{"damage":26,"enemies":"Hexaghost","floor":16,"turns":13},{"damage":5,"enemies":"Chosen","floor":18,"turns":5},{"damage":5,"enemies":"Spheric Guardian","floor":20,"turns":5},{"damage":50,"enemies":"Gremlin Leader","floor":24,"turns":8},{"damage":16,"enemies":"Slavers","floor":27,"turns":7},{"damage":0,"enemies":"Centurion and Healer","floor":29,"turns":6},{"damage":42,"enemies":"Gremlin Leader","floor":30,"turns":7}],"seed_played":"-380143835451928049","potions_obtained":[{"floor":4,"key":"Swift Potion"},{"floor":5,"key":"SkillPotion"},{"floor":13,"key":"SpeedPotion"},{"floor":14,"key":"Strength Potion"},{"floor":24,"key":"SkillPotion"}],"is_trial":false,"path_per_floor":["M","M","M","M","M","R","E","R","T","R","$","?","E","M","R","B",null,"M","?","M","?","?","R","E","R","T","E","$","M","E"],"character_chosen":"THE_SILENT","items_purchased":["Accuracy","Pantograph","Finesse"],"campfire_rested":2,"item_purchase_floors":[11,28,28],"current_hp_per_floor":[63,63,63,35,35,35,13,34,34,34,34,57,50,49,49,23,58,53,53,48,48,58,58,17,43,43,27,27,27,0],"gold":23,"neow_bonus":"TRANSFORM_CARD","is_prod":false,"is_daily":false,"chose_seed":false,"campfire_upgraded":4,"win_rate":0,"timestamp":1552145002,"path_taken":["M","M","?","M","?","R","E","R","T","R","$","?","E","M","R","BOSS","M","?","?","?","?","R","E","R","T","E","$","M","E"],"build_version":"2019-01-23","purchased_purges":2,"victory":false,"max_hp_per_floor":[70,70,70,70,70,70,70,70,70,70,70,70,70,70,70,70,70,70,70,70,70,80,80,89,89,89,89,89,89,89],"card_choices":[{"not_picked":["Underhanded Strike","Deadly Poison"],"picked":"Prepared","floor":1},{"not_picked":["Flying Knee","Quick Slash"],"picked":"Dagger Throw","floor":2},{"not_picked":["Underhanded Strike","Slice"],"picked":"Blade Dance","floor":3},{"not_picked":["Dagger Spray","Dodge and Roll"],"picked":"Quick Slash","floor":4},{"not_picked":["Underhanded Strike","Heel Hook"],"picked":"Choke","floor":5},{"not_picked":["Flying Knee","Sucker Punch"],"picked":"Cloak And Dagger","floor":7},{"not_picked":["Prepared","Underhanded Strike+1"],"picked":"Footwork","floor":13},{"not_picked":["Predator+1","Wraith Form v2"],"picked":"Dagger Throw+1","floor":14},{"not_picked":["Venomology","Storm of Steel"],"picked":"Malaise","floor":16},{"not_picked":["Flying Knee+1","Acrobatics+1"],"picked":"Infinite Blades+1","floor":18},{"not_picked":["Dodge and Roll+1","Acrobatics"],"picked":"Prepared+1","floor":20},{"not_picked":["Dodge and Roll","Poisoned Stab+1","Masterful Stab+1"],"picked":"Singing Bowl","floor":24},{"not_picked":["Flying Knee+1","Catalyst"],"picked":"Backflip","floor":27},{"not_picked":["Cloak And Dagger","Deflect"],"picked":"Underhanded Strike+1","floor":29}],"player_experience":470517,"relics_obtained":[{"floor":7,"key":"Kunai"},{"floor":9,"key":"Molten Egg 2"},{"floor":13,"key":"Singing Bowl"},{"floor":24,"key":"Strawberry"},{"floor":26,"key":"Tiny Chest"},{"floor":26,"key":"Letter Opener"},{"floor":27,"key":"Darkstone Periapt"}],"event_choices":[{"damage_healed":23,"gold_gain":0,"player_choice":"Banana","damage_taken":0,"max_hp_gain":0,"max_hp_loss":0,"event_name":"Big Fish","floor":12,"gold_loss":0},{"damage_healed":0,"gold_gain":0,"player_choice":"Gave Potion","damage_taken":0,"relics_obtained":["Matryoshka"],"max_hp_gain":0,"max_hp_loss":0,"event_name":"WeMeetAgain","floor":19,"gold_loss":0},{"damage_healed":0,"gold_gain":99,"player_choice":"Stole From Cult","damage_taken":0,"max_hp_gain":0,"max_hp_loss":0,"event_name":"Nest","floor":21,"gold_loss":0},{"damage_healed":0,"gold_gain":0,"player_choice":"Opened","damage_taken":0,"relics_obtained":["Pear"],"max_hp_gain":0,"max_hp_loss":0,"event_name":"The Mausoleum","floor":22,"gold_loss":0}],"is_beta":false,"boss_relics":[{"not_picked":["Eternal Feather","Fusion Hammer"],"picked":"Cursed Key"}],"items_purged_floors":[11,28],"is_endless":false,"potions_floor_spawned":[4,5,13,14,24],"killed_by":"Gremlin Leader","ascension_level":6}