{"gold_per_floor":[116,116,291,10,24,58,84,111,111,1,26,40,40,59,59,161,161,175,193,3,3,18,43,43,43],"floor_reached":25,"playtime":2433,"items_purged":["Doubt"],"score":372,"play_id":"c8496f9f-d316-4d2f-a29b-54df1a25e174","local_time":"20190211171805","is_ascension_mode":true,"campfire_choices":[{"data":"Metallicize","floor":13.0,"key":"SMITH"},{"data":"Bash","floor":15.0,"key":"SMITH"}],"neow_cost":"NONE","seed_source_timestamp":0,"circlet_count":0,"master_deck":["Strike_R","Strike_R","Strike_R","Strike_R","Strike_R","Defend_R+1","Defend_R","Defend_R","Defend_R","Bash+1","Pummel+1","Seeing Red","Headbutt","Seeing Red","Shockwave","Double Tap","Metallicize+1","Reaper","Metallicize","Body Slam","Master of Strategy","Thunderclap","Barricade"],"special_seed":0,"relics":["Burning Blood","NeowsBlessing","Strange Spoon","Meat on the Bone","Anchor","Matryoshka","Omamori","Paper Frog","Blood Vial","Cursed Key","Prayer Wheel"],"potions_floor_usage":[25,25,25],"damage_taken":[{"damage":0.0,"enemies":"Jaw Worm","floor":1.0,"turns":1.0},{"damage":0.0,"enemies":"Small Slimes","floor":5.0,"turns":1.0},{"damage":0.0,"enemies":"Lagavulin","floor":6.0,"turns":1.0},{"damage":26.0,"enemies":"Gremlin Nob","floor":8.0,"turns":5.0},{"damage":34.0,"enemies":"3 Sentries","floor":11.0,"turns":8.0},{"damage":0.0,"enemies":"2 Louse","floor":12.0,"turns":3.0},{"damage":0.0,"enemies":"Blue Slaver","floor":14.0,"turns":3.0},{"damage":46.0,"enemies":"The Guardian","floor":16.0,"turns":15.0},{"damage":3.0,"enemies":"3 Byrds","floor":18.0,"turns":7.0},{"damage":25.0,"enemies":"Shell Parasite","floor":19.0,"turns":5.0},{"damage":0.0,"enemies":"Cultist and Chosen","floor":21.0,"turns":1.0},{"damage":8.0,"enemies":"Centurion and Healer","floor":22.0,"turns":6.0},{"damage":51.0,"enemies":"Gremlin Leader","floor":23.0,"turns":6.0},{"damage":66,"enemies":"Book of Stabbing","floor":25,"turns":7}],"seed_played":"3099111152244335492","potions_obtained":[{"floor":1.0,"key":"EssenceOfSteel"},{"floor":5.0,"key":"Block Potion"},{"floor":12.0,"key":"Regen Potion"},{"floor":14.0,"key":"Fire Potion"},{"floor":16.0,"key":"SmokeBomb"},{"floor":22.0,"key":"SpeedPotion"},{"floor":23.0,"key":"SpeedPotion"}],"is_trial":false,"path_per_floor":["M","?","?","$","M","E","T","E","T","$","E","M","R","M","R","B",null,"M","M","$","M","M","E","$","E"],"character_chosen":"IRONCLAD","items_purchased":["Strange Spoon","Seeing Red","Shockwave","Master of Strategy"],"campfire_rested":0,"item_purchase_floors":[4,4,10,20],"current_hp_per_floor":[78,62,62,62,68,74,74,54,54,54,38,58,58,66,66,40,70,80,61,61,69,76,45,45,0],"gold":43,"neow_bonus":"THREE_ENEMY_KILL","is_prod":false,"is_daily":false,"chose_seed":false,"campfire_upgraded":2,"win_rate":0,"timestamp":1549923485,"path_taken":["M","?","?","$","M","E","?","E","T","$","E","M","R","M","R","BOSS","M","M","$","M","M","E","$","E"],"build_version":"2019-01-23","purchased_purges":1,"victory":false,"max_hp_per_floor":[80,80,80,80,80,80,80,80,80,80,80,80,80,80,80,80,80,80,80,80,80,80,80,80,80],"card_choices":[{"not_picked":["Armaments","Sentinel"],"picked":"Pummel","floor":1.0},{"not_picked":["Reckless Charge","Heavy Blade","True Grit"],"picked":"SKIP","floor":5.0},{"not_picked":["True Grit","Rage"],"picked":"Headbutt","floor":6.0},{"not_picked":["Flex","Heavy Blade"],"picked":"Seeing Red","floor":8.0},{"not_picked":["Warcry","Bloodletting"],"picked":"Double Tap","floor":11.0},{"not_picked":["Shrug It Off","Anger"],"picked":"Metallicize","floor":12.0},{"not_picked":["Heavy Blade","Thunderclap","Iron Wave"],"picked":"SKIP","floor":14.0},{"not_picked":["Dark Embrace","Bludgeon"],"picked":"Reaper","floor":16.0},{"not_picked":["True Grit+1","Rupture"],"picked":"Metallicize","floor":18.0},{"not_picked":["Evolve+1","Sentinel"],"picked":"Body Slam","floor":19.0},{"not_picked":["Rupture","Inflame"],"picked":"Thunderclap","floor":22.0},{"not_picked":["Flame Barrier+1","Second Wind"],"picked":"Barricade","floor":23.0}],"player_experience":400124,"relics_obtained":[{"floor":6.0,"key":"Meat on the Bone"},{"floor":7.0,"key":"Anchor"},{"floor":8.0,"key":"Matryoshka"},{"floor":9.0,"key":"Omamori"},{"floor":9.0,"key":"Paper Frog"},{"floor":11.0,"key":"Blood Vial"},{"floor":23.0,"key":"Prayer Wheel"}],"event_choices":[{"damage_healed":0.0,"max_hp_gain":0.0,"max_hp_loss":0.0,"gold_gain":0.0,"event_name":"Shining Light","player_choice":"Entered Light","floor":2.0,"gold_loss":0.0,"damage_taken":16.0,"cards_upgraded":["Pummel","Defend_R"]},{"damage_healed":0.0,"max_hp_gain":0.0,"max_hp_loss":0.0,"gold_gain":175.0,"event_name":"Liars Game","player_choice":"AGREE","floor":3.0,"gold_loss":0.0,"damage_taken":0.0,"cards_obtained":["Doubt"]}],"is_beta":false,"boss_relics":[{"not_picked":["Pandora\u0027s Box","Sozu"],"picked":"Cursed Key"}],"items_purged_floors":[10],"is_endless":false,"potions_floor_spawned":[1,5,12,14,16,19,21,22,23],"killed_by":"Book of Stabbing","ascension_level":8}