{"gold_per_floor":[116,191,202,219,169,169,180,180,203,203,214,245,245,275,275,371,371,353,353,428,447,372,372,403,403,426,426,351,351,378,388,388,388],"floor_reached":33,"playtime":1968,"items_purged":["Defend_R"],"score":408,"play_id":"8f744c68-debf-484d-8c1b-052e7fe6b4e8","local_time":"20180717164031","daily_mods":["Heirloom","Specialized","Time Dilation","Elite Swarm","Vintage"],"is_ascension_mode":true,"campfire_choices":[{"data":"Bash","floor":6,"key":"SMITH"},{"data":"Impervious","floor":8,"key":"SMITH"},{"data":"Strike_R","floor":10,"key":"SMITH"},{"data":"Barricade","floor":15,"key":"SMITH"},{"data":"Searing Blow+1","floor":23,"key":"SMITH"},{"data":"Impervious","floor":25,"key":"SMITH"},{"data":"Impervious","floor":27,"key":"SMITH"},{"floor":29,"key":"REST"},{"data":"Impervious","floor":32,"key":"SMITH"}],"neow_cost":"","seed_source_timestamp":243818615699826,"circlet_count":0,"master_deck":["Strike_R+1","Defend_R+1","Defend_R","Bash+1","Impervious+1","Impervious+1","Impervious+1","Impervious+1","Impervious+1","Barricade+1","Brutality+1","Carnage+1","Searing Blow+2","RitualDagger"],"relics":["Burning Blood","Bird Faced Urn","Bag of Marbles","Pear","Unceasing Top","Omamori","Ancient Tea Set","Happy Flower","Singing Bowl","Letter Opener","Centennial Puzzle","Astrolabe","Blood Vial","Orichalcum","Charon\u0027s Ashes","War Paint","Bag of Preparation","Gremlin Horn"],"potions_floor_usage":[16,30,30],"damage_taken":[{"damage":0,"enemies":"Jaw Worm","floor":1,"turns":7},{"damage":2,"enemies":"Small Slimes","floor":3,"turns":4},{"damage":1,"enemies":"Cultist","floor":4,"turns":4},{"damage":7,"enemies":"Blue Slaver","floor":7,"turns":4},{"damage":8,"enemies":"2 Fungi Beasts","floor":11,"turns":3},{"damage":6,"enemies":"Gremlin Nob","floor":12,"turns":6},{"damage":22,"enemies":"3 Sentries","floor":14,"turns":12},{"damage":0,"enemies":"The Guardian","floor":16,"turns":14},{"damage":10,"enemies":"2 Thieves","floor":18,"turns":4},{"damage":9,"enemies":"Chosen","floor":21,"turns":10},{"damage":63,"enemies":"Book of Stabbing","floor":24,"turns":10},{"damage":20,"enemies":"Gremlin Leader","floor":30,"turns":10},{"damage":0,"enemies":"Centurion and Healer","floor":31,"turns":10},{"damage":67,"enemies":"Champ","floor":33,"turns":16}],"seed_played":"-1915064218773983558","potions_obtained":[{"floor":4,"key":"LiquidBronze"},{"floor":7,"key":"AttackPotion"},{"floor":11,"key":"PowerPotion"},{"floor":18,"key":"Ancient Potion"},{"floor":31,"key":"BloodPotion"}],"is_trial":true,"path_per_floor":["M","?","M","M","?","R","M","R","T","R","M","E","?","E","R","B",null,"M","?","?","M","$","R","E","R","T","R","?","R","E","M","R"],"character_chosen":"IRONCLAD","items_purchased":[],"campfire_rested":1,"item_purchase_floors":[],"current_hp_per_floor":[80,69,83,88,88,88,87,87,87,87,85,85,85,73,73,83,94,90,84,75,78,78,78,29,29,29,29,29,57,51,61,61,0],"gold":388,"neow_bonus":"","is_prod":false,"is_daily":false,"chose_seed":false,"campfire_upgraded":8,"win_rate":0,"timestamp":1531860031,"path_taken":["M","?","M","?","?","R","M","R","T","R","?","E","?","E","R","BOSS","M","?","?","M","$","R","E","R","T","R","?","R","E","?","R","BOSS"],"build_version":"2018-07-12","purchased_purges":1,"victory":false,"max_hp_per_floor":[80,80,90,90,90,90,90,90,90,90,90,90,90,92,92,94,94,94,94,94,94,94,94,96,96,96,96,96,96,98,98,98,98],"card_choices":[{"not_picked":["Juggernaut","Offering"],"picked":"Barricade","floor":12},{"not_picked":["Exhume","Barricade","Dark Embrace"],"picked":"Singing Bowl","floor":14},{"not_picked":["Double Tap","Brutality","Dark Embrace"],"picked":"Singing Bowl","floor":16},{"not_picked":["Fiend Fire","Impervious","Exhume"],"picked":"Singing Bowl","floor":24},{"not_picked":["Feed","Reaper","Brutality"],"picked":"Singing Bowl","floor":30}],"player_experience":84105,"relics_obtained":[{"floor":1,"key":"Bag of Marbles"},{"floor":3,"key":"Pear"},{"floor":4,"key":"Unceasing Top"},{"floor":7,"key":"Omamori"},{"floor":9,"key":"Ancient Tea Set"},{"floor":11,"key":"Happy Flower"},{"floor":12,"key":"Singing Bowl"},{"floor":14,"key":"Letter Opener"},{"floor":16,"key":"Centennial Puzzle"},{"floor":18,"key":"Blood Vial"},{"floor":21,"key":"Orichalcum"},{"floor":24,"key":"Charon\u0027s Ashes"},{"floor":26,"key":"War Paint"},{"floor":30,"key":"Bag of Preparation"},{"floor":31,"key":"Gremlin Horn"}],"event_choices":[{"event_name":"World of Goop","player_choice":"Gather Gold","floor":2,"damage_taken":0},{"event_name":"The Cleric","player_choice":"Card Removal","floor":5,"damage_taken":0},{"event_name":"Liars Game","player_choice":"disagreed","floor":13,"damage_taken":0},{"event_name":"Nest","player_choice":"Joined the Cult","floor":19,"damage_taken":0},{"event_name":"FaceTrader","player_choice":"Touch","floor":20,"damage_taken":0},{"event_name":"Beggar","player_choice":"Gave Gold","floor":28,"damage_taken":0}],"boss_relics":[{"not_picked":["Runic Pyramid","Tiny House"],"picked":"Astrolabe"}],"items_purged_floors":[22],"is_endless":false,"potions_floor_spawned":[4,7,11,14,18,31],"killed_by":"Champ","ascension_level":1}