{"gold_per_floor":[117,267,1,1,38,38,71,71,97,123,162,162],"floor_reached":12,"playtime":223,"items_purged":["Doubt"],"score":152,"play_id":"1568d659-eccb-495b-b112-d7a693a724e7","local_time":"20190128133507","is_ascension_mode":true,"campfire_choices":[{"data":"Zap","floor":6.0,"key":"SMITH"},{"data":"Dualcast","floor":8.0,"key":"SMITH"}],"neow_cost":"PERCENT_DAMAGE","seed_source_timestamp":1621933660157136,"circlet_count":0,"master_deck":["AscendersBane","Strike_B","Strike_B","Strike_B","Strike_B","Defend_B","Defend_B","Defend_B","Defend_B","Zap+1","Dualcast+1","HandOfGreed+1","Conserve Battery","Glacier"],"special_seed":0,"relics":["Cracked Core","Sundial","Pen Nib","Oddly Smooth Stone"],"potions_floor_usage":[12],"damage_taken":[{"damage":4.0,"enemies":"Jaw Worm","floor":1.0,"turns":4.0},{"damage":0.0,"enemies":"2 Louse","floor":5.0,"turns":2.0},{"damage":25.0,"enemies":"Lagavulin","floor":7.0,"turns":5.0},{"damage":0.0,"enemies":"Cultist","floor":11.0,"turns":3.0},{"damage":25,"enemies":"Gremlin Nob","floor":12,"turns":4}],"seed_played":"-1868398190552774701","potions_obtained":[{"floor":1.0,"key":"SpeedPotion"},{"floor":11.0,"key":"Explosive Potion"}],"is_trial":false,"path_per_floor":["M","?","$","?","M","R","E","R","T","T","M","E"],"character_chosen":"DEFECT","items_purchased":["HandOfGreed"],"campfire_rested":0,"item_purchase_floors":[3],"current_hp_per_floor":[56,56,56,56,56,56,31,31,31,31,31,6],"gold":162,"neow_bonus":"TWENTY_PERCENT_HP_BONUS","is_prod":false,"is_daily":false,"chose_seed":false,"campfire_upgraded":2,"win_rate":0,"timestamp":1548678907,"path_taken":["M","?","$","?","M","R","E","R","T","?","M","E"],"build_version":"2019-01-23","purchased_purges":1,"victory":false,"max_hp_per_floor":[85,85,85,85,85,85,85,85,85,85,85,85],"card_choices":[{"not_picked":["Steam Power","Redo","Stack"],"picked":"SKIP","floor":1.0},{"not_picked":["Cold Snap","Rebound"],"picked":"Conserve Battery","floor":5.0},{"not_picked":["Beam Cell","Capacitor"],"picked":"Glacier","floor":7.0},{"not_picked":["Steam","Aggregate","Capacitor"],"picked":"SKIP","floor":11.0}],"player_experience":962250,"relics_obtained":[{"floor":7.0,"key":"Sundial"},{"floor":9.0,"key":"Pen Nib"},{"floor":10.0,"key":"Oddly Smooth Stone"}],"event_choices":[{"damage_healed":0.0,"max_hp_gain":0.0,"max_hp_loss":0.0,"gold_gain":150.0,"event_name":"Liars Game","player_choice":"AGREE","floor":2.0,"gold_loss":0.0,"damage_taken":0.0,"cards_obtained":["Doubt"]},{"damage_healed":0.0,"max_hp_gain":0.0,"max_hp_loss":0.0,"gold_gain":0.0,"event_name":"Living Wall","player_choice":"Grow","floor":4.0,"gold_loss":0.0,"damage_taken":0.0,"cards_upgraded":["HandOfGreed"]}],"is_beta":false,"boss_relics":[],"items_purged_floors":[3],"is_endless":false,"potions_floor_spawned":[1,11],"killed_by":"Gremlin Nob","ascension_level":20}