{"gold_per_floor":[114,134,134,99,115,115,140,171,195,209,241,241,268,107,107,204,204,217,217,132,82,96,128,138,157,157,186,206,224,224,224,224,319,319,337,357,357,357],"floor_reached":38,"playtime":2616,"items_purged":[],"score":449,"play_id":"112bb81e-854c-45dc-836f-95abfc2da9b5","local_time":"20190317222553","is_ascension_mode":false,"campfire_choices":[{"data":"Tactician","floor":6,"key":"SMITH"},{"data":"Noxious Fumes","floor":12,"key":"SMITH"},{"data":"A Thousand Cuts","floor":15,"key":"SMITH"},{"floor":30,"key":"REST"},{"floor":32,"key":"REST"}],"neow_cost":"PERCENT_DAMAGE","seed_source_timestamp":392784747844057,"circlet_count":0,"master_deck":["Defend_G","Defend_G","Defend_G","Defend_G","Defend_G","Strike_G","Strike_G","Strike_G","Strike_G","Strike_G","Survivor","Neutralize","Apotheosis+1","Blind","Tactician+1","Blade Dance","Flying Knee","Eviscerate","Blade Dance","Noxious Fumes+1","Heel Hook","A Thousand Cuts+1","Tools of the Trade","Blade Dance","Choke","Terror","PiercingWail","Underhanded Strike","Heel Hook","Poisoned Stab","Backflip","Wraith Form v2","A Thousand Cuts","PiercingWail+1","Deadly Poison","Flash of Steel","Metamorphosis","Bandage Up"],"relics":["Ring of the Snake","Orichalcum","Strawberry","Anchor","Oddly Smooth Stone","Odd Mushroom","Black Star","Centennial Puzzle","Bag of Marbles","Boot","Vajra","Potion Belt","Happy Flower","Eternal Feather"],"potions_floor_usage":[16,23,23,23,28,33,33,35,36,38],"damage_taken":[{"damage":0,"enemies":"Cultist","floor":1,"turns":4},{"damage":0,"enemies":"Small Slimes","floor":2,"turns":4},{"damage":3,"enemies":"Jaw Worm","floor":5,"turns":3},{"damage":6,"enemies":"Gremlin Nob","floor":8,"turns":5},{"damage":0,"enemies":"Blue Slaver","floor":10,"turns":5},{"damage":7,"enemies":"Lagavulin","floor":11,"turns":5},{"damage":7,"enemies":"The Mushroom Lair","floor":13,"turns":4},{"damage":11,"enemies":"Slime Boss","floor":16,"turns":6},{"damage":2,"enemies":"Shell Parasite","floor":18,"turns":5},{"damage":0,"enemies":"3 Byrds","floor":22,"turns":3},{"damage":28,"enemies":"Gremlin Leader","floor":23,"turns":4},{"damage":3,"enemies":"Snake Plant","floor":24,"turns":5},{"damage":9,"enemies":"3 Cultists","floor":25,"turns":5},{"damage":20,"enemies":"Book of Stabbing","floor":27,"turns":5},{"damage":2,"enemies":"Snecko","floor":28,"turns":3},{"damage":4,"enemies":"Centurion and Healer","floor":29,"turns":5},{"damage":28,"enemies":"Collector","floor":33,"turns":6},{"damage":21,"enemies":"3 Shapes","floor":35,"turns":3},{"damage":10,"enemies":"3 Darklings","floor":36,"turns":4},{"damage":56,"enemies":"4 Shapes","floor":38,"turns":3}],"seed_played":"-4777578391329175695","potions_obtained":[{"floor":2,"key":"LiquidBronze"},{"floor":8,"key":"Poison Potion"},{"floor":10,"key":"Swift Potion"},{"floor":16,"key":"Dexterity Potion"},{"floor":22,"key":"Strength Potion"},{"floor":24,"key":"SneckoOil"},{"floor":28,"key":"GamblersBrew"},{"floor":29,"key":"Swift Potion"},{"floor":33,"key":"SkillPotion"},{"floor":35,"key":"GamblersBrew"},{"floor":36,"key":"Energy Potion"}],"is_trial":false,"path_per_floor":["M","M","?","?","M","R","T","E","T","M","E","R","?","$","R","B",null,"M","?","?","?","M","E","M","M","T","E","M","M","R","?","R","B",null,"M","M","?","M"],"character_chosen":"THE_SILENT","items_purchased":["A Thousand Cuts"],"campfire_rested":2,"item_purchase_floors":[14],"current_hp_per_floor":[49,49,49,66,63,63,63,64,64,64,57,57,50,50,50,39,77,75,75,75,75,75,47,44,35,35,15,13,9,32,32,55,27,77,56,46,36,0],"gold":357,"neow_bonus":"RANDOM_COLORLESS_2","is_prod":false,"is_daily":false,"chose_seed":false,"campfire_upgraded":3,"win_rate":0.0,"timestamp":1552886753,"path_taken":["M","?","?","?","M","R","?","E","T","M","E","R","?","?","R","BOSS","M","?","?","?","M","E","?","M","T","E","M","M","R","?","R","BOSS","M","?","?","M"],"build_version":"2019-01-23","purchased_purges":0,"victory":false,"max_hp_per_floor":[70,70,70,70,70,70,70,77,77,77,77,77,77,77,77,77,77,77,77,77,77,77,77,77,77,77,77,77,77,77,77,77,77,77,77,77,77,77],"card_choices":[{"not_picked":["Dodge and Roll","Quick Slash"],"picked":"Tactician","floor":1},{"not_picked":["Backflip","Slice"],"picked":"Blade Dance","floor":2},{"not_picked":["Underhanded Strike","Backflip"],"picked":"Flying Knee","floor":5},{"not_picked":["Poisoned Stab","Outmaneuver"],"picked":"Eviscerate","floor":8},{"not_picked":["Dagger Spray","Sucker Punch"],"picked":"Blade Dance","floor":10},{"not_picked":["Predator","Prepared"],"picked":"Noxious Fumes","floor":11},{"not_picked":["Footwork","Escape Plan"],"picked":"Heel Hook","floor":13},{"not_picked":["Glass Knife","Adrenaline"],"picked":"Tools of the Trade","floor":16},{"not_picked":["Tactician","Sucker Punch"],"picked":"Blade Dance","floor":18},{"not_picked":["Riddle With Holes","Deflect"],"picked":"Terror","floor":22},{"not_picked":["Prepared","Backflip"],"picked":"PiercingWail","floor":23},{"not_picked":["Choke+1","Quick Slash"],"picked":"Underhanded Strike","floor":24},{"not_picked":["Distraction","Sucker Punch"],"picked":"Heel Hook","floor":25},{"not_picked":["Footwork","Tactician"],"picked":"After Image","floor":27},{"not_picked":["Dagger Spray","Outmaneuver"],"picked":"Poisoned Stab","floor":28},{"not_picked":["Outmaneuver","Deflect"],"picked":"Backflip","floor":29},{"not_picked":["Venomology","Malaise"],"picked":"A Thousand Cuts","floor":33},{"not_picked":["Outmaneuver","Sucker Punch+1"],"picked":"PiercingWail+1","floor":35},{"not_picked":["Deflect+1","Outmaneuver+1"],"picked":"Deadly Poison","floor":36},{"not_picked":["Blind","Finesse"],"picked":"Flash of Steel","floor":37},{"not_picked":["Impatience","Transmutation"],"picked":"Metamorphosis","floor":37},{"not_picked":["Dramatic Entrance","Purity"],"picked":"Bandage Up","floor":37}],"player_experience":265337,"relics_obtained":[{"floor":7,"key":"Orichalcum"},{"floor":8,"key":"Strawberry"},{"floor":9,"key":"Anchor"},{"floor":11,"key":"Oddly Smooth Stone"},{"floor":13,"key":"Odd Mushroom"},{"floor":23,"key":"Bag of Marbles"},{"floor":23,"key":"Boot"},{"floor":26,"key":"Vajra"},{"floor":27,"key":"Potion Belt"},{"floor":27,"key":"Happy Flower"}],"event_choices":[{"damage_healed":0,"gold_gain":0,"player_choice":"Grow","damage_taken":0,"max_hp_gain":0,"max_hp_loss":0,"event_name":"Living Wall","floor":3,"gold_loss":0,"cards_upgraded":["Apotheosis"]},{"damage_healed":17,"gold_gain":0,"player_choice":"Healed","damage_taken":0,"max_hp_gain":0,"max_hp_loss":0,"event_name":"The Cleric","floor":4,"gold_loss":35},{"damage_healed":0,"gold_gain":0,"player_choice":"Fought Mushrooms","damage_taken":0,"max_hp_gain":0,"max_hp_loss":0,"event_name":"Mushrooms","floor":13,"gold_loss":0},{"damage_healed":0,"gold_gain":0,"player_choice":"Read","damage_taken":0,"max_hp_gain":0,"max_hp_loss":0,"event_name":"The Library","floor":19,"gold_loss":0,"cards_obtained":["Choke"]},{"damage_healed":0,"gold_gain":0,"player_choice":"Obtained Relic","damage_taken":0,"relics_obtained":["Centennial Puzzle"],"max_hp_gain":0,"max_hp_loss":0,"event_name":"Addict","floor":20,"gold_loss":85},{"damage_healed":0,"gold_gain":0,"player_choice":"Bet on Murderer","damage_taken":0,"max_hp_gain":0,"max_hp_loss":0,"event_name":"The Joust","floor":21,"gold_loss":50},{"damage_healed":0,"gold_gain":0,"cards_transformed":["After Image"],"player_choice":"Transformed","damage_taken":0,"max_hp_gain":0,"max_hp_loss":0,"event_name":"Transmorgrifier","floor":31,"gold_loss":0,"cards_obtained":["Wraith Form v2"]},{"damage_healed":0,"gold_gain":0,"player_choice":"Memory 3","damage_taken":10,"max_hp_gain":0,"max_hp_loss":0,"event_name":"SensoryStone","floor":37,"gold_loss":0}],"is_beta":false,"boss_relics":[{"not_picked":["Busted Crown","Empty Cage"],"picked":"Black Star"},{"not_picked":["HoveringKite","Lizard Tail"],"picked":"Eternal Feather"}],"items_purged_floors":[],"is_endless":false,"potions_floor_spawned":[2,8,10,16,22,24,28,29,33,35,36],"killed_by":"4 Shapes","ascension_level":0}