{"gold_per_floor":[211,211,211,223,236,236,261,273,297,297,330,348,348,348,348,447,447,458,189,189,189,189,189,204,222,247,265,265,290,290,302,302,405,405,417,435,190,190,236,262,262,362,388,422,432,447,447,476,476,476],"floor_reached":51,"playtime":5000,"items_purged":["Strike_R","Strike_R"],"score":966,"play_id":"b1ecea60-1bad-4159-9fcb-ef1076febee7","local_time":"20190316104651","is_ascension_mode":true,"campfire_choices":[{"data":"Feed","floor":6,"key":"SMITH"},{"data":"Uppercut","floor":10,"key":"SMITH"},{"data":"Bash","floor":13,"key":"SMITH"},{"data":"Double Tap","floor":15,"key":"SMITH"},{"floor":23,"key":"RECALL"},{"floor":28,"key":"REST"},{"floor":30,"key":"REST"},{"floor":32,"key":"REST"},{"floor":41,"key":"REST"},{"floor":49,"key":"REST"}],"neow_cost":"NONE","seed_source_timestamp":231609591633338,"circlet_count":0,"master_deck":["Strike_R+1","Defend_R","Defend_R","Defend_R","Defend_R","Bash+1","Uppercut+1","Feed+1","Iron Wave+1","Iron Wave","Double Tap+1","Battle Trance","Limit Break","Barricade+1","J.A.X.","Disarm","Armaments","Flame Barrier","Shrug It Off","Madness","Madness","Ghostly Armor","Shockwave+1","Inflame+1","Iron Wave+1"],"relics":["Burning Blood","Vajra","Ancient Tea Set","Regal Pillow","Lantern","FaceOfCleric","Fusion Hammer","TheAbacus","Sundial","Bag of Preparation","Thread and Needle","Black Star","Whetstone","PreservedInsect","Torii","Juzu Bracelet","Unceasing Top","Centennial Puzzle","Bottled Tornado","Strawberry","Shuriken","Smiling Mask"],"potions_floor_usage":[7,16,24,40,45,45,46,50],"damage_taken":[{"damage":0,"enemies":"Small Slimes","floor":1,"turns":3},{"damage":2,"enemies":"Jaw Worm","floor":4,"turns":4},{"damage":1,"enemies":"Cultist","floor":5,"turns":3},{"damage":25,"enemies":"Lagavulin","floor":7,"turns":5},{"damage":11,"enemies":"Exordium Thugs","floor":8,"turns":5},{"damage":7,"enemies":"Gremlin Nob","floor":11,"turns":3},{"damage":4,"enemies":"2 Fungi Beasts","floor":12,"turns":2},{"damage":18,"enemies":"Slime Boss","floor":16,"turns":6},{"damage":1,"enemies":"Spheric Guardian","floor":18,"turns":3},{"damage":20,"enemies":"2 Thieves","floor":24,"turns":3},{"damage":24,"enemies":"Sentry and Sphere","floor":25,"turns":5},{"damage":9,"enemies":"Chosen and Byrds","floor":27,"turns":6},{"damage":54,"enemies":"Gremlin Leader","floor":29,"turns":8},{"damage":44,"enemies":"3 Cultists","floor":31,"turns":7},{"damage":51,"enemies":"Automaton","floor":33,"turns":13},{"damage":0,"enemies":"3 Shapes","floor":35,"turns":6},{"damage":9,"enemies":"3 Darklings","floor":36,"turns":4},{"damage":38,"enemies":"Reptomancer","floor":40,"turns":7},{"damage":3,"enemies":"Mind Bloom Boss Battle","floor":42,"turns":10},{"damage":6,"enemies":"Giant Head","floor":44,"turns":8},{"damage":20,"enemies":"Sphere and 2 Shapes","floor":45,"turns":6},{"damage":15,"enemies":"Writhing Mass","floor":46,"turns":7},{"damage":3,"enemies":"Nemesis","floor":48,"turns":9},{"damage":88,"enemies":"Donu and Deca","floor":50,"turns":13}],"seed_played":"7824033636081901321","potions_obtained":[{"floor":5,"key":"SteroidPotion"},{"floor":7,"key":"Strength Potion"},{"floor":12,"key":"BloodPotion"},{"floor":18,"key":"Poison Potion"},{"floor":29,"key":"Explosive Potion"},{"floor":31,"key":"Block Potion"},{"floor":36,"key":"SpeedPotion"},{"floor":40,"key":"Weak Potion"},{"floor":45,"key":"EssenceOfSteel"},{"floor":46,"key":"SteroidPotion"}],"is_trial":false,"path_per_floor":["?","?","?","?","T","?","M","?","T","?","?"],"character_chosen":"IRONCLAD","items_purchased":["TheAbacus","Whetstone"],"campfire_rested":5,"item_purchase_floors":[19,37],"current_hp_per_floor":[80,80,77,83,86,86,71,70,70,70,69,75,75,75,75,68,103,108,108,108,108,108,108,99,86,86,88,123,80,128,91,129,89,134,139,141,141,123,123,92,145,150,150,162,153,145,145,153,173,92],"gold":476,"neow_bonus":"HUNDRED_GOLD","is_prod":false,"is_daily":false,"chose_seed":false,"campfire_upgraded":4,"win_rate":0,"timestamp":1552754811,"path_taken":["M","?","?","M","M","R","E","M","T","R","E","M","R","?","R","BOSS","M","$","?","?","?","R","M","M","T","?","R","E","R","M","R","BOSS","M","M","$","?","?","E","R","?","T","E","M","M","?","E","R","BOSS"],"build_version":"2019-01-23","purchased_purges":2,"victory":true,"max_hp_per_floor":[80,80,80,83,86,86,90,94,94,94,94,98,98,98,98,103,103,108,108,108,108,108,108,113,118,118,123,123,128,128,129,129,134,134,139,144,144,144,144,145,145,150,150,162,167,168,168,173,173,174],"card_choices":[{"not_picked":["Havoc","Body Slam"],"picked":"Uppercut","floor":1},{"not_picked":["True Grit","Flex"],"picked":"Iron Wave","floor":4},{"not_picked":["Flex","Headbutt"],"picked":"Iron Wave","floor":5},{"not_picked":["Uppercut","Clash"],"picked":"Double Tap","floor":7},{"not_picked":["Body Slam","Thunderclap"],"picked":"Battle Trance","floor":8},{"not_picked":["Headbutt","Evolve"],"picked":"Limit Break","floor":11},{"not_picked":["Sword Boomerang","Fire Breathing","Clash"],"picked":"SKIP","floor":12},{"not_picked":["Double Tap","Juggernaut"],"picked":"Barricade","floor":16},{"not_picked":["Rage","Cleave","Twin Strike+1"],"picked":"SKIP","floor":18},{"not_picked":["Havoc+1","Pommel Strike"],"picked":"Disarm","floor":24},{"not_picked":["Entrench","Headbutt","Thunderclap+1"],"picked":"SKIP","floor":25},{"not_picked":["Iron Wave","Double Tap"],"picked":"Armaments","floor":27},{"not_picked":["Blood for Blood","Clash+1"],"picked":"Flame Barrier","floor":29},{"not_picked":["True Grit","Bloodletting","Iron Wave"],"picked":"SKIP","floor":31},{"not_picked":["Bloodletting+1","Thunderclap","Twin Strike+1"],"picked":"SKIP","floor":35},{"not_picked":["Headbutt","Clothesline+1"],"picked":"Shrug It Off","floor":36},{"not_picked":["Thunderclap+1","Twin Strike+1"],"picked":"Ghostly Armor","floor":40},{"not_picked":["Twin Strike","Sentinel"],"picked":"Shockwave+1","floor":44},{"not_picked":["Perfected Strike+1","Pommel Strike+1"],"picked":"Inflame+1","floor":45},{"not_picked":["True Grit","Warcry","Fire Breathing"],"picked":"SKIP","floor":46},{"not_picked":["Perfected Strike+1","Power Through"],"picked":"Iron Wave+1","floor":48}],"player_experience":260033,"relics_obtained":[{"floor":7,"key":"Ancient Tea Set"},{"floor":9,"key":"Regal Pillow"},{"floor":11,"key":"Lantern"},{"floor":21,"key":"Sundial"},{"floor":26,"key":"Bag of Preparation"},{"floor":29,"key":"Thread and Needle"},{"floor":39,"key":"PreservedInsect"},{"floor":40,"key":"Torii"},{"floor":40,"key":"Juzu Bracelet"},{"floor":42,"key":"Unceasing Top"},{"floor":43,"key":"Centennial Puzzle"},{"floor":44,"key":"Bottled Tornado"},{"floor":44,"key":"Strawberry"},{"floor":48,"key":"Shuriken"},{"floor":48,"key":"Smiling Mask"}],"event_choices":[{"damage_healed":0,"gold_gain":0,"cards_transformed":["Strike_R"],"player_choice":"Change","damage_taken":0,"max_hp_gain":0,"max_hp_loss":0,"event_name":"Living Wall","floor":2,"gold_loss":0,"cards_obtained":["Feed"]},{"damage_healed":0,"gold_gain":0,"player_choice":"Success","damage_taken":3,"relics_obtained":["Vajra"],"max_hp_gain":0,"max_hp_loss":0,"event_name":"Scrap Ooze","floor":3,"gold_loss":0},{"damage_healed":0,"gold_gain":0,"player_choice":"Trade","damage_taken":0,"relics_obtained":["FaceOfCleric"],"max_hp_gain":0,"max_hp_loss":0,"event_name":"FaceTrader","floor":14,"gold_loss":0},{"damage_healed":0,"gold_gain":0,"player_choice":"Obtain J.A.X.","damage_taken":0,"max_hp_gain":0,"max_hp_loss":0,"event_name":"Drug Dealer","floor":20,"gold_loss":0,"cards_obtained":["J.A.X."]},{"damage_healed":0,"gold_gain":0,"player_choice":"Forge","damage_taken":0,"max_hp_gain":0,"max_hp_loss":0,"event_name":"Accursed Blacksmith","floor":22,"gold_loss":0,"cards_upgraded":["Barricade"]},{"damage_healed":0,"gold_gain":0,"player_choice":"Embrace Madness","damage_taken":18,"max_hp_gain":0,"max_hp_loss":0,"event_name":"Winding Halls","floor":38,"gold_loss":0,"cards_obtained":["Madness","Madness"]},{"damage_healed":0,"gold_gain":0,"player_choice":"Fight","damage_taken":0,"max_hp_gain":0,"max_hp_loss":0,"event_name":"MindBloom","floor":42,"gold_loss":0},{"cards_removed":["Strike_R"],"damage_healed":0,"gold_gain":0,"player_choice":"Removed Attack","damage_taken":0,"max_hp_gain":0,"max_hp_loss":0,"event_name":"Falling","floor":47,"gold_loss":0}],"is_beta":false,"boss_relics":[{"not_picked":["Lizard Tail","Empty Cage"],"picked":"Fusion Hammer"},{"not_picked":["Coffee Dripper","Philosopher\u0027s Stone"],"picked":"Black Star"}],"items_purged_floors":[19,37],"is_endless":false,"potions_floor_spawned":[5,7,12,18,29,31,36,40,45,46],"ascension_level":4}