{"gold_per_floor":[117,127,139,158,169,202,202,212,286,305,324,339,339,339,339,441,441,456,158,177,195,9,9,41,41,41,41,57,73,73,89,89,89],"floor_reached":33,"playtime":5280,"items_purged":[],"score":300,"play_id":"048ca677-6f82-42ac-9d24-e1b4f8b8c553","local_time":"20180628015812","is_ascension_mode":false,"campfire_choices":[{"floor":7,"key":"REST"},{"floor":15,"key":"REST"},{"data":"Brutality","floor":23,"key":"SMITH"},{"floor":25,"key":"REST"},{"floor":32,"key":"REST"}],"neow_cost":"NONE","seed_source_timestamp":1289809176586902,"circlet_count":0,"master_deck":["Strike_R","Strike_R","Strike_R","Strike_R","Strike_R","Defend_R","Defend_R","Defend_R","Defend_R","Bash","Brutality+1","Shrug It Off","Cleave","Pommel Strike","Shrug It Off","Iron Wave","Flex","Cleave","Cleave","Clothesline","Flex","Demon Form+1","Body Slam","Feed","Swift Strike","Shrug It Off","Blood for Blood","Blood for Blood","Bludgeon","Perfected Strike","Twin Strike+1","Dual Wield","Flex","Rage+1"],"relics":["Burning Blood","Kunai","Frozen Egg 2","Sozu","Ancient Tea Set","Self Forming Clay"],"potions_floor_usage":[6,6,16,16,24],"damage_taken":[{"damage":4,"enemies":"Small Slimes","floor":1,"turns":5},{"damage":6,"enemies":"Cultist","floor":2,"turns":5},{"damage":5,"enemies":"Jaw Worm","floor":3,"turns":4},{"damage":9,"enemies":"Blue Slaver","floor":4,"turns":4},{"damage":21,"enemies":"Exordium Thugs","floor":5,"turns":4},{"damage":68,"enemies":"Lagavulin","floor":6,"turns":12},{"damage":1,"enemies":"3 Louse","floor":8,"turns":3},{"damage":7,"enemies":"Lots of Slimes","floor":10,"turns":3},{"damage":1,"enemies":"Exordium Wildlife","floor":11,"turns":3},{"damage":1,"enemies":"Blue Slaver","floor":12,"turns":4},{"damage":27,"enemies":"The Guardian","floor":16,"turns":12},{"damage":5,"enemies":"3 Byrds","floor":18,"turns":4},{"damage":0,"enemies":"Chosen","floor":20,"turns":6},{"damage":14,"enemies":"3 Cultists","floor":21,"turns":4},{"damage":46,"enemies":"Gremlin Leader","floor":24,"turns":6},{"damage":17,"enemies":"Snecko","floor":28,"turns":4},{"damage":24,"enemies":"Slaver and Parasite","floor":29,"turns":5},{"damage":18,"enemies":"Centurion and Healer","floor":31,"turns":4},{"damage":67,"enemies":"Automaton","floor":33,"turns":6}],"seed_played":"118283894670104878","potions_obtained":[{"floor":4,"key":"BloodPotion"},{"floor":5,"key":"Swift Potion"},{"floor":8,"key":"Strength Potion"},{"floor":10,"key":"LiquidBronze"},{"floor":11,"key":"SteroidPotion"}],"is_trial":false,"path_per_floor":["M","M","M","M","M","E","R","M","T","M","M","M","?","?","R","B",null,"M","$","M","M","$","R","E","R","T","?","M","M","?","M","R"],"character_chosen":"IRONCLAD","items_purchased":["Feed","Swift Strike","Shrug It Off","Bludgeon","Perfected Strike"],"campfire_rested":4,"item_purchase_floors":[19,19,19,22,22],"current_hp_per_floor":[80,80,80,77,62,8,32,37,37,36,41,46,46,51,76,55,85,85,85,85,80,80,80,40,66,66,49,38,20,20,11,39,0],"gold":89,"neow_bonus":"ONE_RANDOM_RARE_CARD","is_prod":false,"is_daily":false,"chose_seed":false,"campfire_upgraded":1,"win_rate":0.0,"timestamp":1530165492,"path_taken":["M","M","M","M","M","E","R","M","T","M","M","M","?","?","R","BOSS","M","$","M","M","?","R","E","R","T","?","M","M","?","M","R","BOSS"],"build_version":"2018-06-21v2","purchased_purges":0,"victory":false,"max_hp_per_floor":[80,80,80,80,80,80,80,80,80,80,80,80,80,85,85,85,85,85,85,85,88,88,88,88,88,88,93,93,93,93,96,96,96],"card_choices":[{"not_picked":["Twin Strike","Warcry"],"picked":"Shrug It Off","floor":1},{"not_picked":["Corruption","Flex"],"picked":"Cleave","floor":2},{"not_picked":["Sword Boomerang","Berserk"],"picked":"Pommel Strike","floor":3},{"not_picked":["Dual Wield","Clothesline"],"picked":"Shrug It Off","floor":4},{"not_picked":["Thunderclap","Pummel"],"picked":"Iron Wave","floor":5},{"not_picked":["Ghostly Armor","Battle Trance"],"picked":"Flex","floor":6},{"not_picked":["Disarm","Feel No Pain"],"picked":"Cleave","floor":8},{"not_picked":["Twin Strike","Ghostly Armor"],"picked":"Cleave","floor":10},{"not_picked":["Pummel","Shrug It Off"],"picked":"Clothesline","floor":11},{"not_picked":["Thunderclap","True Grit"],"picked":"Flex","floor":12},{"not_picked":["Reaper","Dark Embrace+1"],"picked":"Demon Form+1","floor":16},{"not_picked":["Sword Boomerang","Flex"],"picked":"Body Slam","floor":18},{"not_picked":["Shrug It Off","Twin Strike"],"picked":"Blood for Blood","floor":20},{"not_picked":["Thunderclap","Iron Wave"],"picked":"Blood for Blood","floor":21},{"not_picked":["Carnage","Brutality+1"],"picked":"Twin Strike+1","floor":24},{"not_picked":["Sever Soul","Anger+1"],"picked":"Dual Wield","floor":28},{"not_picked":["Sword Boomerang","Clash"],"picked":"Flex","floor":29},{"not_picked":["Twin Strike","Warcry"],"picked":"Rage+1","floor":31}],"player_experience":39428,"relics_obtained":[{"floor":6,"key":"Kunai"},{"floor":9,"key":"Frozen Egg 2"},{"floor":24,"key":"Ancient Tea Set"},{"floor":26,"key":"Self Forming Clay"}],"event_choices":[{"event_name":"Dead Adventurer","player_choice":"Searched \u00270\u0027 times","floor":13,"damage_taken":0},{"event_name":"Big Fish","player_choice":"Donut","floor":14,"damage_taken":0},{"event_name":"Forgotten Altar","player_choice":"Shed Blood","floor":27,"damage_taken":0},{"event_name":"Ghosts","player_choice":"Ignored","floor":30,"damage_taken":0}],"boss_relics":[{"not_picked":["Cursed Key","Coffee Dripper"],"picked":"Sozu"}],"items_purged_floors":[],"is_endless":false,"potions_floor_spawned":[4,5,8,10,11,20,21,28,31],"killed_by":"Automaton","ascension_level":0}