{"gold_per_floor":[110,75,94,113,113,113,138,156,156,156,170,20,30,30,30,105,105,116,132,150,200,219,219,236,236,236,265,265,277,277,292,292,292],"floor_reached":33,"playtime":2518,"items_purged":[],"score":474,"play_id":"215e758e-8afb-4359-9142-5028542ceb8d","local_time":"20190313214638","is_ascension_mode":true,"campfire_choices":[{"data":"Neutralize","floor":6.0,"key":"SMITH"},{"data":"Survivor","floor":15.0,"key":"SMITH"},{"data":"Outmaneuver","floor":23.0,"key":"SMITH"},{"data":"Malaise","floor":25.0,"key":"SMITH"},{"data":"Terror","floor":28.0,"key":"SMITH"},{"data":"Backstab","floor":30.0,"key":"SMITH"},{"data":"Defend_G","floor":32.0,"key":"SMITH"}],"neow_cost":"NONE","seed_source_timestamp":0,"circlet_count":0,"master_deck":["AscendersBane","Defend_G","Defend_G","Defend_G","Defend_G","Defend_G+1","Strike_G+1","Strike_G","Strike_G","Strike_G","Strike_G","Survivor+1","Neutralize+1","Skewer+1","Sucker Punch+1","Slice","Escape Plan","Well Laid Plans+1","Backstab+1","Malaise+1","PiercingWail+1","Terror+1","Outmaneuver+1"],"special_seed":0,"relics":["Coffee Dripper","Whetstone","Letter Opener","Eternal Feather","Sundial","Turnip"],"potions_floor_usage":[33],"damage_taken":[{"damage":1.0,"enemies":"Small Slimes","floor":1.0,"turns":4.0},{"damage":2.0,"enemies":"2 Louse","floor":3.0,"turns":2.0},{"damage":2.0,"enemies":"Jaw Worm","floor":4.0,"turns":3.0},{"damage":2.0,"enemies":"Gremlin Nob","floor":7.0,"turns":3.0},{"damage":0.0,"enemies":"Red Slaver","floor":8.0,"turns":2.0},{"damage":4.0,"enemies":"Exordium Wildlife","floor":11.0,"turns":3.0},{"damage":0.0,"enemies":"Lots of Slimes","floor":13.0,"turns":3.0},{"damage":18.0,"enemies":"Hexaghost","floor":16.0,"turns":10.0},{"damage":3.0,"enemies":"Shell Parasite","floor":18.0,"turns":5.0},{"damage":9.0,"enemies":"Spheric Guardian","floor":19.0,"turns":4.0},{"damage":25.0,"enemies":"Centurion and Healer","floor":20.0,"turns":7.0},{"damage":7.0,"enemies":"Snake Plant","floor":22.0,"turns":5.0},{"damage":5.0,"enemies":"Sentry and Sphere","floor":24.0,"turns":4.0},{"damage":8.0,"enemies":"Book of Stabbing","floor":27.0,"turns":6.0},{"damage":6.0,"enemies":"Shelled Parasite and Fungi","floor":29.0,"turns":6.0},{"damage":5.0,"enemies":"Centurion and Healer","floor":31.0,"turns":7.0},{"damage":87,"enemies":"Champ","floor":33,"turns":16}],"seed_played":"-3136415445083842847","potions_obtained":[{"floor":1.0,"key":"FearPotion"},{"floor":3.0,"key":"Regen Potion"},{"floor":8.0,"key":"SkillPotion"},{"floor":19.0,"key":"GamblersBrew"},{"floor":22.0,"key":"SteroidPotion"},{"floor":24.0,"key":"Block Potion"},{"floor":31.0,"key":"Weak Potion"}],"is_trial":false,"path_per_floor":["M","?","M","M","?","R","E","M","T","?","M","$","M","?","R","B",null,"M","M","M","?","M","R","M","R","T","E","R","M","R","M","R","B"],"character_chosen":"THE_SILENT","items_purchased":["Well Laid Plans","Backstab"],"campfire_rested":0,"item_purchase_floors":[12,12],"current_hp_per_floor":[58,66,64,62,62,62,60,60,60,60,56,56,56,56,56,38,59,56,47,37,37,30,42,37,49,49,41,53,47,59,54,66,0],"gold":292,"neow_bonus":"BOSS_RELIC","is_prod":false,"is_daily":false,"chose_seed":false,"campfire_upgraded":7,"win_rate":0,"timestamp":1552527998,"path_taken":["M","?","M","M","?","R","E","M","T","?","M","?","?","?","R","BOSS","M","?","M","?","M","R","M","R","T","E","R","?","R","M","R","BOSS"],"build_version":"2019-01-23","purchased_purges":0,"victory":false,"max_hp_per_floor":[66,66,66,66,66,66,66,66,66,66,66,66,66,66,66,66,66,66,66,66,66,66,66,66,66,66,66,66,66,66,66,66,66],"card_choices":[{"not_picked":["Endless Agony","Underhanded Strike"],"picked":"Skewer","floor":1.0},{"not_picked":["Heel Hook","Poisoned Stab"],"picked":"Sucker Punch","floor":3.0},{"not_picked":["Bouncing Flask","Underhanded Strike","Caltrops"],"picked":"SKIP","floor":4.0},{"not_picked":["Catalyst","Acrobatics"],"picked":"Slice","floor":7.0},{"not_picked":["Prepared","PiercingWail"],"picked":"Escape Plan","floor":8.0},{"not_picked":["Finisher","Masterful Stab","Setup"],"picked":"SKIP","floor":11.0},{"not_picked":["Quick Slash","Catalyst","Prepared"],"picked":"SKIP","floor":13.0},{"not_picked":["Burst","Die Die Die"],"picked":"Malaise","floor":16.0},{"not_picked":["Catalyst","Masterful Stab"],"picked":"PiercingWail+1","floor":18.0},{"not_picked":["PiercingWail","Poisoned Stab","Dodge and Roll"],"picked":"SKIP","floor":19.0},{"not_picked":["Flechettes","Tactician"],"picked":"Terror","floor":20.0},{"not_picked":["Dash","Blade Dance"],"picked":"Outmaneuver","floor":22.0},{"not_picked":["PiercingWail","Predator","Expertise"],"picked":"SKIP","floor":24.0},{"not_picked":["Blade Dance","Accuracy","Reflex+1"],"picked":"SKIP","floor":27.0},{"not_picked":["Backflip","Quick Slash","Dagger Spray"],"picked":"SKIP","floor":29.0},{"not_picked":["Poisoned Stab","Dagger Spray","Deadly Poison"],"picked":"SKIP","floor":31.0}],"player_experience":703514,"relics_obtained":[{"floor":7.0,"key":"Whetstone"},{"floor":9.0,"key":"Letter Opener"},{"floor":26.0,"key":"Sundial"},{"floor":27.0,"key":"Turnip"}],"event_choices":[{"damage_healed":16.0,"max_hp_gain":0.0,"max_hp_loss":0.0,"gold_gain":0.0,"event_name":"The Cleric","player_choice":"Healed","floor":2.0,"gold_loss":35.0,"damage_taken":0.0},{"damage_healed":0.0,"max_hp_gain":0.0,"max_hp_loss":0.0,"gold_gain":0.0,"event_name":"Golden Wing","player_choice":"Ignored","floor":5.0,"gold_loss":0.0,"damage_taken":0.0},{"damage_healed":0.0,"max_hp_gain":0.0,"max_hp_loss":0.0,"gold_gain":0.0,"event_name":"Living Wall","player_choice":"Grow","floor":10.0,"gold_loss":0.0,"damage_taken":0.0,"cards_upgraded":["Sucker Punch"]},{"damage_healed":0.0,"max_hp_gain":0.0,"max_hp_loss":0.0,"gold_gain":0.0,"event_name":"Upgrade Shrine","player_choice":"Upgraded","floor":14.0,"gold_loss":0.0,"damage_taken":0.0,"cards_upgraded":["Well Laid Plans"]},{"damage_healed":0.0,"max_hp_gain":0.0,"max_hp_loss":0.0,"gold_gain":50.0,"event_name":"Golden Shrine","player_choice":"Pray","floor":21.0,"gold_loss":0.0,"damage_taken":0.0}],"is_beta":false,"boss_relics":[{"not_picked":["Runic Dome","Lizard Tail"],"picked":"Eternal Feather"}],"items_purged_floors":[],"is_endless":false,"potions_floor_spawned":[1,3,8,19,22,24,31],"killed_by":"Champ","ascension_level":15}