{"gold_per_floor":[113,113,125,85,101,101,117,117,117,117,131,131,145,170,170,266,266,278,298,298,298,498,498,515,531,531,531,543,560,560,434,434,434],"floor_reached":33,"playtime":1612,"items_purged":["Perfected Strike"],"score":275,"play_id":"1b09e6fe-d9ca-4ed2-b991-28a25ed1dec7","local_time":"20180802214650","is_ascension_mode":true,"campfire_choices":[{"data":"Bash","floor":6,"key":"SMITH"},{"floor":8,"key":"REST"},{"data":"Defend_R","floor":15,"key":"SMITH"},{"data":"Dropkick","floor":23,"key":"SMITH"},{"data":"Shrug It Off","floor":27,"key":"SMITH"},{"floor":32,"key":"REST"}],"neow_cost":"TEN_PERCENT_HP_LOSS","seed_source_timestamp":155120694039641,"circlet_count":0,"master_deck":["Bash+1","Shrug It Off+1","Blood for Blood","Rampage","Sever Soul","Blood for Blood","Heavy Blade","Dropkick+1"],"relics":["Burning Blood","Thread and Needle","Bird Faced Urn","Potion Belt","Pandora\u0027s Box","Girya","Enchiridion"],"potions_floor_usage":[7,16,16,16,33,33],"damage_taken":[{"damage":13,"enemies":"2 Louse","floor":1,"turns":3},{"damage":7,"enemies":"Small Slimes","floor":3,"turns":4},{"damage":7,"enemies":"Jaw Worm","floor":5,"turns":3},{"damage":4,"enemies":"Exordium Thugs","floor":7,"turns":5},{"damage":3,"enemies":"Blue Slaver","floor":11,"turns":3},{"damage":0,"enemies":"Large Slime","floor":13,"turns":4},{"damage":44,"enemies":"Hexaghost","floor":16,"turns":9},{"damage":16,"enemies":"Chosen","floor":18,"turns":4},{"damage":16,"enemies":"2 Thieves","floor":19,"turns":4},{"damage":5,"enemies":"Snecko","floor":24,"turns":3},{"damage":15,"enemies":"Cultist and Chosen","floor":25,"turns":5},{"damage":36,"enemies":"3 Cultists","floor":28,"turns":6},{"damage":14,"enemies":"Centurion and Healer","floor":29,"turns":6},{"damage":37,"enemies":"Champ","floor":33,"turns":7}],"seed_played":"4984488008212530327","potions_obtained":[{"floor":4,"key":"FearPotion"},{"floor":4,"key":"Block Potion"},{"floor":4,"key":"PowerPotion"},{"floor":7,"key":"LiquidBronze"},{"floor":24,"key":"LiquidBronze"},{"floor":25,"key":"Ancient Potion"}],"is_trial":false,"path_per_floor":["M","?","M","?","M","R","M","R","T","?","M","?","M","T","R","B",null,"M","M","?","?","?","R","M","M","T","R","M","M","?","$","R"],"character_chosen":"IRONCLAD","items_purchased":["PowerPotion"],"campfire_rested":2,"item_purchase_floors":[31],"current_hp_per_floor":[65,53,52,52,51,51,53,72,72,58,61,61,67,67,67,31,72,62,52,72,72,72,72,72,63,63,63,33,25,9,9,30,0],"gold":434,"neow_bonus":"REMOVE_TWO","is_prod":false,"is_daily":false,"chose_seed":false,"campfire_upgraded":4,"win_rate":0,"timestamp":1533260810,"path_taken":["M","?","M","?","M","R","M","R","T","?","M","?","?","?","R","BOSS","M","M","?","?","?","R","?","M","T","R","M","M","?","$","R","BOSS"],"build_version":"2018-07-26","purchased_purges":1,"victory":false,"max_hp_per_floor":[72,72,72,72,72,72,72,72,72,72,72,72,72,72,72,72,72,72,72,72,72,72,72,72,72,72,72,72,72,72,72,72,72],"card_choices":[{"not_picked":["Twin Strike","Headbutt","Perfected Strike"],"picked":"SKIP","floor":1},{"not_picked":["Hemokinesis","Clash","Sword Boomerang"],"picked":"SKIP","floor":3},{"not_picked":["Perfected Strike","Armaments","Intimidate"],"picked":"SKIP","floor":5},{"not_picked":["Sentinel","Clothesline","Corruption"],"picked":"SKIP","floor":7},{"not_picked":["Sword Boomerang","Sever Soul","Sentinel"],"picked":"SKIP","floor":11},{"not_picked":["Perfected Strike","Body Slam","Thunderclap"],"picked":"SKIP","floor":13},{"not_picked":["Thunderclap+1","Fire Breathing","Infernal Blade"],"picked":"SKIP","floor":18},{"not_picked":["Pommel Strike","True Grit+1"],"picked":"Dropkick","floor":19},{"not_picked":["Flame Barrier","Ghostly Armor","Armaments+1"],"picked":"SKIP","floor":24},{"not_picked":["Infernal Blade+1","Shrug It Off","Rupture+1"],"picked":"SKIP","floor":25},{"not_picked":["Perfected Strike+1","Pommel Strike","Wild Strike"],"picked":"SKIP","floor":28},{"not_picked":["Carnage","Perfected Strike","Clash"],"picked":"SKIP","floor":29}],"player_experience":143083,"relics_obtained":[{"floor":9,"key":"Bird Faced Urn"},{"floor":14,"key":"Potion Belt"},{"floor":26,"key":"Girya"},{"floor":30,"key":"Enchiridion"}],"event_choices":[{"event_name":"Scrap Ooze","player_choice":"success","floor":2,"damage_taken":12},{"event_name":"The Woman in Blue","player_choice":"Bought 3 Potions","floor":4,"damage_taken":0},{"event_name":"Shining Light","player_choice":"Entered Light","floor":10,"damage_taken":0},{"event_name":"Liars Game","player_choice":"disagreed","floor":12,"damage_taken":0},{"event_name":"The Library","player_choice":"Heal","floor":20,"damage_taken":0},{"event_name":"Drug Dealer","player_choice":"Ignored","floor":21,"damage_taken":0},{"event_name":"The Joust","player_choice":"Bet on Owner","floor":22,"damage_taken":0},{"event_name":"Cursed Tome","player_choice":"Obtained Book","floor":30,"damage_taken":0}],"is_beta":false,"boss_relics":[{"not_picked":["Calling Bell","Cursed Key"],"picked":"Pandora\u0027s Box"}],"items_purged_floors":[31],"is_endless":false,"potions_floor_spawned":[7,13,24,25],"killed_by":"Champ","ascension_level":3}