{"gold_per_floor":[111,36,46,46,62,62,90,90,90,122,397,411,46,46,46,122,122,139,54,74,74,88,88,114,114,137,137,170,190,190,201,201,280,280,290,306,320,420,440,468,468,501,501,528,580,612,612,645,645,645],"floor_reached":51,"playtime":3518,"items_purged":[],"score":1508,"play_id":"b58c07d8-accd-4b52-afa1-c4b4985f4f6c","local_time":"20181123203140","is_ascension_mode":true,"campfire_choices":[{"data":"Body Slam","floor":6.0,"key":"SMITH"},{"data":"Armaments","floor":8.0,"key":"SMITH"},{"data":"Whirlwind","floor":15.0,"key":"SMITH"},{"data":"Fiend Fire","floor":23.0,"key":"SMITH"},{"data":"Infernal Blade","floor":25.0,"key":"SMITH"},{"data":"True Grit","floor":27.0,"key":"SMITH"},{"data":"Ghostly Armor","floor":32.0,"key":"SMITH"},{"data":"Shockwave","floor":41.0,"key":"SMITH"},{"data":"1","floor":47.0,"key":"LIFT"},{"floor":49.0,"key":"REST"}],"neow_cost":"NONE","seed_source_timestamp":771698016396294,"circlet_count":0,"master_deck":["AscendersBane","Strike_R","Strike_R","Strike_R","Strike_R","Strike_R","Defend_R","Defend_R","Defend_R","Bash+1","Flame Barrier","Body Slam+1","Armaments+1","Ghostly Armor+1","Shockwave+1","Regret","Whirlwind+1","Metallicize+1","Fiend Fire+1","Pommel Strike+1","Evolve+1","True Grit+1","Infernal Blade+1","Corruption+1","Shrug It Off","True Grit","Reaper","Entrench+1","Shrug It Off","Offering","Clothesline+1","Searing Blow+2","Blood for Blood","Normality","Shrug It Off+1"],"special_seed":0,"relics":["Burning Blood","Question Card","Centennial Puzzle","Blue Candle","Strawberry","Frozen Egg 2","Letter Opener","Mark of Pain","Incense Burner","Bottled Tornado","PreservedInsect","Red Mask","Cursed Key","Thread and Needle","Boot","Happy Flower","Kunai","Ginger","Girya","Dodecahedron","Whetstone"],"potions_floor_usage":[50,50],"damage_taken":[{"damage":0.0,"enemies":"Small Slimes","floor":1.0,"turns":3.0},{"damage":9.0,"enemies":"Jaw Worm","floor":3.0,"turns":3.0},{"damage":0.0,"enemies":"2 Louse","floor":5.0,"turns":3.0},{"damage":15.0,"enemies":"Lagavulin","floor":7.0,"turns":6.0},{"damage":22.0,"enemies":"3 Sentries","floor":10.0,"turns":9.0},{"damage":10.0,"enemies":"Red Slaver","floor":12.0,"turns":4.0},{"damage":45.0,"enemies":"The Guardian","floor":16.0,"turns":15.0},{"damage":9.0,"enemies":"3 Byrds","floor":18.0,"turns":3.0},{"damage":15.0,"enemies":"Spheric Guardian","floor":20.0,"turns":4.0},{"damage":0.0,"enemies":"Snake Plant","floor":22.0,"turns":4.0},{"damage":20.0,"enemies":"Slavers","floor":24.0,"turns":6.0},{"damage":11.0,"enemies":"Masked Bandits","floor":28.0,"turns":3.0},{"damage":1.0,"enemies":"Chosen and Byrds","floor":29.0,"turns":3.0},{"damage":1.0,"enemies":"Snecko","floor":31.0,"turns":4.0},{"damage":24.0,"enemies":"Collector","floor":33.0,"turns":10.0},{"damage":1.0,"enemies":"Orb Walker","floor":35.0,"turns":5.0},{"damage":3.0,"enemies":"3 Darklings","floor":36.0,"turns":6.0},{"damage":1.0,"enemies":"Spire Growth","floor":37.0,"turns":5.0},{"damage":7.0,"enemies":"Mind Bloom Boss Battle","floor":38.0,"turns":5.0},{"damage":9.0,"enemies":"Maw","floor":39.0,"turns":7.0},{"damage":2.0,"enemies":"Giant Head","floor":40.0,"turns":6.0},{"damage":17.0,"enemies":"Nemesis","floor":42.0,"turns":7.0},{"damage":13.0,"enemies":"Reptomancer","floor":44.0,"turns":5.0},{"damage":14.0,"enemies":"2 Orb Walkers","floor":45.0,"turns":4.0},{"damage":18.0,"enemies":"Nemesis","floor":46.0,"turns":6.0},{"damage":29.0,"enemies":"Reptomancer","floor":48.0,"turns":6.0},{"damage":59,"enemies":"Time Eater","floor":50,"turns":16}],"seed_played":"1600568449041630484","potions_obtained":[{"floor":1.0,"key":"Energy Potion"},{"floor":5.0,"key":"SkillPotion"},{"floor":12.0,"key":"Energy Potion"},{"floor":18.0,"key":"Energy Potion"},{"floor":22.0,"key":"Block Potion"},{"floor":29.0,"key":"SkillPotion"},{"floor":30.0,"key":"EntropicBrew"},{"floor":31.0,"key":"PowerPotion"},{"floor":35.0,"key":"Block Potion"},{"floor":37.0,"key":"SkillPotion"},{"floor":38.0,"key":"EssenceOfSteel"},{"floor":45.0,"key":"Block Potion"},{"floor":48.0,"key":"SkillPotion"}],"is_trial":false,"path_per_floor":["M","?","M","T","M","R","E","R","T","E","?","M","$","T","R","B",null,"M","?","M","?","M","R","E","R","T","R","?","M","?","M","R","B",null,"M","M","M","?","M","E","R","E","T","E","?","E","R","E","R","B",null],"character_chosen":"IRONCLAD","items_purchased":["Frozen Egg 2","Metallicize+1"],"campfire_rested":1,"item_purchase_floors":[13,13],"current_hp_per_floor":[74,74,71,71,75,75,66,66,66,57,57,53,53,53,53,14,65,62,62,53,53,59,59,45,45,45,45,40,45,45,50,50,32,70,81,82,82,81,78,82,82,78,78,76,76,70,70,61,82,29],"gold":645,"neow_bonus":"UPGRADE_CARD","is_prod":false,"is_daily":false,"chose_seed":false,"campfire_upgraded":8,"win_rate":0,"timestamp":1543001500,"path_taken":["M","?","M","?","M","R","E","R","T","E","?","?","?","?","R","BOSS","M","?","M","?","M","R","E","R","T","R","?","M","?","?","R","BOSS","M","?","M","?","M","E","R","E","T","E","?","E","R","E","R","BOSS"],"build_version":"2018-11-15","purchased_purges":0,"victory":true,"max_hp_per_floor":[75,75,75,75,75,75,75,75,75,82,82,82,82,82,82,82,82,82,82,82,82,82,82,82,82,82,82,82,82,82,82,82,82,82,82,82,82,82,82,82,82,82,82,82,82,82,82,82,82,82],"card_choices":[{"not_picked":["Rupture","Evolve"],"picked":"Flame Barrier","floor":1.0},{"not_picked":["Pummel","Clash"],"picked":"Body Slam","floor":3.0},{"not_picked":["Thunderclap","Heavy Blade","Clash"],"picked":"Armaments","floor":5.0},{"not_picked":["Shockwave","Reaper","Searing Blow"],"picked":"Ghostly Armor","floor":7.0},{"not_picked":["Armaments","Heavy Blade","Blood for Blood"],"picked":"Shockwave","floor":10.0},{"not_picked":["Perfected Strike","Twin Strike","Clothesline"],"picked":"Whirlwind","floor":12.0},{"not_picked":["Double Tap","Demon Form+1","Brutality+1"],"picked":"Fiend Fire","floor":16.0},{"not_picked":["Anger","Armaments","Perfected Strike+1"],"picked":"Pommel Strike","floor":18.0},{"not_picked":["Entrench","Wild Strike","Clash"],"picked":"Evolve+1","floor":20.0},{"not_picked":["Reckless Charge","Flame Barrier","Body Slam"],"picked":"True Grit","floor":22.0},{"not_picked":["Anger","Pommel Strike","Limit Break"],"picked":"Infernal Blade","floor":24.0},{"not_picked":["Headbutt","Armaments","Blood for Blood"],"picked":"Corruption+1","floor":28.0},{"not_picked":["Corruption+1","Infernal Blade","Thunderclap+1"],"picked":"Shrug It Off","floor":29.0},{"not_picked":["Sever Soul","Hemokinesis","Second Wind"],"picked":"True Grit","floor":31.0},{"not_picked":["Juggernaut+1","Brutality+1","Limit Break"],"picked":"Reaper","floor":33.0},{"not_picked":["Battle Trance","Burning Pact","Clash"],"picked":"Entrench+1","floor":35.0},{"not_picked":["Burning Pact","True Grit","Warcry"],"picked":"Shrug It Off","floor":36.0},{"not_picked":["Whirlwind","Bloodletting","Sword Boomerang"],"picked":"Offering","floor":37.0},{"not_picked":["Twin Strike","True Grit","Anger"],"picked":"Clothesline+1","floor":38.0},{"not_picked":["Wild Strike+1","Flame Barrier","True Grit+1"],"picked":"Searing Blow+1","floor":39.0},{"not_picked":["Sword Boomerang","Second Wind","Pummel+1","Wild Strike"],"picked":"SKIP","floor":40.0},{"not_picked":["Uppercut","Limit Break","Searing Blow"],"picked":"Blood for Blood","floor":42.0},{"not_picked":["Searing Blow","Burning Pact","Warcry+1","Cleave"],"picked":"SKIP","floor":44.0},{"not_picked":["Sentinel","Pommel Strike","Warcry"],"picked":"Shrug It Off+1","floor":46.0},{"not_picked":["Cleave","Thunderclap","Flex","Second Wind"],"picked":"SKIP","floor":48.0}],"player_experience":876852,"relics_obtained":[{"floor":4.0,"key":"Question Card"},{"floor":7.0,"key":"Centennial Puzzle"},{"floor":9.0,"key":"Blue Candle"},{"floor":10.0,"key":"Strawberry"},{"floor":14.0,"key":"Letter Opener"},{"floor":24.0,"key":"Bottled Tornado"},{"floor":26.0,"key":"PreservedInsect"},{"floor":28.0,"key":"Red Mask"},{"floor":38.0,"key":"Thread and Needle"},{"floor":40.0,"key":"Boot"},{"floor":42.0,"key":"Happy Flower"},{"floor":43.0,"key":"Kunai"},{"floor":44.0,"key":"Ginger"},{"floor":45.0,"key":"Girya"},{"floor":46.0,"key":"Dodecahedron"},{"floor":48.0,"key":"Whetstone"}],"event_choices":[{"cards_removed":["Defend_R"],"damage_healed":0.0,"max_hp_gain":0.0,"max_hp_loss":0.0,"gold_gain":0.0,"event_name":"The Cleric","player_choice":"Card Removal","floor":2.0,"gold_loss":75.0,"damage_taken":0.0},{"damage_healed":0.0,"max_hp_gain":0.0,"max_hp_loss":0.0,"gold_gain":275.0,"event_name":"Golden Shrine","player_choice":"Desecrate","floor":11.0,"gold_loss":0.0,"damage_taken":0.0,"cards_obtained":["Regret"]},{"damage_healed":0.0,"max_hp_gain":0.0,"max_hp_loss":0.0,"gold_gain":0.0,"event_name":"Addict","player_choice":"Obtained Relic","floor":19.0,"gold_loss":85.0,"damage_taken":0.0,"relics_obtained":["Incense Burner"]},{"damage_healed":0.0,"max_hp_gain":0.0,"max_hp_loss":0.0,"gold_gain":0.0,"event_name":"Ghosts","player_choice":"Ignored","floor":21.0,"gold_loss":0.0,"damage_taken":0.0},{"damage_healed":0.0,"max_hp_gain":0.0,"max_hp_loss":0.0,"gold_gain":0.0,"event_name":"Masked Bandits","player_choice":"Fought Bandits","floor":28.0,"gold_loss":0.0,"damage_taken":0.0},{"damage_healed":0.0,"max_hp_gain":0.0,"max_hp_loss":0.0,"gold_gain":0.0,"event_name":"Lab","player_choice":"Got Potions","floor":30.0,"gold_loss":0.0,"damage_taken":0.0},{"damage_healed":0.0,"max_hp_gain":0.0,"max_hp_loss":0.0,"gold_gain":0.0,"event_name":"MindBloom","player_choice":"Fight","floor":38.0,"gold_loss":0.0,"damage_taken":0.0},{"damage_healed":0.0,"max_hp_gain":0.0,"max_hp_loss":0.0,"gold_gain":0.0,"event_name":"Mysterious Sphere","player_choice":"Fight","floor":45.0,"gold_loss":0.0,"damage_taken":0.0}],"is_beta":false,"boss_relics":[{"not_picked":["White Beast Statue","Pandora\u0027s Box"],"picked":"Mark of Pain"},{"not_picked":["Coffee Dripper","Astrolabe"],"picked":"Cursed Key"}],"items_purged_floors":[],"is_endless":false,"potions_floor_spawned":[1,5,12,18,22,29,31,35,37,38,45,48],"ascension_level":16}