{"gold_per_floor":[118,193,205,205,223,248,248,304,329,340,340,340,351,19,19,115,115,134,49,98,117,127,127,153,153,153,168,168,185,185,202,202,303,303,320,339,339,390,400,400,411,411,464,464,3,23,23,23,23,23],"floor_reached":51,"playtime":3748,"items_purged":["Defend_G","Strike_G"],"score":742,"play_id":"7fb5fe9f-3b74-4bba-902c-933e275883cd","local_time":"20181024003627","is_ascension_mode":false,"campfire_choices":[{"data":"Neutralize","floor":7,"key":"SMITH"},{"floor":11,"key":"REST"},{"floor":15,"key":"REST"},{"data":"Cloak And Dagger","floor":23,"key":"SMITH"},{"data":"Storm of Steel","floor":25,"key":"SMITH"},{"data":"Backflip","floor":28,"key":"SMITH"},{"data":"Backflip","floor":30,"key":"SMITH"},{"data":"Escape Plan","floor":32,"key":"SMITH"},{"floor":40,"key":"REST"},{"floor":44,"key":"REST"},{"floor":49,"key":"REST"}],"neow_cost":"NONE","seed_source_timestamp":4361772624959,"circlet_count":0,"master_deck":["Defend_G","Defend_G","Defend_G+1","Defend_G","Strike_G","Strike_G","Strike_G","Survivor","Neutralize+1","PiercingWail","Backflip+1","Storm of Steel+1","Escape Plan+1","Predator","Backflip+1","Grand Finale","Cloak And Dagger+1","After Image","Tools of the Trade","Backflip+1","Cloak And Dagger","Madness+1","Madness","Backflip","Escape Plan","Footwork","Footwork+1","Wraith Form v2"],"relics":["Ring of the Snake","Dream Catcher","Oddly Smooth Stone","Tiny Chest","PreservedInsect","Question Card","Shuriken","Busted Crown","Turnip","Pen Nib","Anchor","Blue Candle","Lizard Tail","StoneCalendar","Strawberry","War Paint","Bag of Marbles","Unceasing Top"],"potions_floor_usage":[6,6,24,35,50,50],"damage_taken":[{"damage":0,"enemies":"2 Louse","floor":1,"turns":3},{"damage":1,"enemies":"Cultist","floor":3,"turns":5},{"damage":0,"enemies":"Jaw Worm","floor":5,"turns":5},{"damage":39,"enemies":"Lagavulin","floor":6,"turns":13},{"damage":7,"enemies":"Red Slaver","floor":10,"turns":2},{"damage":0,"enemies":"Blue Slaver","floor":13,"turns":3},{"damage":16,"enemies":"Hexaghost","floor":16,"turns":9},{"damage":1,"enemies":"2 Thieves","floor":18,"turns":3},{"damage":0,"enemies":"Chosen","floor":21,"turns":2},{"damage":0,"enemies":"Shelled Parasite and Fungi","floor":22,"turns":3},{"damage":0,"enemies":"Gremlin Leader","floor":24,"turns":3},{"damage":0,"enemies":"Snake Plant","floor":27,"turns":5},{"damage":5,"enemies":"Snecko","floor":29,"turns":5},{"damage":0,"enemies":"Centurion and Healer","floor":31,"turns":4},{"damage":19,"enemies":"Collector","floor":33,"turns":6},{"damage":3,"enemies":"3 Darklings","floor":35,"turns":5},{"damage":0,"enemies":"Orb Walker","floor":36,"turns":3},{"damage":37,"enemies":"2 Orb Walkers","floor":38,"turns":9},{"damage":4,"enemies":"Maw","floor":39,"turns":8},{"damage":3,"enemies":"Spire Growth","floor":41,"turns":5},{"damage":4,"enemies":"4 Shapes","floor":46,"turns":7},{"damage":0,"enemies":"Mind Bloom Boss Battle","floor":47,"turns":4},{"damage":0,"enemies":"Donu and Deca","floor":50,"turns":10}],"seed_played":"1028660780438845033","potions_obtained":[{"floor":1,"key":"SteroidPotion"},{"floor":5,"key":"Block Potion"},{"floor":10,"key":"Swift Potion"},{"floor":16,"key":"GamblersBrew"},{"floor":18,"key":"Fire Potion"},{"floor":27,"key":"SteroidPotion"},{"floor":29,"key":"Regen Potion"},{"floor":31,"key":"Fire Potion"},{"floor":35,"key":"Fire Potion"},{"floor":46,"key":"Energy Potion"}],"is_trial":false,"path_per_floor":["M","?","M","?","M","E","R","T","T","M","R","T","M","$","R","B",null,"M","?","T","M","M","R","E","R","T","M","R","M","R","M","R","B",null,"M","M","?","?","M","R","M","?","T","R","$","M","?","$","R","B"],"character_chosen":"THE_SILENT","items_purchased":["Shuriken","War Paint","Bag of Marbles","Footwork"],"campfire_rested":5,"item_purchase_floors":[14,45,45,45],"current_hp_per_floor":[70,63,62,62,62,23,23,23,23,16,37,37,37,37,58,42,70,69,69,69,69,69,69,69,69,69,69,69,64,64,64,64,45,70,67,67,58,21,17,38,35,28,35,58,58,54,54,54,77,77],"gold":23,"neow_bonus":"RANDOM_COMMON_RELIC","is_prod":false,"is_daily":false,"chose_seed":false,"campfire_upgraded":6,"win_rate":0,"timestamp":1540355787,"path_taken":["M","?","?","?","M","E","R","?","T","M","R","?","M","$","R","BOSS","M","?","?","M","M","R","E","R","T","?","R","M","R","M","R","BOSS","M","?","?","?","M","R","M","?","T","R","$","?","?","?","R","BOSS"],"build_version":"2018-10-18","purchased_purges":2,"victory":true,"max_hp_per_floor":[70,70,70,70,70,70,70,70,70,70,70,70,70,70,70,70,70,70,70,70,70,70,70,70,70,70,70,70,70,70,70,70,70,70,70,70,70,70,70,70,70,70,77,77,77,77,77,77,77,77],"card_choices":[{"not_picked":["Catalyst","Skewer","Predator"],"picked":"SKIP","floor":1},{"not_picked":["Calculated Gamble","Poisoned Stab"],"picked":"PiercingWail","floor":3},{"not_picked":["Quick Slash","PiercingWail"],"picked":"Backflip","floor":5},{"not_picked":["Choke","Distraction"],"picked":"Storm of Steel","floor":6},{"not_picked":["Catalyst","Choke"],"picked":"Escape Plan","floor":10},{"not_picked":["Dodge and Roll","Leg Sweep"],"picked":"Predator","floor":11},{"not_picked":["Dagger Throw","All Out Attack","Reflex"],"picked":"Backflip","floor":13},{"not_picked":["Glass Knife","Envenom","Storm of Steel"],"picked":"Grand Finale","floor":16},{"not_picked":["Acrobatics","Bane+1"],"picked":"SKIP","floor":18},{"not_picked":["Underhanded Strike","Dagger Spray+1"],"picked":"SKIP","floor":21},{"not_picked":["Sucker Punch"],"picked":"Cloak And Dagger","floor":22},{"not_picked":["Crippling Poison"],"picked":"After Image","floor":24},{"not_picked":["Slice","Flying Knee"],"picked":"SKIP","floor":27},{"not_picked":["Deflect","Flying Knee"],"picked":"SKIP","floor":29},{"not_picked":["Outmaneuver","Slice"],"picked":"SKIP","floor":31},{"not_picked":["Phantasmal Killer"],"picked":"Tools of the Trade","floor":33},{"not_picked":["Dodge and Roll"],"picked":"Backflip+1","floor":35},{"not_picked":["Poisoned Stab+1"],"picked":"Cloak And Dagger","floor":36},{"not_picked":["Blade Dance"],"picked":"Backflip","floor":38},{"not_picked":["Dagger Spray+1","Deadly Poison"],"picked":"SKIP","floor":39},{"not_picked":["Dagger Spray+1","Deadly Poison"],"picked":"SKIP","floor":39},{"not_picked":["Deadly Poison","Eviscerate+1"],"picked":"SKIP","floor":41},{"not_picked":["Backstab+1"],"picked":"Escape Plan","floor":44},{"not_picked":["Tactician","Deflect+1"],"picked":"SKIP","floor":46},{"not_picked":["Quick Slash"],"picked":"Footwork+1","floor":47},{"not_picked":["Bouncing Flask+1"],"picked":"Wraith Form v2","floor":49}],"player_experience":231517,"relics_obtained":[{"floor":6,"key":"Oddly Smooth Stone"},{"floor":8,"key":"Tiny Chest"},{"floor":9,"key":"PreservedInsect"},{"floor":12,"key":"Question Card"},{"floor":20,"key":"Pen Nib"},{"floor":24,"key":"Anchor"},{"floor":26,"key":"Blue Candle"},{"floor":38,"key":"StoneCalendar"},{"floor":43,"key":"Strawberry"},{"floor":47,"key":"Unceasing Top"}],"event_choices":[{"damage_healed":0,"gold_gain":75,"player_choice":"Touch","damage_taken":7,"max_hp_gain":0,"max_hp_loss":0,"event_name":"FaceTrader","floor":2,"gold_loss":0},{"cards_removed":["Strike_G"],"damage_healed":0,"gold_gain":0,"player_choice":"Forget","damage_taken":0,"max_hp_gain":0,"max_hp_loss":0,"event_name":"Living Wall","floor":4,"gold_loss":0},{"damage_healed":0,"gold_gain":0,"player_choice":"Obtained Relic","damage_taken":0,"relics_obtained":["Turnip"],"max_hp_gain":0,"max_hp_loss":0,"event_name":"Addict","floor":19,"gold_loss":85},{"damage_healed":0,"gold_gain":0,"player_choice":"Embrace Madness","damage_taken":9,"max_hp_gain":0,"max_hp_loss":0,"event_name":"Winding Halls","floor":37,"gold_loss":0,"cards_obtained":["Madness","Madness"]},{"damage_healed":0,"gold_gain":0,"player_choice":"Fight","damage_taken":0,"max_hp_gain":0,"max_hp_loss":0,"event_name":"Mysterious Sphere","floor":38,"gold_loss":0},{"damage_healed":0,"gold_gain":0,"player_choice":"Damaged","damage_taken":7,"max_hp_gain":0,"max_hp_loss":0,"event_name":"Wheel of Change","floor":42,"gold_loss":0},{"damage_healed":0,"gold_gain":0,"player_choice":"Fight","damage_taken":0,"max_hp_gain":0,"max_hp_loss":0,"event_name":"MindBloom","floor":47,"gold_loss":0}],"is_beta":false,"boss_relics":[{"not_picked":["Ring of the Serpent","Cursed Key"],"picked":"Busted Crown"},{"not_picked":["Calling Bell","Orrery"],"picked":"Lizard Tail"}],"items_purged_floors":[14,45],"is_endless":false,"potions_floor_spawned":[1,5,10,16,18,27,29,31,35,39,46,47],"ascension_level":0}