{"gold_per_floor":[215,235,18,18,38,38,50,76,76,121,121,155,155,174,174,253,253,272,285,300,313,326,326,355,280,280,294,294],"floor_reached":28,"playtime":1563,"items_purged":[],"score":504,"play_id":"e9e98444-2a3a-4a9a-9bb0-541e50ce33e6","local_time":"20181018122642","is_ascension_mode":true,"campfire_choices":[{"data":"Defragment","floor":6,"key":"SMITH"},{"data":"Fission","floor":11,"key":"SMITH"},{"floor":13,"key":"REST"},{"data":"Chaos","floor":15,"key":"SMITH"},{"data":"Defragment","floor":23,"key":"SMITH"}],"neow_cost":"NONE","seed_source_timestamp":587488548222729,"circlet_count":0,"master_deck":["Strike_B","Defend_B+1","Defend_B","Defend_B","Zap","Dualcast","AscendersBane","Defragment+1","Double Energy","Cold Snap","Compile Driver","Glacier+1","Fission+1","Chaos+1","White Noise","Rainbow","Skim+1","Reinforced Body+1","Buffer+1","Ball Lightning","Defragment+1","Core Surge","Turbo"],"relics":["Cracked Core","Anchor","Darkstone Periapt","Blood Vial","Pear","War Paint","Matryoshka","Astrolabe","Juzu Bracelet","Strawberry","Dodecahedron"],"potions_floor_usage":[12,14,21,22,27,28],"damage_taken":[{"damage":5,"enemies":"2 Louse","floor":1,"turns":3},{"damage":0,"enemies":"Cultist","floor":2,"turns":3},{"damage":2,"enemies":"Jaw Worm","floor":5,"turns":3},{"damage":7,"enemies":"Gremlin Gang","floor":7,"turns":6},{"damage":19,"enemies":"Lagavulin","floor":8,"turns":8},{"damage":40,"enemies":"Gremlin Nob","floor":12,"turns":5},{"damage":6,"enemies":"2 Fungi Beasts","floor":14,"turns":3},{"damage":9,"enemies":"Slime Boss","floor":16,"turns":10},{"damage":0,"enemies":"Spheric Guardian","floor":18,"turns":5},{"damage":0,"enemies":"Chosen","floor":19,"turns":5},{"damage":0,"enemies":"Snecko","floor":20,"turns":7},{"damage":4,"enemies":"Centurion and Healer","floor":21,"turns":9},{"damage":20,"enemies":"Shelled Parasite and Fungi","floor":22,"turns":6},{"damage":42,"enemies":"Slavers","floor":24,"turns":6},{"damage":0,"enemies":"Chosen and Byrds","floor":27,"turns":4},{"damage":39,"enemies":"Gremlin Leader","floor":28,"turns":7}],"seed_played":"7057502544495031605","potions_obtained":[{"floor":1,"key":"SkillPotion"},{"floor":8,"key":"FocusPotion"},{"floor":12,"key":"Regen Potion"},{"floor":16,"key":"PowerPotion"},{"floor":21,"key":"AttackPotion"},{"floor":24,"key":"Ancient Potion"},{"floor":27,"key":"Weak Potion"}],"is_trial":false,"path_per_floor":["M","M","$","?","M","R","M","E","T","T","R","E","R","M","R","B",null,"M","M","M","M","M","R","E","?","T","M"],"character_chosen":"DEFECT","items_purchased":["Anchor","Cold Snap"],"campfire_rested":1,"item_purchase_floors":[3,3],"current_hp_per_floor":[59,59,59,59,57,57,50,31,41,41,41,3,27,32,32,25,67,69,71,73,71,53,53,13,13,20,22,0],"gold":294,"neow_bonus":"HUNDRED_GOLD","is_prod":false,"is_daily":false,"chose_seed":false,"campfire_upgraded":4,"win_rate":0,"timestamp":1539858402,"path_taken":["M","M","$","?","M","R","M","E","T","?","R","E","R","M","R","BOSS","M","M","M","M","?","R","E","?","T","M","E"],"build_version":"2018-10-11","purchased_purges":0,"victory":false,"max_hp_per_floor":[71,71,71,71,71,71,71,71,81,81,81,81,81,81,81,81,81,81,81,81,81,81,81,81,81,88,88,88],"card_choices":[{"not_picked":["Ball Lightning","Leap"],"picked":"Defragment","floor":1},{"not_picked":["Streamline","Beam Cell"],"picked":"Double Energy","floor":2},{"not_picked":["Leap","Go for the Eyes"],"picked":"Compile Driver","floor":5},{"not_picked":["Consume","Conserve Battery"],"picked":"Glacier","floor":7},{"not_picked":["Gash","Glacier"],"picked":"Fission","floor":8},{"not_picked":["Redo","Leap"],"picked":"Chaos","floor":12},{"not_picked":["Auto Shields","Steam Power"],"picked":"White Noise","floor":14},{"not_picked":["Meteor Strike","Fission"],"picked":"Rainbow","floor":16},{"not_picked":["Steam","Coolheaded"],"picked":"Ball Lightning","floor":18},{"not_picked":["Cold Snap+1","Hologram","Steam Power"],"picked":"SKIP","floor":19},{"not_picked":["Streamline","Genetic Algorithm","Darkness"],"picked":"SKIP","floor":20},{"not_picked":["Streamline","Sweeping Beam"],"picked":"Defragment","floor":21},{"not_picked":["Hologram","Streamline"],"picked":"Core Surge","floor":22},{"not_picked":["Hologram","Glacier"],"picked":"Turbo","floor":24},{"not_picked":["Beam Cell+1","Stack","Streamline"],"picked":"SKIP","floor":27}],"player_experience":841809,"relics_obtained":[{"floor":8,"key":"Blood Vial"},{"floor":9,"key":"Pear"},{"floor":10,"key":"War Paint"},{"floor":12,"key":"Matryoshka"},{"floor":24,"key":"Juzu Bracelet"},{"floor":26,"key":"Strawberry"},{"floor":26,"key":"Dodecahedron"}],"event_choices":[{"event_name":"WeMeetAgain","player_choice":"Potion","floor":4,"damage_taken":0},{"event_name":"Beggar","player_choice":"Gave Gold","floor":25,"damage_taken":0}],"is_beta":false,"boss_relics":[{"not_picked":["Pandora\u0027s Box","Sozu"],"picked":"Astrolabe"}],"items_purged_floors":[],"is_endless":false,"potions_floor_spawned":[1,8,12,16,21,24,27],"killed_by":"Gremlin Leader","ascension_level":20}