{"gold_per_floor":[111,128,139,139,156,184,184,217,217,217,234,244,244],"floor_reached":13,"playtime":1027,"items_purged":[],"score":97,"play_id":"51f1f194-8607-4eea-b8ce-2d791df0b15e","local_time":"20190202151727","is_ascension_mode":false,"campfire_choices":[{"floor":7,"key":"REST"}],"neow_cost":"NONE","seed_source_timestamp":1972342670723451,"circlet_count":0,"master_deck":["Defend_G","Defend_G","Defend_G","Defend_G","Defend_G","Strike_G+1","Strike_G","Strike_G","Strike_G","Strike_G","Survivor","Neutralize+1","Footwork","Dagger Spray+1","Expertise"],"relics":["Ring of the Snake","Matryoshka","Whetstone","The Courier","Paper Crane"],"potions_floor_usage":[6,8,8],"damage_taken":[{"damage":0,"enemies":"Cultist","floor":1,"turns":4},{"damage":6,"enemies":"2 Louse","floor":2,"turns":3},{"damage":5,"enemies":"Small Slimes","floor":3,"turns":4},{"damage":8,"enemies":"Exordium Wildlife","floor":5,"turns":8},{"damage":17,"enemies":"Gremlin Nob","floor":6,"turns":6},{"damage":43,"enemies":"Lagavulin","floor":8,"turns":10},{"damage":0,"enemies":"2 Fungi Beasts","floor":11,"turns":3},{"damage":1,"enemies":"Looter","floor":12,"turns":3}],"seed_played":"-1427032604066509815","potions_obtained":[{"floor":1,"key":"Dexterity Potion"},{"floor":5,"key":"GhostInAJar"},{"floor":6,"key":"Weak Potion"}],"is_trial":false,"path_per_floor":["M","M","M","?","M","E","R","E","T","?","M","M","?"],"character_chosen":"THE_SILENT","items_purchased":[],"campfire_rested":1,"item_purchase_floors":[],"current_hp_per_floor":[70,64,59,59,51,34,55,12,12,12,12,11,0],"gold":244,"neow_bonus":"UPGRADE_CARD","is_prod":false,"is_daily":false,"chose_seed":false,"campfire_upgraded":0,"win_rate":0.0,"timestamp":1549081047,"path_taken":["M","M","M","?","M","E","R","E","T","?","?","M","?"],"build_version":"2019-01-23","purchased_purges":0,"victory":false,"max_hp_per_floor":[70,70,70,70,70,70,70,70,70,70,70,70,70],"card_choices":[{"not_picked":["Underhanded Strike","Distraction"],"picked":"Footwork","floor":1},{"not_picked":["Finisher","Endless Agony","Sucker Punch"],"picked":"SKIP","floor":2},{"not_picked":["Flying Knee","Riddle With Holes","Outmaneuver"],"picked":"SKIP","floor":3},{"not_picked":["Calculated Gamble","Tactician"],"picked":"Dagger Spray","floor":5},{"not_picked":["Setup","Backflip","Heel Hook"],"picked":"SKIP","floor":6},{"not_picked":["A Thousand Cuts","Poisoned Stab"],"picked":"Caltrops","floor":8},{"not_picked":["Flying Knee","Prepared","Infinite Blades"],"picked":"SKIP","floor":11},{"not_picked":["Catalyst","Endless Agony","Deflect"],"picked":"SKIP","floor":12}],"player_experience":126302,"relics_obtained":[{"floor":6,"key":"Matryoshka"},{"floor":8,"key":"Whetstone"},{"floor":9,"key":"The Courier"},{"floor":9,"key":"Paper Crane"}],"event_choices":[{"damage_healed":0,"gold_gain":0,"player_choice":"Leave","damage_taken":0,"max_hp_gain":0,"max_hp_loss":0,"event_name":"The Cleric","floor":4,"gold_loss":0},{"damage_healed":0,"gold_gain":0,"cards_transformed":["Caltrops"],"player_choice":"Transformed","damage_taken":0,"max_hp_gain":0,"max_hp_loss":0,"event_name":"Transmorgrifier","floor":10,"gold_loss":0,"cards_obtained":["Expertise"]}],"is_beta":false,"boss_relics":[],"items_purged_floors":[],"is_endless":false,"potions_floor_spawned":[1,5,6],"ascension_level":0}