{"gold_per_floor":[117,46,46,46,65,101,125,86,86,130,130,2,2,21,21,141,141,164,164,164,185,198,198],"floor_reached":23,"playtime":1788,"items_purged":[],"score":347,"play_id":"30be32ec-b6ea-4c9c-bfe0-00608b0bef90","local_time":"20190216235833","is_ascension_mode":true,"campfire_choices":[{"data":"Flame Barrier","floor":11.0,"key":"SMITH"},{"data":"Shockwave","floor":13.0,"key":"SMITH"},{"floor":15.0,"key":"REST"}],"neow_cost":"NONE","seed_source_timestamp":180971697872458,"circlet_count":0,"master_deck":["AscendersBane","Strike_R","Strike_R","Strike_R","Strike_R","Strike_R","Defend_R","Defend_R","Defend_R","Defend_R","Bash+1","Pommel Strike","Shockwave+1","Spot Weakness","Clothesline","Disarm","Flame Barrier+1","Corruption","Cleave","Demon Form","Disarm","Shrug It Off"],"special_seed":0,"relics":["Burning Blood","NeowsBlessing","Golden Idol","Pear","Letter Opener","Centennial Puzzle","Black Star"],"potions_floor_usage":[23,23,23,23],"damage_taken":[{"damage":0.0,"enemies":"2 Louse","floor":1.0,"turns":1.0},{"damage":0.0,"enemies":"Jaw Worm","floor":5.0,"turns":1.0},{"damage":0.0,"enemies":"3 Sentries","floor":6.0,"turns":1.0},{"damage":4.0,"enemies":"Cultist","floor":7.0,"turns":3.0},{"damage":31.0,"enemies":"Lagavulin","floor":10.0,"turns":6.0},{"damage":13.0,"enemies":"3 Louse","floor":14.0,"turns":3.0},{"damage":76.0,"enemies":"Slime Boss","floor":16.0,"turns":12.0},{"damage":7.0,"enemies":"Spheric Guardian","floor":18.0,"turns":4.0},{"damage":19.0,"enemies":"2 Thieves","floor":21.0,"turns":5.0},{"damage":27.0,"enemies":"Snake Plant","floor":22.0,"turns":6.0},{"damage":34,"enemies":"Slavers","floor":23,"turns":5}],"seed_played":"4673059064972595788","potions_obtained":[{"floor":5.0,"key":"GamblersBrew"},{"floor":16.0,"key":"Weak Potion"},{"floor":19.0,"key":"Ancient Potion"},{"floor":19.0,"key":"EntropicBrew"}],"is_trial":false,"path_per_floor":["M","$","?","?","M","E","M","$","T","E","R","$","R","M","R","B",null,"M","?","$","M","M","E"],"character_chosen":"IRONCLAD","items_purchased":["Shockwave","Flame Barrier","Corruption","Swift Potion"],"campfire_rested":1,"item_purchase_floors":[2,8,12,12],"current_hp_per_floor":[78,78,78,58,64,80,82,82,82,57,57,57,57,50,77,7,69,68,68,68,55,34,0],"gold":198,"neow_bonus":"THREE_ENEMY_KILL","is_prod":false,"is_daily":false,"chose_seed":false,"campfire_upgraded":2,"win_rate":0,"timestamp":1550379513,"path_taken":["M","$","?","?","M","E","M","$","T","E","R","?","R","?","R","BOSS","M","?","$","M","?","E"],"build_version":"2019-01-23","purchased_purges":0,"victory":false,"max_hp_per_floor":[80,80,80,80,80,90,90,90,90,90,90,90,90,90,90,90,90,90,90,90,90,90,90],"card_choices":[{"not_picked":["Armaments","Wild Strike"],"picked":"Pommel Strike","floor":1.0},{"not_picked":["Heavy Blade","Headbutt"],"picked":"Spot Weakness","floor":5.0},{"not_picked":["Sword Boomerang","Perfected Strike"],"picked":"Clothesline","floor":6.0},{"not_picked":["True Grit","Seeing Red"],"picked":"Disarm","floor":7.0},{"not_picked":["Fiend Fire","Reckless Charge","Pommel Strike"],"picked":"SKIP","floor":10.0},{"not_picked":["Infernal Blade","Shrug It Off"],"picked":"Cleave","floor":14.0},{"not_picked":["Barricade","Berserk"],"picked":"Demon Form","floor":16.0},{"not_picked":["Body Slam","Thunderclap+1"],"picked":"Disarm","floor":18.0},{"not_picked":["Corruption","Body Slam","Thunderclap+1"],"picked":"SKIP","floor":21.0},{"not_picked":["Metallicize","Feel No Pain"],"picked":"Shrug It Off","floor":22.0}],"player_experience":489784,"relics_obtained":[{"floor":6.0,"key":"Pear"},{"floor":9.0,"key":"Letter Opener"},{"floor":10.0,"key":"Centennial Puzzle"}],"event_choices":[{"damage_healed":0.0,"max_hp_gain":0.0,"max_hp_loss":0.0,"gold_gain":0.0,"event_name":"Living Wall","player_choice":"Grow","floor":3.0,"gold_loss":0.0,"damage_taken":0.0,"cards_upgraded":["Bash"]},{"damage_healed":0.0,"max_hp_gain":0.0,"max_hp_loss":0.0,"gold_gain":0.0,"event_name":"Golden Idol","player_choice":"Take Damage","floor":4.0,"gold_loss":0.0,"damage_taken":20.0,"relics_obtained":["Golden Idol"]},{"damage_healed":0.0,"max_hp_gain":0.0,"max_hp_loss":0.0,"gold_gain":0.0,"event_name":"Lab","player_choice":"Got Potions","floor":19.0,"gold_loss":0.0,"damage_taken":0.0}],"is_beta":false,"boss_relics":[{"not_picked":["White Beast Statue","Calling Bell"],"picked":"Black Star"}],"items_purged_floors":[],"is_endless":false,"potions_floor_spawned":[5,14,16,22],"killed_by":"Slavers","ascension_level":11}