{"gold_per_floor":[111,261,261,282,34,34,78,78,78,96,120,120,143,181,181,274,337,360,395,395,410,410,410,426,426],"floor_reached":25,"playtime":788,"items_purged":["Doubt"],"score":401,"play_id":"bfbb4013-6d42-4d1e-b79c-743964c081de","local_time":"20181002083042","is_ascension_mode":true,"campfire_choices":[{"data":"Dagger Spray","floor":6,"key":"SMITH"},{"data":"Cloak And Dagger","floor":12,"key":"SMITH"},{"data":"Infinite Blades","floor":15,"key":"SMITH"},{"data":"Bouncing Flask","floor":23,"key":"SMITH"}],"neow_cost":"","seed_source_timestamp":293980153012672,"circlet_count":0,"master_deck":["Defend_G","Defend_G","Defend_G","Defend_G","Defend_G+1","Strike_G","Strike_G","Strike_G","Strike_G","Survivor","Neutralize","AscendersBane","Dagger Spray+1","Dagger Throw","Bouncing Flask+1","Crippling Poison","Cloak And Dagger+1","Infinite Blades+1","Masterful Stab+1","Die Die Die+1","Finisher+1","Flying Knee+1","Slice+1","Well Laid Plans+1","Poisoned Stab+1"],"relics":["Ring of the Snake","Golden Idol","Orichalcum","Blue Candle","Shuriken","Molten Egg 2","Tiny House","Red Mask"],"potions_floor_usage":[11,14,14,14,16,19,19,24,24],"damage_taken":[{"damage":4,"enemies":"2 Louse","floor":1,"turns":4},{"damage":2,"enemies":"Cultist","floor":4,"turns":5},{"damage":32,"enemies":"Gremlin Nob","floor":7,"turns":5},{"damage":0,"enemies":"Small Slimes","floor":10,"turns":2},{"damage":4,"enemies":"Exordium Wildlife","floor":11,"turns":4},{"damage":2,"enemies":"Gremlin Gang","floor":13,"turns":4},{"damage":9,"enemies":"Lagavulin","floor":14,"turns":5},{"damage":5,"enemies":"Hexaghost","floor":16,"turns":7},{"damage":0,"enemies":"3 Byrds","floor":18,"turns":4},{"damage":9,"enemies":"Masked Bandits","floor":19,"turns":4},{"damage":13,"enemies":"Shell Parasite","floor":21,"turns":4},{"damage":0,"enemies":"Snake Plant","floor":24,"turns":2},{"damage":34,"enemies":"Book of Stabbing","floor":25,"turns":3}],"seed_played":"-8051212816483499878","potions_obtained":[{"floor":7,"key":"Energy Potion"},{"floor":13,"key":"EntropicBrew"},{"floor":14,"key":"AttackPotion"},{"floor":16,"key":"Energy Potion"},{"floor":17,"key":"GhostInAJar"},{"floor":21,"key":"FearPotion"},{"floor":24,"key":"Fruit Juice"}],"is_trial":false,"path_per_floor":["M","?","?","M","$","R","E","$","T","M","M","R","M","E","R","B",null,"M","?","?","M","?","R","M"],"character_chosen":"THE_SILENT","items_purchased":["Orichalcum"],"campfire_rested":0,"item_purchase_floors":[5],"current_hp_per_floor":[55,55,55,53,53,53,21,21,21,21,17,17,15,6,6,1,50,50,41,41,28,28,28,33,0],"gold":426,"neow_bonus":"","is_prod":false,"is_daily":false,"chose_seed":false,"campfire_upgraded":4,"win_rate":0,"timestamp":1538461842,"path_taken":["M","?","?","M","?","R","E","$","T","?","M","R","M","E","R","BOSS","M","?","?","M","?","R","?","E"],"build_version":"2018-09-27","purchased_purges":1,"victory":false,"max_hp_per_floor":[66,66,60,60,60,60,60,60,60,60,60,60,60,60,60,60,65,65,65,65,65,65,65,70,70],"card_choices":[{"not_picked":["Sucker Punch","Backflip"],"picked":"Dagger Spray","floor":1},{"not_picked":["Outmaneuver","Quick Slash"],"picked":"Dagger Throw","floor":4},{"not_picked":["Dagger Spray","Wraith Form v2"],"picked":"Bouncing Flask","floor":7},{"not_picked":["Endless Agony","Underhanded Strike"],"picked":"Crippling Poison","floor":10},{"not_picked":["Acrobatics","Flying Knee"],"picked":"Cloak And Dagger","floor":11},{"not_picked":["Sucker Punch","Backflip"],"picked":"Infinite Blades","floor":13},{"not_picked":["Riddle With Holes","Dagger Throw"],"picked":"Masterful Stab","floor":14},{"not_picked":["Malaise","Wraith Form v2"],"picked":"Die Die Die+1","floor":16},{"not_picked":["Eviscerate+1","Footwork"],"picked":"Finisher+1","floor":17},{"not_picked":["Accuracy","Dodge and Roll","Flechettes+1"],"picked":"SKIP","floor":18},{"not_picked":["Underhanded Strike+1","Crippling Poison"],"picked":"Flying Knee+1","floor":19},{"not_picked":["Backflip","Dagger Spray+1"],"picked":"Well Laid Plans+1","floor":21},{"not_picked":["Outmaneuver+1","Deadly Poison"],"picked":"Poisoned Stab+1","floor":24}],"player_experience":797867,"relics_obtained":[{"floor":7,"key":"Blue Candle"},{"floor":9,"key":"Shuriken"},{"floor":14,"key":"Molten Egg 2"},{"floor":19,"key":"Red Mask"}],"event_choices":[{"event_name":"Liars Game","player_choice":"agreed","floor":2,"damage_taken":0},{"event_name":"Golden Idol","player_choice":"Lose Max HP","floor":3,"damage_taken":0},{"event_name":"Masked Bandits","player_choice":"Fought Bandits","floor":19,"damage_taken":0},{"event_name":"Transmorgrifier","player_choice":"Transform","floor":20,"damage_taken":0},{"event_name":"N\u0027loth","player_choice":"Ignored","floor":22,"damage_taken":0}],"is_beta":false,"boss_relics":[{"not_picked":["Busted Crown","Sozu"],"picked":"Tiny House"}],"items_purged_floors":[5],"is_endless":false,"potions_floor_spawned":[7,13,14,16,21,24],"killed_by":"Book of Stabbing","ascension_level":18}