{"gold_per_floor":[113,113,113,113,38,38,52,52,131,174,198,217,217],"floor_reached":13,"playtime":306,"items_purged":[],"score":166,"play_id":"dbc22404-6335-404d-8b27-ea55194ac90e","local_time":"20190224203851","is_ascension_mode":true,"campfire_choices":[{"data":"Zap","floor":6.0,"key":"SMITH"},{"data":"Loop","floor":8.0,"key":"SMITH"}],"neow_cost":"TEN_PERCENT_HP_LOSS","seed_source_timestamp":402868779162895,"circlet_count":0,"master_deck":["AscendersBane","Strike_B","Strike_B","Strike_B+1","Strike_B","Defend_B+1","Defend_B","Defend_B","Defend_B","Zap+1","Dualcast","Loop+1","Hologram","Defragment","Auto Shields","Chill","Ball Lightning"],"special_seed":0,"relics":["Cracked Core","Calipers","Golden Idol","Question Card","Prayer Wheel"],"potions_floor_usage":[13,13],"damage_taken":[{"damage":2.0,"enemies":"Jaw Worm","floor":1.0,"turns":3.0},{"damage":6.0,"enemies":"2 Louse","floor":7.0,"turns":3.0},{"damage":19.0,"enemies":"Lagavulin","floor":10.0,"turns":7.0},{"damage":7.0,"enemies":"Small Slimes","floor":11.0,"turns":3.0},{"damage":1.0,"enemies":"3 Louse","floor":12.0,"turns":3.0},{"damage":23,"enemies":"Gremlin Nob","floor":13,"turns":3}],"seed_played":"-6712683117279679157","potions_obtained":[{"floor":1.0,"key":"Strength Potion"},{"floor":7.0,"key":"Fire Potion"},{"floor":11.0,"key":"Fire Potion"}],"is_trial":false,"path_per_floor":["M","?","?","?","?","R","M","R","T","E","M","M","E"],"character_chosen":"DEFECT","items_purchased":[],"campfire_rested":0,"item_purchase_floors":[],"current_hp_per_floor":[62,43,43,43,43,43,37,37,37,18,11,10,0],"gold":217,"neow_bonus":"ONE_RARE_RELIC","is_prod":false,"is_daily":false,"chose_seed":false,"campfire_upgraded":2,"win_rate":0,"timestamp":1551037131,"path_taken":["M","?","?","?","?","R","M","R","T","E","M","M","E"],"build_version":"2019-01-23","purchased_purges":0,"victory":false,"max_hp_per_floor":[64,64,64,64,64,64,64,64,64,64,64,64,64],"card_choices":[{"not_picked":["Blizzard","Rebound"],"picked":"Loop","floor":1.0},{"not_picked":["Redo","Force Field"],"picked":"Hologram","floor":7.0},{"not_picked":["Ball Lightning","Go for the Eyes","Turbo"],"picked":"Defragment","floor":10.0},{"not_picked":["Streamline","Melter","Turbo"],"picked":"Auto Shields","floor":11.0},{"not_picked":["Reinforced Body","Steam Power","Gash","Streamline"],"picked":"SKIP","floor":11.0},{"not_picked":["Reinforced Body","Steam Power","Gash","Streamline"],"picked":"SKIP","floor":11.0},{"not_picked":["Fusion","Stack","Blizzard"],"picked":"Chill","floor":12.0},{"not_picked":["Skim","Beam Cell","Reprogram"],"picked":"Ball Lightning","floor":12.0}],"player_experience":1138440,"relics_obtained":[{"floor":9.0,"key":"Question Card"},{"floor":10.0,"key":"Prayer Wheel"}],"event_choices":[{"damage_healed":0.0,"max_hp_gain":0.0,"max_hp_loss":0.0,"gold_gain":0.0,"event_name":"Shining Light","player_choice":"Entered Light","floor":2.0,"gold_loss":0.0,"damage_taken":19.0,"cards_upgraded":["Strike_B","Defend_B"]},{"damage_healed":0.0,"max_hp_gain":0.0,"max_hp_loss":0.0,"gold_gain":0.0,"event_name":"Liars Game","player_choice":"Ignored","floor":3.0,"gold_loss":0.0,"damage_taken":0.0},{"damage_healed":0.0,"max_hp_gain":0.0,"max_hp_loss":0.0,"gold_gain":0.0,"event_name":"Golden Idol","player_choice":"Take Wound","floor":4.0,"gold_loss":0.0,"damage_taken":0.0,"relics_obtained":["Golden Idol"],"cards_obtained":["Injury"]},{"cards_removed":["Injury"],"damage_healed":0.0,"max_hp_gain":0.0,"max_hp_loss":0.0,"gold_gain":0.0,"event_name":"The Cleric","player_choice":"Card Removal","floor":5.0,"gold_loss":75.0,"damage_taken":0.0}],"is_beta":false,"boss_relics":[],"items_purged_floors":[],"is_endless":false,"potions_floor_spawned":[1,7,11],"killed_by":"Gremlin Nob","ascension_level":20}