{"gold_per_floor":[119,119,269,22,22,22,79,119,158,170,182,207,233,273,285,368,380,409,6,6,6,23,23,50,50],"floor_reached":25,"playtime":904,"items_purged":["Doubt","Strike_R"],"score":405,"play_id":"77f0cfda-2e45-4575-95b9-f44726eb6d01","local_time":"20181123191210","is_ascension_mode":true,"campfire_choices":[{"data":"Spot Weakness","floor":6.0,"key":"SMITH"},{"floor":10.0,"key":"REST"},{"data":"Infernal Blade","floor":15.0,"key":"SMITH"},{"data":"Infernal Blade","floor":23.0,"key":"SMITH"}],"neow_cost":"NONE","seed_source_timestamp":0,"circlet_count":0,"master_deck":["AscendersBane","Strike_R","Strike_R","Strike_R","Strike_R+1","Defend_R","Defend_R+1","Defend_R+1","Bash+1","Spot Weakness+1","Infernal Blade+1","Feel No Pain","Bludgeon","Flex+1","Infernal Blade+1","Sword Boomerang"],"special_seed":0,"relics":["Burning Blood","Orichalcum","MawBank","FossilizedHelix","Oddly Smooth Stone","Shuriken","WingedGreaves","Sozu","Prayer Wheel","War Paint","Art of War"],"potions_floor_usage":[],"damage_taken":[{"damage":0.0,"enemies":"Small Slimes","floor":1.0,"turns":3.0},{"damage":28.0,"enemies":"Lagavulin Event","floor":7.0,"turns":5.0},{"damage":11.0,"enemies":"Gremlin Nob","floor":8.0,"turns":4.0},{"damage":0.0,"enemies":"Jaw Worm","floor":12.0,"turns":3.0},{"damage":0.0,"enemies":"2 Louse","floor":13.0,"turns":2.0},{"damage":1.0,"enemies":"3 Sentries","floor":14.0,"turns":3.0},{"damage":37.0,"enemies":"Slime Boss","floor":16.0,"turns":12.0},{"damage":3.0,"enemies":"2 Thieves","floor":18.0,"turns":3.0},{"damage":16.0,"enemies":"3 Byrds","floor":22.0,"turns":5.0},{"damage":35.0,"enemies":"Book of Stabbing","floor":24.0,"turns":5.0},{"damage":29,"enemies":"Snake Plant","floor":25,"turns":3}],"seed_played":"-5220040625408780236","potions_obtained":[{"floor":7.0,"key":"GamblersBrew"},{"floor":13.0,"key":"Swift Potion"},{"floor":14.0,"key":"GamblersBrew"},{"floor":16.0,"key":"SkillPotion"}],"is_trial":false,"path_per_floor":["M","?","?","$","?","R","?","E","T","R","T","M","M","E","R","B",null,"M","$","?","?","M","R","E","M"],"character_chosen":"IRONCLAD","items_purchased":["Orichalcum","Prayer Wheel"],"campfire_rested":1,"item_purchase_floors":[4,19],"current_hp_per_floor":[74,67,67,67,44,44,22,17,17,39,39,45,51,56,56,25,63,66,66,66,66,56,56,27,0],"gold":50,"neow_bonus":"UPGRADE_CARD","is_prod":false,"is_daily":false,"chose_seed":false,"campfire_upgraded":3,"win_rate":0,"timestamp":1542996730,"path_taken":["M","?","?","?","?","R","?","E","T","R","?","M","M","E","R","BOSS","M","$","?","?","M","R","E","M"],"build_version":"2018-11-15","purchased_purges":2,"victory":false,"max_hp_per_floor":[75,75,75,75,75,75,75,75,75,75,75,75,75,75,75,75,75,75,75,75,75,75,75,75,75],"card_choices":[{"not_picked":["Iron Wave","Intimidate"],"picked":"Spot Weakness","floor":1.0},{"not_picked":["Power Through","Twin Strike"],"picked":"Thunderclap","floor":7.0},{"not_picked":["Berserk","Iron Wave"],"picked":"Infernal Blade","floor":8.0},{"not_picked":["Sever Soul","Pommel Strike"],"picked":"Feel No Pain","floor":12.0},{"not_picked":["Heavy Blade","Brutality","Pommel Strike"],"picked":"SKIP","floor":13.0},{"not_picked":["Burning Pact","Blood for Blood","Clash"],"picked":"SKIP","floor":14.0},{"not_picked":["Reaper","Barricade"],"picked":"Bludgeon","floor":16.0},{"not_picked":["Wild Strike","Clothesline"],"picked":"Flex","floor":18.0},{"not_picked":["True Grit","Shrug It Off"],"picked":"Infernal Blade","floor":22.0},{"not_picked":["Combust","Corruption","Clash"],"picked":"SKIP","floor":22.0},{"not_picked":["Twin Strike","Bludgeon"],"picked":"Sword Boomerang","floor":24.0}],"player_experience":875482,"relics_obtained":[{"floor":7.0,"key":"MawBank"},{"floor":8.0,"key":"FossilizedHelix"},{"floor":9.0,"key":"Oddly Smooth Stone"},{"floor":11.0,"key":"Shuriken"},{"floor":14.0,"key":"WingedGreaves"},{"floor":24.0,"key":"Art of War"}],"event_choices":[{"cards_removed":["Defend_R"],"damage_healed":0.0,"max_hp_gain":0.0,"max_hp_loss":0.0,"gold_gain":0.0,"event_name":"Golden Wing","player_choice":"Card Removal","floor":2.0,"gold_loss":0.0,"damage_taken":7.0},{"damage_healed":0.0,"max_hp_gain":0.0,"max_hp_loss":0.0,"gold_gain":150.0,"event_name":"Liars Game","player_choice":"AGREE","floor":3.0,"gold_loss":0.0,"damage_taken":0.0,"cards_obtained":["Doubt"]},{"damage_healed":0.0,"max_hp_gain":0.0,"max_hp_loss":0.0,"gold_gain":0.0,"event_name":"Shining Light","player_choice":"Entered Light","floor":5.0,"gold_loss":0.0,"damage_taken":23.0,"cards_upgraded":["Strike_R","Defend_R"]},{"damage_healed":0.0,"max_hp_gain":0.0,"max_hp_loss":0.0,"gold_gain":0.0,"event_name":"Dead Adventurer","player_choice":"Searched \u00271\u0027 times","floor":7.0,"gold_loss":0.0,"damage_taken":0.0},{"damage_healed":0.0,"max_hp_gain":0.0,"max_hp_loss":0.0,"gold_gain":0.0,"event_name":"Beggar","player_choice":"Ignored","floor":20.0,"gold_loss":0.0,"damage_taken":0.0},{"cards_removed":["Thunderclap"],"damage_healed":0.0,"max_hp_gain":0.0,"max_hp_loss":0.0,"gold_gain":0.0,"event_name":"WeMeetAgain","player_choice":"Gave Card","floor":21.0,"gold_loss":0.0,"damage_taken":0.0,"relics_obtained":["War Paint"]}],"is_beta":false,"boss_relics":[{"not_picked":["Empty Cage","Eternal Feather"],"picked":"Sozu"}],"items_purged_floors":[4,19],"is_endless":false,"potions_floor_spawned":[7,13,14,16,18,22],"killed_by":"Snake Plant","ascension_level":16}