{"gold_per_floor":[359,371,383,383,69,95,95,113,113,113,126,26,58,84,96,207,219,241,46,46,46,60,95,32,32,32,47,64,64,76,92,92,92],"floor_reached":33,"playtime":2533,"items_purged":["Regret","Defend_R","Defend_R"],"score":304,"play_id":"1d21ecc0-26ae-4e06-8cf7-65bd054fb4d9","local_time":"20181218194706","is_ascension_mode":false,"campfire_choices":[{"data":"Whirlwind","floor":7,"key":"SMITH"},{"data":"Good Instincts","floor":10,"key":"SMITH"},{"data":"Carnage","floor":15,"key":"SMITH"},{"data":"Perfected Strike","floor":25,"key":"SMITH"},{"data":"Twin Strike","floor":32,"key":"SMITH"}],"neow_cost":"PERCENT_DAMAGE","seed_source_timestamp":1516604243123577,"circlet_count":0,"master_deck":["Strike_R","Strike_R","Strike_R","Strike_R","Strike_R","Defend_R+1","Defend_R+1","Bash","Twin Strike+1","Whirlwind+1","Good Instincts+1","Wild Strike","Carnage+1","Sentinel","Perfected Strike+1","Shrug It Off","Pommel Strike","Impervious","Perfected Strike+1","Armaments+1","Shame","Shrug It Off","Wild Strike+1"],"relics":["Burning Blood","Pantograph","Membership Card","Pear","Mercury Hourglass","TheAbacus","MawBank","Coffee Dripper","Matryoshka","War Paint","Mummified Hand","Darkstone Periapt","Question Card"],"potions_floor_usage":[2,16,23,23,30,33,33],"damage_taken":[{"damage":4,"enemies":"Cultist","floor":1,"turns":4},{"damage":1,"enemies":"Jaw Worm","floor":2,"turns":7},{"damage":7,"enemies":"2 Louse","floor":3,"turns":3},{"damage":33,"enemies":"3 Sentries","floor":6,"turns":10},{"damage":4,"enemies":"Blue Slaver","floor":8,"turns":3},{"damage":0,"enemies":"Gremlin Gang","floor":11,"turns":1},{"damage":22,"enemies":"Gremlin Nob","floor":13,"turns":4},{"damage":2,"enemies":"Looter","floor":14,"turns":2},{"damage":31,"enemies":"The Guardian","floor":16,"turns":10},{"damage":0,"enemies":"Chosen","floor":18,"turns":4},{"damage":12,"enemies":"Shell Parasite","floor":22,"turns":4},{"damage":39,"enemies":"Slavers","floor":23,"turns":3},{"damage":0,"enemies":"Sentry and Sphere","floor":27,"turns":3},{"damage":0,"enemies":"Chosen and Byrds","floor":28,"turns":4},{"damage":3,"enemies":"Centurion and Healer","floor":30,"turns":4},{"damage":18,"enemies":"Shelled Parasite and Fungi","floor":31,"turns":4},{"damage":83,"enemies":"Automaton","floor":33,"turns":12}],"seed_played":"4089392270584913021","potions_obtained":[{"floor":1,"key":"Regen Potion"},{"floor":11,"key":"FearPotion"},{"floor":16,"key":"SkillPotion"},{"floor":18,"key":"Poison Potion"},{"floor":22,"key":"Strength Potion"},{"floor":30,"key":"SpeedPotion"},{"floor":31,"key":"SkillPotion"}],"is_trial":false,"path_per_floor":["M","M","M","?","$","E","R","M","T","R","M","$","E","M","R","B",null,"M","$","?","?","M","E","$","R","T","M","M","?","M","M","R","B"],"character_chosen":"IRONCLAD","items_purchased":["Membership Card","Good Instincts","TheAbacus","Matryoshka","Shrug It Off"],"campfire_rested":0,"item_purchase_floors":[5,5,12,19,19],"current_hp_per_floor":[58,78,77,77,77,60,60,62,62,62,68,68,52,56,56,56,90,90,90,90,90,84,51,51,51,51,57,63,69,72,60,60,2],"gold":92,"neow_bonus":"TWO_FIFTY_GOLD","is_prod":false,"is_daily":false,"chose_seed":false,"campfire_upgraded":5,"win_rate":0.0,"timestamp":1545162426,"path_taken":["M","M","?","?","$","E","R","M","T","R","M","$","E","M","R","BOSS","M","$","?","?","M","E","$","R","T","M","?","?","M","M","R","BOSS"],"build_version":"2018-12-13","purchased_purges":3,"victory":false,"max_hp_per_floor":[80,80,80,80,80,90,90,90,90,90,90,90,90,90,90,90,90,90,90,90,90,90,90,90,90,90,90,90,96,96,96,96,96],"card_choices":[{"not_picked":["Entrench","Headbutt","Cleave"],"picked":"SKIP","floor":1},{"not_picked":["Cleave","Armaments"],"picked":"Twin Strike","floor":2},{"not_picked":["Thunderclap","Infernal Blade"],"picked":"Whirlwind","floor":3},{"not_picked":["Thunderclap","Havoc"],"picked":"Wild Strike","floor":6},{"not_picked":["Juggernaut","Clash","Warcry"],"picked":"SKIP","floor":8},{"not_picked":["Warcry","Heavy Blade"],"picked":"Carnage","floor":11},{"not_picked":["Flex","Armaments"],"picked":"Sentinel","floor":13},{"not_picked":["Rage","Havoc","Corruption"],"picked":"SKIP","floor":14},{"not_picked":["Anger","Shrug It Off"],"picked":"Perfected Strike","floor":18},{"not_picked":["Thunderclap","Rupture+1","Clothesline+1"],"picked":"SKIP","floor":22},{"not_picked":["Iron Wave+1","Clothesline"],"picked":"Impervious","floor":23},{"not_picked":["Thunderclap","Combust"],"picked":"Perfected Strike+1","floor":27},{"not_picked":["Ghostly Armor","Blood for Blood"],"picked":"Armaments+1","floor":28},{"not_picked":["Bloodletting","Headbutt","Sword Boomerang+1"],"picked":"Shrug It Off","floor":30},{"not_picked":["Shockwave","Blood for Blood","Sword Boomerang"],"picked":"Wild Strike+1","floor":31}],"player_experience":84549,"relics_obtained":[{"floor":6,"key":"Pear"},{"floor":9,"key":"Mercury Hourglass"},{"floor":13,"key":"MawBank"},{"floor":23,"key":"War Paint"},{"floor":26,"key":"Mummified Hand"},{"floor":26,"key":"Darkstone Periapt"}],"event_choices":[{"damage_healed":0,"gold_gain":0,"player_choice":"Box","damage_taken":0,"relics_obtained":["Pantograph"],"max_hp_gain":0,"max_hp_loss":0,"event_name":"Big Fish","floor":4,"gold_loss":0,"cards_obtained":["Regret"]},{"damage_healed":0,"gold_gain":0,"player_choice":"Read","damage_taken":0,"max_hp_gain":0,"max_hp_loss":0,"event_name":"The Library","floor":20,"gold_loss":0,"cards_obtained":["Pommel Strike"]},{"damage_healed":0,"gold_gain":0,"player_choice":"Full Heal","damage_taken":0,"max_hp_gain":0,"max_hp_loss":0,"event_name":"Wheel of Change","floor":21,"gold_loss":0},{"damage_healed":0,"gold_gain":0,"player_choice":"Stole Relic","damage_taken":0,"relics_obtained":["Question Card"],"max_hp_gain":0,"max_hp_loss":0,"event_name":"Addict","floor":29,"gold_loss":0,"cards_obtained":["Shame"]}],"is_beta":false,"boss_relics":[{"not_picked":["Black Blood","Runic Dome"],"picked":"Coffee Dripper"}],"items_purged_floors":[5,19,24],"is_endless":false,"potions_floor_spawned":[1,11,16,18,22,30,31],"killed_by":"Automaton","ascension_level":0}