{"gold_per_floor":[110,110,185,23,23,61,61,102,148,168,168,168,168,192,192,291,291,312,332,29,43,43,43],"floor_reached":23,"playtime":716,"items_purged":["Defend_B"],"score":394,"play_id":"29ec031c-32f0-4805-be0b-8104009e3881","local_time":"20190312193741","is_ascension_mode":true,"campfire_choices":[{"floor":7,"key":"REST"},{"floor":11,"key":"REST"},{"data":"Zap","floor":13,"key":"SMITH"},{"data":"Melter","floor":15,"key":"SMITH"}],"neow_cost":"NONE","seed_source_timestamp":1225937473473662,"circlet_count":0,"master_deck":["AscendersBane","Strike_B","Strike_B","Strike_B","Defend_B","Defend_B","Defend_B","Zap+1","Dualcast","Auto Shields","Melter+1","Echo Form","Sweeping Beam","Creative AI","Conserve Battery","Turbo","Zap+1"],"relics":["Cracked Core","Golden Idol","Anchor","Smiling Mask","Orichalcum","Juzu Bracelet","Cursed Key","Ancient Tea Set"],"potions_floor_usage":[8,16,19,21,21],"damage_taken":[{"damage":6,"enemies":"Cultist","floor":1,"turns":3},{"damage":39,"enemies":"Lagavulin","floor":6,"turns":6},{"damage":11,"enemies":"Gremlin Nob","floor":8,"turns":3},{"damage":2,"enemies":"Small Slimes","floor":10,"turns":3},{"damage":0,"enemies":"2 Louse","floor":14,"turns":1},{"damage":30,"enemies":"Slime Boss","floor":16,"turns":9},{"damage":29,"enemies":"Shell Parasite","floor":18,"turns":4},{"damage":9,"enemies":"Spheric Guardian","floor":19,"turns":4},{"damage":26,"enemies":"Snake Plant","floor":21,"turns":5},{"damage":13,"enemies":"Book of Stabbing","floor":23,"turns":2}],"seed_played":"-2977925599453283507","potions_obtained":[{"floor":6,"key":"AttackPotion"},{"floor":10,"key":"Regen Potion"},{"floor":16,"key":"Explosive Potion"},{"floor":18,"key":"Regen Potion"},{"floor":19,"key":"PowerPotion"}],"is_trial":false,"path_per_floor":["M","?","?","$","?","E","R","E","T","M","R","?","R","M","R","B",null,"M","M","$","M","?","E"],"character_chosen":"DEFECT","items_purchased":["Anchor","Regen Potion","Ancient Tea Set"],"campfire_rested":2,"item_purchase_floors":[4,20,20],"current_hp_per_floor":[58,58,47,47,47,8,27,16,16,14,33,26,26,26,26,11,51,22,25,25,13,13,0],"gold":43,"neow_bonus":"THREE_CARDS","is_prod":false,"is_daily":false,"chose_seed":false,"campfire_upgraded":2,"win_rate":0,"timestamp":1552415861,"path_taken":["M","?","?","$","?","E","R","E","T","M","R","?","R","M","R","BOSS","M","M","$","M","?","E"],"build_version":"2019-01-23","purchased_purges":1,"victory":false,"max_hp_per_floor":[71,64,64,64,64,64,64,64,64,64,64,64,64,64,64,64,64,64,64,64,64,64,64],"card_choices":[{"not_picked":["Heatsinks","Coolheaded"],"picked":"Auto Shields","floor":0},{"not_picked":["Rebound","BootSequence"],"picked":"Melter","floor":1},{"not_picked":["Blizzard","Recycle"],"picked":"Echo Form","floor":6},{"not_picked":["Loop","Barrage"],"picked":"Sweeping Beam","floor":8},{"not_picked":["Static Discharge","Gash","Sweeping Beam"],"picked":"SKIP","floor":10},{"not_picked":["Rebound","Steam","Redo"],"picked":"SKIP","floor":14},{"not_picked":["Hyperbeam","Meteor Strike"],"picked":"Creative AI","floor":16},{"not_picked":["Barrage+1","Hello World"],"picked":"Conserve Battery","floor":18},{"not_picked":["Barrage","Streamline","Coolheaded+1"],"picked":"SKIP","floor":19},{"not_picked":["Consume","Steam"],"picked":"Turbo","floor":21}],"player_experience":1185982,"relics_obtained":[{"floor":6,"key":"Smiling Mask"},{"floor":8,"key":"Orichalcum"},{"floor":9,"key":"Juzu Bracelet"}],"event_choices":[{"damage_healed":0,"gold_gain":0,"player_choice":"Lose Max HP","damage_taken":0,"relics_obtained":["Golden Idol"],"max_hp_gain":0,"max_hp_loss":7,"event_name":"Golden Idol","floor":2,"gold_loss":0},{"damage_healed":0,"gold_gain":75,"player_choice":"Gather Gold","damage_taken":11,"max_hp_gain":0,"max_hp_loss":0,"event_name":"World of Goop","floor":3,"gold_loss":0},{"damage_healed":0,"gold_gain":0,"player_choice":"Ignored","damage_taken":0,"max_hp_gain":0,"max_hp_loss":0,"event_name":"Liars Game","floor":5,"gold_loss":0},{"cards_removed":["Strike_B"],"damage_healed":0,"gold_gain":0,"player_choice":"Card Removal","damage_taken":7,"max_hp_gain":0,"max_hp_loss":0,"event_name":"Golden Wing","floor":12,"gold_loss":0},{"damage_healed":0,"gold_gain":0,"player_choice":"Copied","damage_taken":0,"max_hp_gain":0,"max_hp_loss":0,"event_name":"Duplicator","floor":22,"gold_loss":0,"cards_obtained":["Zap"]}],"is_beta":false,"boss_relics":[{"not_picked":["Snecko Eye","Runic Dome"],"picked":"Cursed Key"}],"items_purged_floors":[20],"is_endless":false,"potions_floor_spawned":[6,10,16,18,19],"killed_by":"Book of Stabbing","ascension_level":20}