{"gold_per_floor":[109,119,138,63,63,63,91,120,120,120],"floor_reached":10,"playtime":379,"items_purged":["Defend_G"],"score":125,"play_id":"b3c5a3c4-6165-4036-b55d-d04cc2d55381","local_time":"20180928235848","is_ascension_mode":true,"campfire_choices":[{"data":"Dagger Spray","floor":6,"key":"SMITH"}],"neow_cost":"NONE","seed_source_timestamp":4465738406993,"circlet_count":0,"master_deck":["Defend_G","Defend_G","Defend_G","Defend_G","Strike_G","Strike_G","Strike_G","Strike_G","Survivor","Neutralize","AscendersBane","Well Laid Plans","Dagger Spray+1","Leg Sweep","Footwork","Quick Slash"],"relics":["Eternal Feather","Odd Mushroom","Blue Candle","The Courier"],"potions_floor_usage":[],"damage_taken":[{"damage":0,"enemies":"Jaw Worm","floor":1,"turns":5},{"damage":10,"enemies":"2 Louse","floor":2,"turns":4},{"damage":3,"enemies":"Small Slimes","floor":3,"turns":5},{"damage":20,"enemies":"The Mushroom Lair","floor":7,"turns":5},{"damage":19,"enemies":"3 Sentries","floor":8,"turns":9},{"damage":6,"enemies":"Red Slaver","floor":10,"turns":2}],"seed_played":"6539727858155658749","potions_obtained":[{"floor":1,"key":"SpeedPotion"}],"is_trial":false,"path_per_floor":["M","M","M","$","?","R","?","E","T"],"character_chosen":"THE_SILENT","items_purchased":[],"campfire_rested":0,"item_purchase_floors":[],"current_hp_per_floor":[59,49,46,46,39,45,25,6,6,0],"gold":120,"neow_bonus":"BOSS_RELIC","is_prod":false,"is_daily":false,"chose_seed":false,"campfire_upgraded":1,"win_rate":0,"timestamp":1538171928,"path_taken":["M","M","M","$","?","R","?","E","T","M"],"build_version":"2018-09-27","purchased_purges":1,"victory":false,"max_hp_per_floor":[66,66,66,66,66,66,66,66,66,66],"card_choices":[{"not_picked":["Skewer","Slice"],"picked":"Well Laid Plans","floor":1},{"not_picked":["Slice","Dodge and Roll"],"picked":"Dagger Spray","floor":2},{"not_picked":["Prepared","Acrobatics"],"picked":"Leg Sweep","floor":3},{"not_picked":["Deadly Poison","Concentrate"],"picked":"Footwork","floor":7},{"not_picked":["Envenom","Predator"],"picked":"Quick Slash","floor":8}],"player_experience":779508,"relics_obtained":[{"floor":7,"key":"Odd Mushroom"},{"floor":8,"key":"Blue Candle"},{"floor":9,"key":"The Courier"}],"event_choices":[{"event_name":"Golden Wing","player_choice":"Card Removal","floor":5,"damage_taken":0},{"event_name":"Mushrooms","player_choice":"Fought Mushrooms","floor":7,"damage_taken":0}],"is_beta":false,"boss_relics":[],"items_purged_floors":[4],"is_endless":false,"potions_floor_spawned":[1],"killed_by":"Red Slaver","ascension_level":18}