{"gold_per_floor":[114,132,132,132,147,172,172,58,82,95,109,124,124,135,135,240,240,224,240,253,253,270,270,270],"floor_reached":24,"playtime":2794,"items_purged":["Defend_G"],"score":283,"play_id":"7ba32387-882c-4139-9e0a-3f36724b59bb","local_time":"20190313204116","is_ascension_mode":true,"campfire_choices":[{"data":"Footwork","floor":13,"key":"SMITH"},{"data":"Well Laid Plans","floor":15,"key":"SMITH"},{"data":"A Thousand Cuts","floor":23,"key":"SMITH"}],"neow_cost":"NONE","seed_source_timestamp":317703479527725,"circlet_count":0,"master_deck":["Defend_G","Defend_G","Defend_G","Defend_G","Strike_G","Strike_G","Strike_G","Strike_G","Survivor","Neutralize","Skewer","Footwork+1","Leg Sweep","Infinite Blades","Acrobatics","Well Laid Plans+1","Blur","Acrobatics","Footwork","Cloak And Dagger","A Thousand Cuts+1","Terror","Prepared+1","Prepared","Blade Dance+1"],"relics":["Ring of the Snake","NeowsBlessing","Blood Vial","Sundial","Orichalcum","Bag of Marbles","Sozu","The Courier"],"potions_floor_usage":[6,6,12],"damage_taken":[{"damage":0,"enemies":"Small Slimes","floor":1,"turns":1},{"damage":0,"enemies":"Jaw Worm","floor":2,"turns":1},{"damage":0,"enemies":"Cultist","floor":5,"turns":1},{"damage":9,"enemies":"Lagavulin","floor":6,"turns":8},{"damage":1,"enemies":"3 Louse","floor":10,"turns":5},{"damage":0,"enemies":"Exordium Wildlife","floor":11,"turns":7},{"damage":4,"enemies":"Exordium Thugs","floor":12,"turns":8},{"damage":5,"enemies":"3 Louse","floor":14,"turns":6},{"damage":3,"enemies":"The Guardian","floor":16,"turns":18},{"damage":26,"enemies":"2 Thieves","floor":18,"turns":4},{"damage":2,"enemies":"Shell Parasite","floor":19,"turns":6},{"damage":17,"enemies":"Snecko","floor":20,"turns":6},{"damage":4,"enemies":"Centurion and Healer","floor":22,"turns":11},{"damage":31,"enemies":"Slavers","floor":24,"turns":3}],"seed_played":"1544721491323608904","potions_obtained":[{"floor":2,"key":"Strength Potion"},{"floor":5,"key":"Dexterity Potion"},{"floor":10,"key":"Regen Potion"}],"is_trial":false,"path_per_floor":["M","M","?","?","M","E","?","$","T","M","M","M","R","M","R","B",null,"M","M","M","?","M","R","E"],"character_chosen":"THE_SILENT","items_purchased":["Well Laid Plans"],"campfire_rested":0,"item_purchase_floors":[8],"current_hp_per_floor":[63,63,51,51,53,46,46,46,46,47,49,62,62,59,59,58,67,43,43,28,28,26,26,0],"gold":270,"neow_bonus":"THREE_ENEMY_KILL","is_prod":false,"is_daily":false,"chose_seed":false,"campfire_upgraded":3,"win_rate":0,"timestamp":1552506076,"path_taken":["M","M","?","?","M","E","?","$","T","M","M","M","R","?","R","BOSS","M","M","M","?","M","R","E"],"build_version":"2019-01-23","purchased_purges":1,"victory":false,"max_hp_per_floor":[70,70,70,70,70,70,70,70,70,70,70,70,70,70,70,70,70,70,70,70,70,70,70,70],"card_choices":[{"not_picked":["Underhanded Strike","Crippling Poison"],"picked":"Skewer","floor":1},{"not_picked":["Dodge and Roll","Sucker Punch"],"picked":"Footwork","floor":2},{"not_picked":["Bouncing Flask","Underhanded Strike"],"picked":"Infinite Blades","floor":5},{"not_picked":["Sucker Punch","Bane"],"picked":"Acrobatics","floor":6},{"not_picked":["Dagger Throw","Backflip"],"picked":"Blur","floor":10},{"not_picked":["Quick Slash","Catalyst"],"picked":"Acrobatics","floor":11},{"not_picked":["Reflex","Dodge and Roll"],"picked":"Footwork","floor":12},{"not_picked":["Doppelganger","Bane"],"picked":"Cloak And Dagger","floor":14},{"not_picked":["Adrenaline","Corpse Explosion"],"picked":"A Thousand Cuts","floor":16},{"not_picked":["Dagger Throw","Dagger Spray"],"picked":"Terror","floor":18},{"not_picked":["Deflect","Dagger Spray"],"picked":"Prepared+1","floor":19},{"not_picked":["Choke","Outmaneuver+1"],"picked":"Prepared","floor":20},{"not_picked":["Slice","Leg Sweep"],"picked":"Blade Dance+1","floor":22}],"player_experience":491742,"relics_obtained":[{"floor":6,"key":"Sundial"},{"floor":7,"key":"Orichalcum"},{"floor":9,"key":"Bag of Marbles"}],"event_choices":[{"damage_healed":0,"gold_gain":0,"player_choice":"Success","damage_taken":12,"relics_obtained":["Blood Vial"],"max_hp_gain":0,"max_hp_loss":0,"event_name":"Scrap Ooze","floor":3,"gold_loss":0},{"damage_healed":0,"gold_gain":0,"cards_transformed":["Strike_G"],"player_choice":"Change","damage_taken":0,"max_hp_gain":0,"max_hp_loss":0,"event_name":"Living Wall","floor":4,"gold_loss":0,"cards_obtained":["Leg Sweep"]},{"damage_healed":0,"gold_gain":0,"player_choice":"Relic","damage_taken":0,"max_hp_gain":0,"max_hp_loss":0,"event_name":"Wheel of Change","floor":7,"gold_loss":0},{"damage_healed":0,"gold_gain":0,"player_choice":"Opened","damage_taken":0,"relics_obtained":["The Courier"],"max_hp_gain":0,"max_hp_loss":0,"event_name":"The Mausoleum","floor":21,"gold_loss":0}],"is_beta":false,"boss_relics":[{"not_picked":["Empty Cage","Pandora\u0027s Box"],"picked":"Sozu"}],"items_purged_floors":[8],"is_endless":false,"potions_floor_spawned":[2,5,10,19,22],"killed_by":"Slavers","ascension_level":8}