{"gold_per_floor":[113,113,113,128,138,169,185,195,195,195,17,17,30,42,42,138,138,156,156,167,184,199,199,214,214,214,214,41,41,73,90,90,194,194,212,212,227,2,15,44,44,61,86,86,86,86,120,120],"floor_reached":48,"playtime":5374,"items_purged":["Sweeping Beam"],"score":539,"play_id":"de7701cb-3e3e-4a92-8d64-6b3216a40405","local_time":"20180703000743","is_ascension_mode":false,"campfire_choices":[{"floor":10.0,"key":"REST"},{"data":"Dualcast","floor":15.0,"key":"SMITH"},{"floor":23.0,"key":"REST"},{"floor":27.0,"key":"REST"},{"data":"Redo","floor":32.0,"key":"SMITH"},{"data":"Thunder Strike","floor":41.0,"key":"SMITH"}],"neow_cost":"","seed_source_timestamp":1712764250829581,"circlet_count":0,"master_deck":["Defend_B","Defend_B","Defend_B","Defend_B","Zap","Dualcast+1","Rebound","Leap","Lockon","Electrodynamics","Madness","Conserve Battery","Redo+1","Leap","Defragment","Tempest","BootSequence","Consume+1","Redo","Ghostly","Ghostly","Ghostly","Ghostly","Ghostly","Loop","Thunder Strike+1","Seek","Redo+1","Ball Lightning"],"special_seed":0,"relics":["Cracked Core","Bag of Preparation","Shovel","Orrery","Ginger","Shuriken","Empty Cage","Peace Pipe","Regal Pillow","Mummified Hand"],"potions_floor_usage":[],"damage_taken":[{"damage":3.0,"enemies":"Jaw Worm","floor":1.0,"turns":3.0},{"damage":0.0,"enemies":"2 Louse","floor":4.0,"turns":1.0},{"damage":0.0,"enemies":"Small Slimes","floor":5.0,"turns":2.0},{"damage":35.0,"enemies":"Gremlin Nob","floor":6.0,"turns":5.0},{"damage":0.0,"enemies":"3 Louse","floor":7.0,"turns":2.0},{"damage":4.0,"enemies":"Gremlin Gang","floor":8.0,"turns":2.0},{"damage":8.0,"enemies":"Lots of Slimes","floor":13.0,"turns":3.0},{"damage":5.0,"enemies":"Blue Slaver","floor":14.0,"turns":3.0},{"damage":5.0,"enemies":"Slime Boss","floor":16.0,"turns":7.0},{"damage":12.0,"enemies":"Spheric Guardian","floor":18.0,"turns":4.0},{"damage":35.0,"enemies":"2 Thieves","floor":20.0,"turns":4.0},{"damage":28.0,"enemies":"Centurion and Healer","floor":21.0,"turns":6.0},{"damage":3.0,"enemies":"Snecko","floor":22.0,"turns":3.0},{"damage":8.0,"enemies":"3 Cultists","floor":24.0,"turns":3.0},{"damage":3.0,"enemies":"Gremlin Leader","floor":30.0,"turns":6.0},{"damage":4.0,"enemies":"Cultist and Chosen","floor":31.0,"turns":6.0},{"damage":7.0,"enemies":"Automaton","floor":33.0,"turns":10.0},{"damage":11.0,"enemies":"Orb Walker","floor":35.0,"turns":5.0},{"damage":7.0,"enemies":"3 Darklings","floor":37.0,"turns":5.0},{"damage":0.0,"enemies":"4 Shapes","floor":39.0,"turns":4.0},{"damage":2.0,"enemies":"2 Orb Walkers","floor":40.0,"turns":5.0},{"damage":4.0,"enemies":"Sphere and 2 Shapes","floor":42.0,"turns":5.0},{"damage":26.0,"enemies":"Nemesis","floor":47.0,"turns":9.0},{"damage":22,"enemies":"Maw","floor":48,"turns":2}],"seed_played":"7878756615341043554","potions_obtained":[{"floor":4.0,"key":"PowerPotion"},{"floor":7.0,"key":"Strength Potion"},{"floor":20.0,"key":"SkillPotion"},{"floor":24.0,"key":"Block Potion"},{"floor":30.0,"key":"GamblersBrew"},{"floor":37.0,"key":"Strength Potion"}],"is_trial":false,"path_per_floor":["M","?","?","M","M","E","M","M","T","R","$","?","M","M","R","B",null,"M","$","M","M","M","R","M","?","T","R","$","?","E","M","R","B",null,"M","?","M","$","M","E","R","M","T","$","?","?","E"],"character_chosen":"DEFECT","items_purchased":["Madness","FocusPotion","Fruit Juice","Loop","Energy Potion","PowerPotion","Block Potion"],"campfire_rested":3,"item_purchase_floors":[],"current_hp_per_floor":[72,65,70,70,70,35,35,31,31,55,55,55,47,42,42,37,80,68,68,33,5,2,26,18,18,18,30,30,30,32,28,28,21,45,34,34,27,27,27,25,25,21,21,21,39,39,13,0],"gold":120,"neow_bonus":"","is_prod":false,"is_daily":false,"chose_seed":false,"campfire_upgraded":3,"win_rate":0.0,"timestamp":1530590863,"path_taken":["M","?","?","?","?","E","M","?","T","R","$","?","M","M","R","BOSS","M","$","M","M","M","R","M","?","T","R","$","?","E","?","R","BOSS","M","?","?","$","M","E","R","M","T","?","?","?","E","M"],"build_version":"2018-06-28","purchased_purges":1,"victory":false,"max_hp_per_floor":[75,75,80,80,80,80,80,80,80,80,80,80,80,80,80,80,80,80,80,80,80,80,80,80,40,40,40,40,40,45,45,45,45,45,45,45,45,45,45,45,45,45,45,45,39,39,39,39],"card_choices":[{"not_picked":["Go for the Eyes","Beam Cell"],"picked":"Leap","floor":1.0},{"not_picked":["Rebound","Auto Shields"],"picked":"Lockon","floor":4.0},{"not_picked":["Consume","Auto Shields","Stack"],"picked":"SKIP","floor":5.0},{"not_picked":["Leap","Steam"],"picked":"Sweeping Beam","floor":6.0},{"not_picked":["Gash","Capacitor"],"picked":"Electrodynamics","floor":7.0},{"not_picked":["Rip and Tear","Compile Driver","Fusion"],"picked":"SKIP","floor":8.0},{"not_picked":["Leap","Force Field","Gash"],"picked":"SKIP","floor":13.0},{"not_picked":["Sweeping Beam","BootSequence","FTL"],"picked":"SKIP","floor":14.0},{"not_picked":["Creative AI","Echo Form"],"picked":"Fission","floor":16.0},{"not_picked":["Go for the Eyes","Blizzard"],"picked":"Conserve Battery","floor":17.0},{"not_picked":["Hologram","Fusion"],"picked":"Redo","floor":17.0},{"not_picked":["Skim","Undo"],"picked":"Leap","floor":17.0},{"not_picked":["Storm","Rebound"],"picked":"Defragment","floor":17.0},{"not_picked":["Stack","Conserve Battery"],"picked":"Tempest","floor":17.0},{"not_picked":["Double Energy","Genetic Algorithm+1","Skim"],"picked":"SKIP","floor":18.0},{"not_picked":["Rip and Tear","White Noise"],"picked":"BootSequence","floor":20.0},{"not_picked":["Doom and Gloom+1","Gash+1"],"picked":"Consume+1","floor":21.0},{"not_picked":["Compile Driver+1","Multi-Cast"],"picked":"Redo","floor":22.0},{"not_picked":["Hologram","Beam Cell","Steam Power"],"picked":"SKIP","floor":24.0},{"not_picked":["Cold Snap","Streamline","Stack+1"],"picked":"SKIP","floor":30.0},{"not_picked":["Storm","Beam Cell"],"picked":"Thunder Strike","floor":31.0},{"not_picked":["All For One","Biased Cognition"],"picked":"Seek","floor":33.0},{"not_picked":["Compile Driver","Undo","Heatsinks"],"picked":"SKIP","floor":35.0},{"not_picked":["Conserve Battery","Go for the Eyes+1","Hologram"],"picked":"SKIP","floor":37.0},{"not_picked":["Leap+1","Fusion","Skim"],"picked":"SKIP","floor":39.0},{"not_picked":["Leap+1","Capacitor+1","Doom and Gloom+1"],"picked":"SKIP","floor":40.0},{"not_picked":["Leap+1","Capacitor+1","Doom and Gloom+1"],"picked":"SKIP","floor":40.0},{"not_picked":["Leap+1","Cold Snap+1"],"picked":"Ball Lightning","floor":42.0},{"not_picked":["Stack","Doom and Gloom+1","Conserve Battery"],"picked":"SKIP","floor":47.0}],"player_experience":102703,"relics_obtained":[{"floor":6.0,"key":"Bag of Preparation"},{"floor":9.0,"key":"Shovel"},{"floor":26.0,"key":"Ginger"},{"floor":30.0,"key":"Shuriken"},{"floor":40.0,"key":"Peace Pipe"},{"floor":43.0,"key":"Regal Pillow"},{"floor":47.0,"key":"Mummified Hand"}],"event_choices":[{"event_name":"Golden Wing","player_choice":"Card Removal","floor":2.0,"damage_taken":0.0},{"event_name":"Big Fish","player_choice":"Donut","floor":3.0,"damage_taken":0.0},{"event_name":"Golden Idol","player_choice":"Ignored","floor":12.0,"damage_taken":0.0},{"event_name":"Ghosts","player_choice":"Became a Ghost","floor":25.0,"damage_taken":0.0},{"event_name":"Wheel of Change","player_choice":"Card Removal","floor":29.0,"damage_taken":0.0},{"event_name":"Duplicator","player_choice":"One dupe","floor":36.0,"damage_taken":0.0},{"event_name":"The Moai Head","player_choice":"Heal","floor":45.0,"damage_taken":0.0},{"event_name":"SensoryStone","player_choice":"Memory 1","floor":46.0,"damage_taken":0.0}],"boss_relics":[{"not_picked":["Coffee Dripper","Inserter"],"picked":"Orrery"},{"not_picked":["Runic Pyramid","Philosopher\u0027s Stone"],"picked":"Empty Cage"}],"items_purged_floors":[],"is_endless":false,"potions_floor_spawned":[4,7,13,20,24,30,37,40,42],"killed_by":"Maw","ascension_level":0}