{"gold_per_floor":[117,136,8,8,8,8,8,28,28,28,53,68,68,129,129,201,201,213,213,213,228,240,240,271,271,295,295,311,311,341,341,341,341],"floor_reached":33,"playtime":1030,"items_purged":["Strike_G"],"score":612,"play_id":"099a5e42-59ab-47fb-8667-6249cb0afe70","local_time":"20181026225217","is_ascension_mode":true,"campfire_choices":[{"data":"All Out Attack","floor":6.0,"key":"SMITH"},{"data":"Neutralize","floor":10.0,"key":"SMITH"},{"data":"Noxious Fumes","floor":15,"key":"SMITH"},{"floor":23,"key":"REST"},{"data":"Cloak And Dagger","floor":25,"key":"SMITH"},{"data":"Bouncing Flask","floor":27,"key":"SMITH"},{"floor":29,"key":"REST"},{"data":"Backflip","floor":32,"key":"SMITH"}],"neow_cost":"NONE","seed_source_timestamp":1316770542404067,"circlet_count":0,"master_deck":["Defend_G","Defend_G","Defend_G","Defend_G","Survivor","Neutralize+1","AscendersBane","All Out Attack+1","Backflip+1","Dagger Throw","Tactician","Noxious Fumes+1","Masterful Stab","Bouncing Flask+1","Die Die Die","Glass Knife+1","Phantasmal Killer+1","Skewer+1","Endless Agony","Prepared","Cloak And Dagger+1","Blade Dance+1","Adrenaline","Backstab"],"special_seed":0,"relics":["Ring of the Snake","Anchor","Potion Belt","Calipers","Juzu Bracelet","Smiling Mask","Astrolabe","CultistMask","Dream Catcher","Pen Nib","Centennial Puzzle"],"potions_floor_usage":[14,16,30,30],"damage_taken":[{"damage":1.0,"enemies":"Jaw Worm","floor":1.0,"turns":3.0},{"damage":0.0,"enemies":"Cultist","floor":2.0,"turns":4.0},{"damage":0.0,"enemies":"2 Louse","floor":8.0,"turns":2.0},{"damage":3.0,"enemies":"Gremlin Nob","floor":11.0,"turns":3.0},{"damage":0,"enemies":"Blue Slaver","floor":12,"turns":4},{"damage":18,"enemies":"Lagavulin Event","floor":14,"turns":5},{"damage":15,"enemies":"The Guardian","floor":16,"turns":9},{"damage":7,"enemies":"Shell Parasite","floor":18,"turns":6},{"damage":2,"enemies":"Chosen","floor":21,"turns":4},{"damage":42,"enemies":"Snecko","floor":22,"turns":5},{"damage":0,"enemies":"Gremlin Leader","floor":24,"turns":4},{"damage":16,"enemies":"Cultist and Chosen","floor":28,"turns":4},{"damage":17,"enemies":"Slavers","floor":30,"turns":6},{"damage":55,"enemies":"Champ","floor":33,"turns":7}],"seed_played":"-4803707787464313423","potions_obtained":[{"floor":1.0,"key":"Block Potion"},{"floor":8.0,"key":"Fire Potion"},{"floor":12,"key":"FearPotion"},{"floor":14,"key":"GhostInAJar"},{"floor":24,"key":"Dexterity Potion"},{"floor":28,"key":"EssenceOfSteel"}],"is_trial":false,"path_per_floor":["M","M","$","?","?","R","?","M","T","R","E","M","?","?","R","B",null,"M","?","?","M","M","R","E","R","T","R","M","R","E","?","R"],"character_chosen":"THE_SILENT","items_purchased":["Dagger Throw"],"campfire_rested":2,"item_purchase_floors":[3],"current_hp_per_floor":[64,64,64,64,59,59,59,59,59,59,56,56,49,31,31,16,58,51,65,65,63,21,42,42,42,42,42,26,47,30,30,30,0],"gold":341,"neow_bonus":"TEN_PERCENT_HP_BONUS","is_prod":false,"is_daily":false,"chose_seed":false,"campfire_upgraded":6,"win_rate":0,"timestamp":1540587137,"path_taken":["M","M","$","?","?","R","?","M","T","R","E","M","?","?","R","BOSS","M","?","?","M","M","R","E","R","T","R","M","R","E","?","R","BOSS"],"build_version":"2018-10-25v2","purchased_purges":1,"victory":false,"max_hp_per_floor":[72,72,72,72,72,72,72,72,72,72,72,72,72,72,72,72,72,72,72,72,72,72,72,72,72,72,72,72,72,72,72,72,72],"card_choices":[{"not_picked":["Backflip","Flying Knee"],"picked":"All Out Attack","floor":1.0},{"not_picked":["Expertise","Acrobatics"],"picked":"Backflip","floor":2.0},{"not_picked":["Caltrops","Calculated Gamble"],"picked":"Tactician","floor":8.0},{"not_picked":["Sucker Punch","Masterful Stab"],"picked":"Noxious Fumes","floor":11.0},{"not_picked":["Corpse Explosion","Blade Dance"],"picked":"Masterful Stab","floor":12},{"not_picked":["Acrobatics","Blur"],"picked":"Bouncing Flask","floor":14},{"not_picked":["Unload","Doppelganger"],"picked":"Die Die Die","floor":16},{"not_picked":["Expertise","Dodge and Roll","Acrobatics+1"],"picked":"SKIP","floor":18},{"not_picked":["Finisher","Expertise"],"picked":"Endless Agony","floor":21},{"not_picked":["Tactician","Flying Knee"],"picked":"Prepared","floor":22},{"not_picked":["Tools of the Trade","Backflip"],"picked":"Cloak And Dagger","floor":24},{"not_picked":["All Out Attack","Dagger Spray"],"picked":"Blade Dance+1","floor":28},{"not_picked":["Setup","Footwork"],"picked":"Adrenaline","floor":30}],"player_experience":862298,"relics_obtained":[{"floor":9.0,"key":"Calipers"},{"floor":11.0,"key":"Juzu Bracelet"},{"floor":14,"key":"Smiling Mask"},{"floor":24,"key":"Dream Catcher"},{"floor":26,"key":"Pen Nib"},{"floor":30,"key":"Centennial Puzzle"}],"event_choices":[{"damage_healed":0.0,"max_hp_gain":0.0,"max_hp_loss":0.0,"gold_gain":0.0,"event_name":"WeMeetAgain","player_choice":"Gave Potion","floor":4.0,"gold_loss":0.0,"damage_taken":0.0,"relics_obtained":["Anchor"]},{"damage_healed":0.0,"max_hp_gain":0.0,"max_hp_loss":0.0,"gold_gain":0.0,"event_name":"Scrap Ooze","player_choice":"Success","floor":5.0,"gold_loss":0.0,"damage_taken":5.0,"relics_obtained":["Potion Belt"]},{"damage_healed":0.0,"max_hp_gain":0.0,"max_hp_loss":0.0,"gold_gain":0.0,"event_name":"The Cleric","player_choice":"Leave","floor":7.0,"gold_loss":0.0,"damage_taken":0.0},{"cards_removed":["Strike_G"],"damage_healed":0,"gold_gain":0,"player_choice":"Card Removal","damage_taken":7,"max_hp_gain":0,"max_hp_loss":0,"event_name":"Golden Wing","floor":13,"gold_loss":0},{"damage_healed":0,"gold_gain":0,"player_choice":"Searched \u00272\u0027 times","damage_taken":0,"max_hp_gain":0,"max_hp_loss":0,"event_name":"Dead Adventurer","floor":14,"gold_loss":0},{"damage_healed":14,"gold_gain":0,"player_choice":"Heal","damage_taken":0,"max_hp_gain":0,"max_hp_loss":0,"event_name":"The Library","floor":19,"gold_loss":0},{"damage_healed":0,"gold_gain":0,"player_choice":"Trade","damage_taken":0,"relics_obtained":["CultistMask"],"max_hp_gain":0,"max_hp_loss":0,"event_name":"FaceTrader","floor":20,"gold_loss":0},{"damage_healed":0,"gold_gain":0,"cards_transformed":["Defend_G"],"player_choice":"Transformed","damage_taken":0,"max_hp_gain":0,"max_hp_loss":0,"event_name":"Transmorgrifier","floor":31,"gold_loss":0,"cards_obtained":["Backstab"]}],"is_beta":false,"boss_relics":[{"not_picked":["Philosopher\u0027s Stone","Coffee Dripper"],"picked":"Astrolabe"}],"items_purged_floors":[3],"is_endless":false,"potions_floor_spawned":[1,8,12,14,24,28],"killed_by":"Champ","ascension_level":20}