{"gold_per_floor":[116,116,41,41,53,53,53,53,77,107,119,119,152,162,162,236,236,251,268,268,279,55,55,83,83,106,106,106,21,51,70,70,147,147,160,160,160,160,160,160,179,205,259,285,285,8,33,49,49,49,49,49,49,49,82,82],"floor_reached":57,"playtime":3096,"items_purged":["Pain"],"score":3239,"play_id":"93d9d98c-9c43-443e-af69-9016f5549fdb","local_time":"20190304174215","is_ascension_mode":true,"campfire_choices":[{"data":"Double Energy","floor":6.0,"key":"SMITH"},{"data":"Zap","floor":8.0,"key":"SMITH"},{"data":"Sunder","floor":15.0,"key":"SMITH"},{"data":"Blizzard","floor":23.0,"key":"SMITH"},{"data":"Consume","floor":25.0,"key":"SMITH"},{"data":"Coolheaded","floor":27.0,"key":"SMITH"},{"floor":32.0,"key":"REST"},{"data":"Conserve Battery","floor":40.0,"key":"SMITH"},{"floor":49,"key":"RECALL"},{"data":"Turbo","floor":53,"key":"SMITH"}],"neow_cost":"NONE","seed_source_timestamp":525298019299266,"circlet_count":0,"master_deck":["AscendersBane","Zap+1","Skim","Blizzard+1","Genetic Algorithm","Chill","Sunder+1","FTL","Double Energy+1","Conserve Battery+1","Sweeping Beam","Coolheaded+1","Glacier","Auto Shields","Coolheaded","Electrodynamics","FTL","Consume+1","Hologram+1","Seek","Turbo+1","Tempest","Seek"],"special_seed":0,"relics":["Pandora\u0027s Box","WarpedTongs","Omamori","Incense Burner","Vajra","Du-Vu Doll","Inserter","Tiny Chest","Darkstone Periapt","Happy Flower","Ancient Tea Set","Question Card","Runic Pyramid","Sundial","Orichalcum","Potion Belt","Pen Nib","Gambling Chip","Shuriken","Dream Catcher","Anchor"],"potions_floor_usage":[51,56,56],"damage_taken":[{"damage":0.0,"enemies":"Small Slimes","floor":1.0,"turns":3.0},{"damage":0.0,"enemies":"Cultist","floor":5.0,"turns":3.0},{"damage":32.0,"enemies":"Gremlin Nob","floor":10.0,"turns":4.0},{"damage":3.0,"enemies":"Jaw Worm","floor":11.0,"turns":2.0},{"damage":0.0,"enemies":"3 Sentries","floor":13.0,"turns":6.0},{"damage":0.0,"enemies":"3 Louse","floor":14.0,"turns":2.0},{"damage":18.0,"enemies":"Hexaghost","floor":16.0,"turns":11.0},{"damage":0.0,"enemies":"Chosen","floor":18.0,"turns":4.0},{"damage":3.0,"enemies":"Shell Parasite","floor":19.0,"turns":4.0},{"damage":5.0,"enemies":"3 Cultists","floor":21.0,"turns":5.0},{"damage":0.0,"enemies":"Gremlin Leader","floor":24.0,"turns":5.0},{"damage":25.0,"enemies":"Slavers","floor":30.0,"turns":6.0},{"damage":0.0,"enemies":"Centurion and Healer","floor":31.0,"turns":4.0},{"damage":10.0,"enemies":"Automaton","floor":33.0,"turns":10.0},{"damage":0.0,"enemies":"Orb Walker","floor":35.0,"turns":4.0},{"damage":12.0,"enemies":"3 Darklings","floor":41.0,"turns":3.0},{"damage":4,"enemies":"Nemesis","floor":42,"turns":9},{"damage":0,"enemies":"Giant Head","floor":44,"turns":8},{"damage":0,"enemies":"Nemesis","floor":47,"turns":7},{"damage":0,"enemies":"Maw","floor":48,"turns":6},{"damage":0,"enemies":"Awakened One","floor":50,"turns":12},{"damage":0,"enemies":"Time Eater","floor":51,"turns":15},{"damage":0,"enemies":"Shield and Spear","floor":55,"turns":4},{"damage":54,"enemies":"The Heart","floor":56,"turns":13}],"seed_played":"-2575676958855492997","potions_obtained":[{"floor":1.0,"key":"Poison Potion"},{"floor":13.0,"key":"SpeedPotion"},{"floor":19.0,"key":"Weak Potion"},{"floor":31.0,"key":"SkillPotion"},{"floor":33.0,"key":"Regen Potion"},{"floor":42,"key":"Dexterity Potion"},{"floor":48,"key":"FocusPotion"}],"is_trial":false,"path_per_floor":["M","?","$","?","M","R","$","R","T","E","M","?","E","M","R","B",null,"M","M","?","M","$","R","E","R","T","R","?","?","E","M","R","B",null,"M","?","T","?","T","R","M","E","T","E","T","$","E","M","R","B","B",null,"R","$","E","B",null],"character_chosen":"DEFECT","items_purchased":["Tiny Chest","FocusPotion","Shuriken"],"campfire_rested":1,"item_purchase_floors":[22,22,46],"current_hp_per_floor":[64,64,64,64,64,64,64,64,64,32,29,29,29,29,29,11,56,56,53,53,48,48,48,48,48,48,48,48,48,23,23,44,34,62,71,67,67,67,67,67,55,51,51,51,51,51,51,51,51,51,51,63,63,63,63,9],"gold":82,"neow_bonus":"BOSS_RELIC","is_prod":false,"is_daily":false,"chose_seed":false,"campfire_upgraded":8,"win_rate":0,"timestamp":1551717735,"path_taken":["M","?","?","?","M","R","$","R","T","E","M","?","E","M","R","BOSS","M","M","?","M","$","R","E","R","T","R","?","?","E","M","R","BOSS","M","?","?","?","?","R","?","E","T","E","?","$","E","M","R","BOSS","BOSS","R","$","E","BOSS"],"build_version":"2019-01-23","purchased_purges":1,"victory":true,"max_hp_per_floor":[71,71,71,71,71,71,71,71,71,71,71,71,71,71,71,71,71,71,71,71,71,71,71,71,71,71,71,71,71,71,71,71,71,71,71,67,67,67,67,67,67,67,67,67,67,67,67,67,67,67,67,67,67,67,67,67],"card_choices":[{"not_picked":["Hello World","Redo"],"picked":"Sweeping Beam","floor":1.0},{"not_picked":["Turbo","Compile Driver"],"picked":"Coolheaded","floor":5.0},{"not_picked":["Steam Power","Auto Shields"],"picked":"Melter","floor":10.0},{"not_picked":["Gash","Genetic Algorithm"],"picked":"Glacier","floor":11.0},{"not_picked":["Conserve Battery","Recycle"],"picked":"Auto Shields","floor":13.0},{"not_picked":["Gash","Hologram"],"picked":"Coolheaded","floor":14.0},{"not_picked":["Amplify","Biased Cognition"],"picked":"Electrodynamics","floor":16.0},{"not_picked":["Fusion","Redo","Sweeping Beam"],"picked":"SKIP","floor":18.0},{"not_picked":["Redo","Compile Driver"],"picked":"FTL","floor":19.0},{"not_picked":["White Noise","Ball Lightning+1","Reprogram"],"picked":"SKIP","floor":21.0},{"not_picked":["Gash","Sweeping Beam"],"picked":"Consume","floor":24.0},{"not_picked":["Compile Driver","Reboot"],"picked":"Hologram+1","floor":30.0},{"not_picked":["Hologram","Steam+1","Doom and Gloom","Coolheaded"],"picked":"SKIP","floor":31.0},{"not_picked":["Core Surge","Multi-Cast","Fission"],"picked":"Seek","floor":33.0},{"not_picked":["Scrape","Streamline+1","Self Repair+1","Coolheaded+1"],"picked":"SKIP","floor":35.0},{"not_picked":["Gash","Streamline+1","Hologram","Melter"],"picked":"SKIP","floor":41.0},{"not_picked":["Hello World","White Noise","Static Discharge"],"picked":"Turbo","floor":42},{"not_picked":["Heatsinks","Biased Cognition","Coolheaded","Consume"],"picked":"SKIP","floor":44},{"not_picked":["White Noise","Leap+1","Ball Lightning"],"picked":"Tempest","floor":47},{"not_picked":["Compile Driver","Cold Snap","Coolheaded+1","Heatsinks"],"picked":"SKIP","floor":48},{"not_picked":["Leap","Streamline","Doom and Gloom+1"],"picked":"Seek","floor":55}],"player_experience":1166116,"relics_obtained":[{"floor":9.0,"key":"Omamori"},{"floor":10.0,"key":"Incense Burner"},{"floor":12.0,"key":"Vajra"},{"floor":13.0,"key":"Du-Vu Doll"},{"floor":24.0,"key":"Darkstone Periapt"},{"floor":26.0,"key":"Happy Flower"},{"floor":30.0,"key":"Question Card"},{"floor":37.0,"key":"Sundial"},{"floor":39.0,"key":"Orichalcum"},{"floor":42,"key":"Potion Belt"},{"floor":44,"key":"Pen Nib"},{"floor":45,"key":"Gambling Chip"},{"floor":47,"key":"Dream Catcher"},{"floor":55,"key":"Anchor"}],"event_choices":[{"damage_healed":0.0,"max_hp_gain":0.0,"max_hp_loss":0.0,"gold_gain":0.0,"event_name":"Accursed Blacksmith","player_choice":"Rummage","floor":2.0,"gold_loss":0.0,"damage_taken":0.0,"relics_obtained":["WarpedTongs"],"cards_obtained":["Pain"]},{"damage_healed":0.0,"max_hp_gain":0.0,"max_hp_loss":0.0,"gold_gain":0.0,"event_name":"Liars Game","player_choice":"Ignored","floor":4.0,"gold_loss":0.0,"damage_taken":0.0},{"damage_healed":0.0,"max_hp_gain":0.0,"max_hp_loss":0.0,"gold_gain":0.0,"event_name":"Wheel of Change","player_choice":"Relic","floor":12.0,"gold_loss":0.0,"damage_taken":0.0},{"cards_removed":["Dualcast"],"damage_healed":0.0,"max_hp_gain":0.0,"max_hp_loss":0.0,"gold_gain":0.0,"event_name":"Back to Basics","player_choice":"Elegance","floor":20.0,"gold_loss":0.0,"damage_taken":0.0},{"damage_healed":0.0,"max_hp_gain":0.0,"max_hp_loss":0.0,"gold_gain":0.0,"event_name":"Vampires","player_choice":"Ignored","floor":28.0,"gold_loss":0.0,"damage_taken":0.0},{"damage_healed":0.0,"max_hp_gain":0.0,"max_hp_loss":0.0,"gold_gain":0.0,"event_name":"Addict","player_choice":"Obtained Relic","floor":29.0,"gold_loss":85.0,"damage_taken":0.0,"relics_obtained":["Ancient Tea Set"]},{"damage_healed":0.0,"max_hp_gain":0.0,"max_hp_loss":4.0,"gold_gain":0.0,"event_name":"Winding Halls","player_choice":"Max HP","floor":36.0,"gold_loss":0.0,"damage_taken":0.0},{"cards_removed":["Melter"],"damage_healed":0.0,"max_hp_gain":0.0,"max_hp_loss":0.0,"gold_gain":0.0,"event_name":"Falling","player_choice":"Removed Attack","floor":38.0,"gold_loss":0.0,"damage_taken":0.0}],"is_beta":false,"boss_relics":[{"not_picked":["Ectoplasm","Runic Dome"],"picked":"Inserter"},{"not_picked":["Empty Cage","Coffee Dripper"],"picked":"Runic Pyramid"}],"items_purged_floors":[3],"is_endless":false,"potions_floor_spawned":[1,13,19,24,31,33,42,48],"ascension_level":20}