{"gold_per_floor":[109,122,122,136,136,136,168,186,186,220,220,250,19,32,32,127,127,138,138,138,158,175,175,185,185,185,185,199,99,99,111,111,209,209,219,319,333,333,345,345,364,364,364,364,166,176,176,194,194,194],"floor_reached":51,"playtime":2163,"items_purged":["Strike_G","Strike_G+1","Writhe"],"score":734,"play_id":"e0a247a5-1be6-4a17-8891-6e07c7be8048","local_time":"20190218115805","is_ascension_mode":false,"campfire_choices":[{"data":"Blade Dance","floor":6.0,"key":"SMITH"},{"data":"A Thousand Cuts","floor":11,"key":"SMITH"},{"data":"Noxious Fumes","floor":15,"key":"SMITH"},{"data":"Malaise","floor":23,"key":"SMITH"},{"data":"Cloak And Dagger","floor":25,"key":"SMITH"},{"data":"Well Laid Plans","floor":30,"key":"SMITH"},{"data":"Adrenaline","floor":32,"key":"SMITH"},{"data":"Night Terror","floor":40,"key":"SMITH"},{"floor":42,"key":"REST"},{"floor":47,"key":"REST"},{"data":"J.A.X.","floor":49,"key":"SMITH"}],"neow_cost":"NONE","seed_source_timestamp":227652757044512,"circlet_count":0,"master_deck":["Defend_G+1","Defend_G+1","Defend_G+1","Defend_G+1","Strike_G+1","Strike_G+1","Strike_G+1","Survivor","Neutralize","Blind","Well Laid Plans+1","Cloak And Dagger+1","Blade Dance+1","Adrenaline+1","A Thousand Cuts+1","Escape Plan","Backstab","Noxious Fumes+1","Malaise+1","J.A.X.+1","Prepared+1","Night Terror+1","Finisher+1","Blade Dance+1","Endless Agony"],"special_seed":0,"relics":["Ring of the Snake"],"potions_floor_usage":[10,10,10,18,22,37,50,50,50],"damage_taken":[{"damage":0.0,"enemies":"Jaw Worm","floor":1.0,"turns":4.0},{"damage":1.0,"enemies":"2 Louse","floor":2.0,"turns":3.0},{"damage":0.0,"enemies":"Small Slimes","floor":4.0,"turns":4.0},{"damage":14.0,"enemies":"Lagavulin","floor":7.0,"turns":7.0},{"damage":0,"enemies":"Exordium Wildlife","floor":8,"turns":4},{"damage":12,"enemies":"3 Sentries","floor":10,"turns":5},{"damage":5,"enemies":"The Mushroom Lair","floor":12,"turns":5},{"damage":0,"enemies":"Looter","floor":14,"turns":3},{"damage":0,"enemies":"Slime Boss","floor":16,"turns":6},{"damage":2,"enemies":"2 Thieves","floor":18,"turns":4},{"damage":3,"enemies":"Spheric Guardian","floor":21,"turns":3},{"damage":3,"enemies":"Cultist and Chosen","floor":22,"turns":4},{"damage":5,"enemies":"Chosen and Byrds","floor":24,"turns":3},{"damage":0,"enemies":"Shelled Parasite and Fungi","floor":28,"turns":5},{"damage":3,"enemies":"Cultist and Chosen","floor":31,"turns":4},{"damage":27,"enemies":"Collector","floor":33,"turns":9},{"damage":7,"enemies":"3 Darklings","floor":35,"turns":5},{"damage":0,"enemies":"Mind Bloom Boss Battle","floor":36,"turns":5},{"damage":6,"enemies":"3 Shapes","floor":37,"turns":4},{"damage":22,"enemies":"Transient","floor":39,"turns":5},{"damage":17,"enemies":"Writhing Mass","floor":41,"turns":7},{"damage":10,"enemies":"4 Shapes","floor":46,"turns":5},{"damage":0,"enemies":"3 Darklings","floor":48,"turns":2},{"damage":38,"enemies":"Awakened One","floor":50,"turns":10}],"seed_played":"2977506896931488909","potions_obtained":[{"floor":2.0,"key":"SteroidPotion"},{"floor":7,"key":"EntropicBrew"},{"floor":10,"key":"Explosive Potion"},{"floor":12,"key":"Strength Potion"},{"floor":14,"key":"Block Potion"},{"floor":18,"key":"Poison Potion"},{"floor":21,"key":"FearPotion"},{"floor":24,"key":"SpeedPotion"},{"floor":36,"key":"Fire Potion"}],"is_trial":false,"path_per_floor":["M","M","?","M","?","R","E","M","T","E","R","?","$","M","R","B",null,"M","?","?","M","M","R","M","R","T","?","M","$","R","M","R","B",null,"M","?","M","?","M","R","M","R","T","?","$","M","R","M","R","B",null],"character_chosen":"THE_SILENT","items_purchased":["Backstab","Noxious Fumes","GhostInAJar"],"campfire_rested":2,"item_purchase_floors":[13,13,45],"current_hp_per_floor":[70,69,62,62,62,62,48,48,48,36,36,31,31,31,31,31,70,68,68,68,65,62,62,57,57,57,57,57,57,57,54,54,27,70,63,63,57,57,35,35,18,39,39,57,57,47,68,68,68,30],"gold":194,"neow_bonus":"RANDOM_COLORLESS","is_prod":false,"is_daily":false,"chose_seed":false,"campfire_upgraded":9,"win_rate":0,"timestamp":1550487485,"path_taken":["M","M","?","M","?","R","E","M","T","E","R","?","$","M","R","BOSS","M","?","?","M","M","R","M","R","T","?","?","$","R","M","R","BOSS","M","?","M","?","M","R","M","R","T","?","$","M","R","M","R","BOSS"],"build_version":"2019-01-23","purchased_purges":3,"victory":true,"max_hp_per_floor":[70,70,70,70,70,70,70,70,70,70,70,70,70,70,70,70,70,70,70,70,70,70,70,70,70,70,70,70,70,70,70,70,70,70,70,70,70,70,70,70,70,70,70,70,70,70,70,70,70,70],"card_choices":[{"not_picked":["PiercingWail","Accuracy"],"picked":"Well Laid Plans","floor":1.0},{"not_picked":["Blur","Dagger Spray"],"picked":"Cloak And Dagger","floor":2.0},{"not_picked":["Concentrate","Quick Slash"],"picked":"Blade Dance","floor":4.0},{"not_picked":["Slice","Distraction","Blade Dance"],"picked":"SKIP","floor":7},{"not_picked":["Crippling Poison","PiercingWail"],"picked":"Adrenaline","floor":8},{"not_picked":["Sucker Punch","Footwork"],"picked":"A Thousand Cuts","floor":10},{"not_picked":["Outmaneuver","Deadly Poison"],"picked":"Escape Plan","floor":12},{"not_picked":["Dodge and Roll","Expertise","Outmaneuver"],"picked":"SKIP","floor":14},{"not_picked":["Storm of Steel","A Thousand Cuts"],"picked":"Malaise","floor":16},{"not_picked":["Flying Knee","Underhanded Strike","All Out Attack"],"picked":"SKIP","floor":18},{"not_picked":["Deflect","Quick Slash","Dagger Throw"],"picked":"SKIP","floor":21},{"not_picked":["Sucker Punch","Poisoned Stab","Expertise"],"picked":"SKIP","floor":22},{"not_picked":["Backflip","Bouncing Flask"],"picked":"Prepared+1","floor":24},{"not_picked":["Cloak And Dagger","Dodge and Roll+1","Prepared"],"picked":"SKIP","floor":28},{"not_picked":["All Out Attack","Bane+1","Wraith Form v2"],"picked":"SKIP","floor":31},{"not_picked":["Storm of Steel","Bullet Time"],"picked":"Night Terror","floor":33},{"not_picked":["Sucker Punch+1","Backflip"],"picked":"Finisher+1","floor":35},{"not_picked":["Bane","PiercingWail"],"picked":"Blade Dance+1","floor":37},{"not_picked":["Acrobatics+1","Blade Dance+1","Bane+1"],"picked":"SKIP","floor":39},{"not_picked":["Infinite Blades","Skewer","Poisoned Stab+1"],"picked":"SKIP","floor":41},{"not_picked":["Tools of the Trade","Caltrops"],"picked":"Endless Agony","floor":46},{"not_picked":["Endless Agony","Cloak And Dagger","Distraction"],"picked":"SKIP","floor":48}],"player_experience":1099638,"relics_obtained":[],"event_choices":[{"cards_removed":["Defend_G"],"damage_healed":0.0,"max_hp_gain":0.0,"max_hp_loss":0.0,"gold_gain":0.0,"event_name":"Golden Wing","player_choice":"Card Removal","floor":3.0,"gold_loss":0.0,"damage_taken":7.0},{"damage_healed":0.0,"max_hp_gain":0.0,"max_hp_loss":0.0,"gold_gain":0.0,"event_name":"Golden Idol","player_choice":"Ignored","floor":5.0,"gold_loss":0.0,"damage_taken":0.0},{"damage_healed":0,"gold_gain":0,"player_choice":"Fought Mushrooms","damage_taken":0,"max_hp_gain":0,"max_hp_loss":0,"event_name":"Mushrooms","floor":12,"gold_loss":0},{"damage_healed":0,"gold_gain":0,"player_choice":"Simplicity","damage_taken":0,"max_hp_gain":0,"max_hp_loss":0,"event_name":"Back to Basics","floor":19,"gold_loss":0,"cards_upgraded":["Defend_G","Defend_G","Defend_G","Defend_G","Strike_G","Strike_G","Strike_G","Strike_G"]},{"damage_healed":0,"gold_gain":0,"player_choice":"Obtain J.A.X.","damage_taken":0,"max_hp_gain":0,"max_hp_loss":0,"event_name":"Drug Dealer","floor":20,"gold_loss":0,"cards_obtained":["J.A.X."]},{"damage_healed":0,"gold_gain":0,"player_choice":"Ignored","damage_taken":0,"max_hp_gain":0,"max_hp_loss":0,"event_name":"The Mausoleum","floor":27,"gold_loss":0},{"damage_healed":0,"gold_gain":0,"player_choice":"Fight","damage_taken":0,"max_hp_gain":0,"max_hp_loss":0,"event_name":"MindBloom","floor":36,"gold_loss":0},{"damage_healed":0,"gold_gain":0,"player_choice":"Ignored","damage_taken":0,"max_hp_gain":0,"max_hp_loss":0,"event_name":"Mysterious Sphere","floor":38,"gold_loss":0},{"damage_healed":18,"gold_gain":0,"player_choice":"Writhe","damage_taken":0,"max_hp_gain":0,"max_hp_loss":0,"event_name":"Winding Halls","floor":44,"gold_loss":0,"cards_obtained":["Writhe"]}],"is_beta":false,"boss_relics":[{"not_picked":["Philosopher\u0027s Stone","Empty Cage","Orrery"]},{"not_picked":["Eternal Feather","Busted Crown","Runic Pyramid"]}],"items_purged_floors":[13,29,45],"is_endless":false,"potions_floor_spawned":[2,7,10,12,14,18,21,24,36,46],"ascension_level":0}