{"gold_per_floor":[109,126,51,51,71,71,98,98,98,98,111,111,111,143,143,218,218,230,68,68,86,106,106,106],"floor_reached":24,"playtime":775,"items_purged":["Strike_B"],"score":408,"play_id":"ab363bf6-110b-4a2c-addf-3acd25f7554b","local_time":"20190227230625","is_ascension_mode":true,"campfire_choices":[{"data":"Zap","floor":6,"key":"SMITH"},{"data":"Lockon","floor":8,"key":"SMITH"},{"data":"Darkness","floor":10,"key":"SMITH"},{"data":"Dualcast","floor":12,"key":"SMITH"},{"data":"Compile Driver","floor":13,"key":"SMITH"},{"data":"Defend_B","floor":15,"key":"SMITH"},{"floor":23,"key":"REST"}],"neow_cost":"NONE","seed_source_timestamp":115180996759797,"circlet_count":0,"master_deck":["AscendersBane","Strike_B","Strike_B","Defend_B+1","Defend_B","Defend_B","Defend_B","Zap+1","Dualcast+1","Chill","Darkness+1","Lockon+1","Compile Driver+1","Glacier","Multi-Cast"],"relics":["Cracked Core","NeowsBlessing","WingedGreaves","Bottled Flame","Dodecahedron","Mango","Inserter","PreservedInsect"],"potions_floor_usage":[7,14,21,24,24,24,24],"damage_taken":[{"damage":0,"enemies":"Cultist","floor":1,"turns":1},{"damage":0,"enemies":"Jaw Worm","floor":2,"turns":1},{"damage":0,"enemies":"Small Slimes","floor":5,"turns":1},{"damage":8,"enemies":"Lagavulin","floor":7,"turns":5},{"damage":4,"enemies":"Exordium Thugs","floor":11,"turns":4},{"damage":8,"enemies":"Gremlin Nob","floor":14,"turns":3},{"damage":2,"enemies":"Hexaghost","floor":16,"turns":7},{"damage":17,"enemies":"Chosen","floor":18,"turns":5},{"damage":1,"enemies":"3 Byrds","floor":21,"turns":5},{"damage":27,"enemies":"Sentry and Sphere","floor":22,"turns":7},{"damage":54,"enemies":"Book of Stabbing","floor":24,"turns":6}],"seed_played":"5845485404352376795","potions_obtained":[{"floor":5,"key":"Fire Potion"},{"floor":11,"key":"Explosive Potion"},{"floor":16,"key":"Strength Potion"},{"floor":18,"key":"SkillPotion"},{"floor":22,"key":"EntropicBrew"}],"is_trial":false,"path_per_floor":["M","M","$","?","M","R","E","R","T","R","M","R","R","E","R","B",null,"M","$","?","M","M","R","E"],"character_chosen":"DEFECT","items_purchased":["PreservedInsect"],"campfire_rested":1,"item_purchase_floors":[19],"current_hp_per_floor":[64,64,64,38,38,38,30,30,30,30,26,26,26,32,32,30,71,54,54,54,53,26,51,0],"gold":106,"neow_bonus":"THREE_ENEMY_KILL","is_prod":false,"is_daily":false,"chose_seed":false,"campfire_upgraded":6,"win_rate":0,"timestamp":1551305185,"path_taken":["M","M","$","?","M","R","E","R","T","R","M","R","R","E","R","BOSS","M","$","?","M","?","R","E"],"build_version":"2019-01-23","purchased_purges":1,"victory":false,"max_hp_per_floor":[71,71,71,71,71,71,71,71,71,71,71,71,71,85,85,85,85,85,85,85,85,85,85,85],"card_choices":[{"not_picked":["Leap","BootSequence"],"picked":"Chill","floor":1},{"not_picked":["Blizzard","Sweeping Beam"],"picked":"Darkness","floor":2},{"not_picked":["Cold Snap","Rip and Tear"],"picked":"Lockon","floor":5},{"not_picked":["Undo","Steam","Redo"],"picked":"SKIP","floor":7},{"not_picked":["Consume","Undo"],"picked":"Compile Driver","floor":11},{"not_picked":["Leap","Cold Snap"],"picked":"Glacier","floor":14},{"not_picked":["Machine Learning","Creative AI"],"picked":"Multi-Cast","floor":16},{"not_picked":["Gash","Cold Snap","Rebound"],"picked":"SKIP","floor":18},{"not_picked":["Redo","Undo","Cold Snap"],"picked":"SKIP","floor":21},{"not_picked":["Storm","Cold Snap","Leap"],"picked":"SKIP","floor":22}],"player_experience":1153145,"relics_obtained":[{"floor":7,"key":"Bottled Flame"},{"floor":9,"key":"Dodecahedron"},{"floor":14,"key":"Mango"}],"event_choices":[{"damage_healed":0,"gold_gain":0,"player_choice":"Success","damage_taken":26,"relics_obtained":["WingedGreaves"],"max_hp_gain":0,"max_hp_loss":0,"event_name":"Scrap Ooze","floor":4,"gold_loss":0},{"cards_removed":["Strike_B"],"damage_healed":0,"gold_gain":0,"player_choice":"Offered Basic","damage_taken":0,"max_hp_gain":0,"max_hp_loss":0,"event_name":"Bonfire Elementals","floor":20,"gold_loss":0}],"is_beta":false,"boss_relics":[{"not_picked":["Eternal Feather","Runic Dome"],"picked":"Inserter"}],"items_purged_floors":[3],"is_endless":false,"potions_floor_spawned":[5,11,16,18,22],"killed_by":"Book of Stabbing","ascension_level":20}