{"gold_per_floor":[113,113,126,126,51,94,94,127,206,230,264,339,357,371,371,501,501,516,539,557,557,657,692,692,692,718,738,774,774,466,482,482,482],"floor_reached":33,"playtime":2872,"items_purged":["Strike_R","Defend_R"],"score":455,"play_id":"e4ca7ff9-7324-43f9-b1ab-96f8c6f68113","local_time":"20181024191319","is_ascension_mode":false,"campfire_choices":[{"data":"Armaments","floor":7,"key":"SMITH"},{"floor":15,"key":"REST"},{"floor":25,"key":"REST"},{"floor":32,"key":"REST"}],"neow_cost":"NONE","seed_source_timestamp":0,"circlet_count":0,"master_deck":["Strike_R","Strike_R","Defend_R","Defend_R","Bash","Armaments+1","Feed","Inflame","Shrug It Off","Pommel Strike","True Grit","Immolate","Clothesline","Metallicize","Clash+1","Body Slam"],"special_seed":0,"relics":["Burning Blood","Golden Idol","Bronze Scales","Gremlin Horn","Tiny Chest","Blood Vial","Bottled Lightning","Runic Cube","Boot","Strawberry","Nunchaku","Sling"],"potions_floor_usage":[6,8,11,23,27,28,33],"damage_taken":[{"damage":9,"enemies":"Jaw Worm","floor":1,"turns":5},{"damage":5,"enemies":"Cultist","floor":3,"turns":4},{"damage":21,"enemies":"Gremlin Nob","floor":6,"turns":4},{"damage":22,"enemies":"3 Sentries","floor":8,"turns":9},{"damage":0,"enemies":"2 Louse","floor":10,"turns":2},{"damage":22,"enemies":"Gremlin Nob","floor":11,"turns":4},{"damage":2,"enemies":"Blue Slaver","floor":13,"turns":4},{"damage":18,"enemies":"2 Fungi Beasts","floor":14,"turns":4},{"damage":22,"enemies":"The Guardian","floor":16,"turns":12},{"damage":3,"enemies":"3 Byrds","floor":18,"turns":3},{"damage":22,"enemies":"Spheric Guardian","floor":19,"turns":6},{"damage":14,"enemies":"3 Cultists","floor":20,"turns":4},{"damage":59,"enemies":"Slavers","floor":23,"turns":8},{"damage":10,"enemies":"Shelled Parasite and Fungi","floor":27,"turns":10},{"damage":38,"enemies":"Book of Stabbing","floor":28,"turns":6},{"damage":22,"enemies":"Centurion and Healer","floor":31,"turns":9},{"damage":124,"enemies":"Automaton","floor":33,"turns":12}],"seed_played":"8280084854792131461","potions_obtained":[{"floor":1,"key":"Energy Potion"},{"floor":3,"key":"EssenceOfSteel"},{"floor":6,"key":"Swift Potion"},{"floor":13,"key":"BloodPotion"},{"floor":19,"key":"Strength Potion"},{"floor":20,"key":"Swift Potion"},{"floor":23,"key":"SteroidPotion"}],"is_trial":false,"path_per_floor":["M","?","M","?","$","E","R","E","T","M","E","T","M","M","R","B",null,"M","M","M","?","?","E","?","R","T","M","E","?","$","M","R"],"character_chosen":"IRONCLAD","items_purchased":["Sling"],"campfire_rested":3,"item_purchase_floors":[30],"current_hp_per_floor":[77,57,58,58,58,43,43,31,31,41,25,25,34,28,56,46,99,102,90,88,88,88,37,37,70,77,90,63,63,63,52,89,0],"gold":482,"neow_bonus":"REMOVE_CARD","is_prod":false,"is_daily":false,"chose_seed":false,"campfire_upgraded":1,"win_rate":0,"timestamp":1540422799,"path_taken":["M","?","M","?","$","E","R","E","T","M","E","?","?","M","R","BOSS","M","M","?","?","?","E","?","R","T","?","E","?","$","?","R","BOSS"],"build_version":"2018-10-18","purchased_purges":2,"victory":false,"max_hp_per_floor":[80,80,80,80,80,80,80,84,84,88,88,88,91,95,95,99,99,102,106,110,110,110,110,110,110,117,120,123,123,123,126,126,126],"card_choices":[{"not_picked":["Pummel","Havoc"],"picked":"Armaments","floor":1},{"not_picked":["Twin Strike","Burning Pact","Carnage"],"picked":"SKIP","floor":3},{"not_picked":["Wild Strike","Flame Barrier"],"picked":"Feed","floor":6},{"not_picked":["Second Wind","Corruption"],"picked":"Inflame","floor":8},{"not_picked":["Clothesline","Rupture"],"picked":"Shrug It Off","floor":10},{"not_picked":["Flex","Burning Pact","Anger"],"picked":"SKIP","floor":11},{"not_picked":["Intimidate","Fire Breathing"],"picked":"Pommel Strike","floor":13},{"not_picked":["Second Wind","Intimidate"],"picked":"True Grit","floor":14},{"not_picked":["Bludgeon","Fiend Fire"],"picked":"Immolate","floor":16},{"not_picked":["Sword Boomerang","Perfected Strike+1"],"picked":"Clothesline","floor":18},{"not_picked":["Headbutt","Warcry+1","Anger"],"picked":"SKIP","floor":19},{"not_picked":["Warcry","Iron Wave"],"picked":"Metallicize","floor":20},{"not_picked":["Bloodletting","Rupture","Clothesline"],"picked":"SKIP","floor":23},{"not_picked":["Warcry","Iron Wave+1"],"picked":"Clash+1","floor":27},{"not_picked":["Wild Strike+1","Second Wind"],"picked":"Body Slam","floor":28},{"not_picked":["Sword Boomerang+1","Wild Strike","Cleave"],"picked":"SKIP","floor":31}],"player_experience":235265,"relics_obtained":[{"floor":6,"key":"Bronze Scales"},{"floor":8,"key":"Gremlin Horn"},{"floor":9,"key":"Tiny Chest"},{"floor":11,"key":"Blood Vial"},{"floor":12,"key":"Bottled Lightning"},{"floor":23,"key":"Boot"},{"floor":26,"key":"Strawberry"},{"floor":28,"key":"Nunchaku"}],"event_choices":[{"damage_healed":0,"gold_gain":0,"player_choice":"Take Damage","damage_taken":20,"relics_obtained":["Golden Idol"],"max_hp_gain":0,"max_hp_loss":0,"event_name":"Golden Idol","floor":2,"gold_loss":0},{"cards_removed":["Defend_R"],"damage_healed":0,"gold_gain":0,"player_choice":"Forget","damage_taken":0,"max_hp_gain":0,"max_hp_loss":0,"event_name":"Living Wall","floor":4,"gold_loss":0},{"damage_healed":0,"gold_gain":0,"player_choice":"Ignored","damage_taken":0,"max_hp_gain":0,"max_hp_loss":0,"event_name":"Vampires","floor":21,"gold_loss":0},{"damage_healed":0,"gold_gain":100,"player_choice":"Pray","damage_taken":0,"max_hp_gain":0,"max_hp_loss":0,"event_name":"Golden Shrine","floor":22,"gold_loss":0},{"cards_removed":["Strike_R"],"damage_healed":0,"gold_gain":0,"player_choice":"Elegance","damage_taken":0,"max_hp_gain":0,"max_hp_loss":0,"event_name":"Back to Basics","floor":24,"gold_loss":0},{"damage_healed":0,"gold_gain":0,"player_choice":"Ignored","damage_taken":0,"max_hp_gain":0,"max_hp_loss":0,"event_name":"Ghosts","floor":29,"gold_loss":0}],"is_beta":false,"boss_relics":[{"not_picked":["Calling Bell","Snecko Eye"],"picked":"Runic Cube"}],"items_purged_floors":[5,30],"is_endless":false,"potions_floor_spawned":[1,3,6,13,19,20,23],"killed_by":"Automaton","ascension_level":0}