{"gold_per_floor":[115,115,128,146,146,146,146,162,208,208,133,149,168,187,187,289,289,307,307,318,318,334,334,348,348,420,335,353,363,8,18,18,18],"floor_reached":33,"playtime":2890,"items_purged":["Regret","Strike_R"],"score":243,"play_id":"ea6480b9-b243-4e6d-988b-0cd354a05576","local_time":"20180715234548","is_ascension_mode":false,"campfire_choices":[{"data":"Seeing Red","floor":6,"key":"SMITH"},{"data":"Armaments","floor":10,"key":"SMITH"},{"data":"Iron Wave","floor":15,"key":"SMITH"},{"data":"Infernal Blade","floor":23,"key":"SMITH"},{"floor":25,"key":"REST"},{"floor":32,"key":"REST"}],"neow_cost":"","seed_source_timestamp":108882048433998,"circlet_count":0,"master_deck":["Strike_R+1","Strike_R","Strike_R","Defend_R","Defend_R","Defend_R","Defend_R","Bash+1","Seeing Red+1","True Grit","Armaments+1","Headbutt","Iron Wave+1","Double Tap","Infernal Blade+1","Metallicize+1","RitualDagger","Twin Strike+1","Armaments+1","Flex+1","Pommel Strike+1"],"relics":["Burning Blood","Gremlin Horn","Mummified Hand","Bag of Preparation","Philosopher\u0027s Stone","Meat on the Bone","Letter Opener","Toxic Egg 2"],"potions_floor_usage":[16,16,22,22,24,33],"damage_taken":[{"damage":5,"enemies":"Cultist","floor":1,"turns":4},{"damage":5,"enemies":"Small Slimes","floor":3,"turns":3},{"damage":5,"enemies":"Jaw Worm","floor":4,"turns":7},{"damage":1,"enemies":"3 Louse","floor":8,"turns":4},{"damage":0,"enemies":"Looter","floor":12,"turns":4},{"damage":6,"enemies":"Large Slime","floor":13,"turns":6},{"damage":0,"enemies":"Lots of Slimes","floor":14,"turns":3},{"damage":54,"enemies":"The Guardian","floor":16,"turns":16},{"damage":29,"enemies":"3 Byrds","floor":18,"turns":6},{"damage":13,"enemies":"Spheric Guardian","floor":20,"turns":4},{"damage":17,"enemies":"3 Cultists","floor":22,"turns":5},{"damage":30,"enemies":"Sentry and Sphere","floor":24,"turns":6},{"damage":3,"enemies":"Centurion and Healer","floor":28,"turns":4},{"damage":0,"enemies":"3 Cultists","floor":29,"turns":4},{"damage":31,"enemies":"Cultist and Chosen","floor":31,"turns":6},{"damage":79,"enemies":"Collector","floor":33,"turns":10}],"seed_played":"-5900535518945996702","potions_obtained":[{"floor":3,"key":"BloodPotion"},{"floor":4,"key":"Poison Potion"},{"floor":13,"key":"EssenceOfSteel"},{"floor":14,"key":"FearPotion"},{"floor":18,"key":"FearPotion"},{"floor":20,"key":"SteroidPotion"},{"floor":31,"key":"Dexterity Potion"}],"is_trial":false,"path_per_floor":["M","T","M","M","?","R","?","M","T","R","$","M","M","M","R","B",null,"M","?","M","?","M","R","M","R","T","?","M","M","$","M","R"],"character_chosen":"IRONCLAD","items_purchased":["Toxic Egg 2"],"campfire_rested":2,"item_purchase_floors":[30],"current_hp_per_floor":[80,80,80,80,80,80,64,69,69,69,69,75,75,80,80,32,80,57,57,50,44,41,41,17,41,41,41,56,62,62,49,73,0],"gold":18,"neow_bonus":"","is_prod":false,"is_daily":false,"chose_seed":false,"campfire_upgraded":4,"win_rate":0.0,"timestamp":1531712748,"path_taken":["M","?","M","M","?","R","?","?","T","R","$","M","?","M","R","BOSS","M","?","M","?","M","R","?","R","T","?","?","M","$","?","R","BOSS"],"build_version":"2018-07-12","purchased_purges":2,"victory":false,"max_hp_per_floor":[80,80,80,80,80,80,80,80,80,80,80,80,80,80,80,80,80,80,80,80,80,80,80,80,80,80,80,80,80,80,80,80,80],"card_choices":[{"not_picked":["Clothesline","Anger","Perfected Strike"],"picked":"SKIP","floor":1},{"not_picked":["Metallicize","Headbutt"],"picked":"Seeing Red","floor":3},{"not_picked":["Perfected Strike","Searing Blow"],"picked":"True Grit","floor":4},{"not_picked":["Ghostly Armor","Pommel Strike"],"picked":"Armaments","floor":8},{"not_picked":["Hemokinesis","Cleave"],"picked":"Headbutt","floor":12},{"not_picked":["Armaments","Dark Embrace"],"picked":"Iron Wave","floor":13},{"not_picked":["True Grit","Whirlwind","Armaments"],"picked":"SKIP","floor":14},{"not_picked":["Offering","Dark Embrace"],"picked":"Double Tap","floor":16},{"not_picked":["Second Wind","Perfected Strike"],"picked":"Infernal Blade","floor":18},{"not_picked":["Anger","Flex"],"picked":"Metallicize+1","floor":20},{"not_picked":["Hemokinesis","Heavy Blade"],"picked":"Twin Strike+1","floor":22},{"not_picked":["Ghostly Armor","Feel No Pain"],"picked":"Armaments+1","floor":24},{"not_picked":["Hemokinesis","Combust"],"picked":"Flex+1","floor":28},{"not_picked":["Perfected Strike","Clothesline","Clash"],"picked":"SKIP","floor":29},{"not_picked":["Rage+1","Seeing Red+1"],"picked":"Pommel Strike+1","floor":31}],"player_experience":15252,"relics_obtained":[{"floor":2,"key":"Gremlin Horn"},{"floor":9,"key":"Bag of Preparation"},{"floor":26,"key":"Meat on the Bone"}],"event_choices":[{"event_name":"Big Fish","player_choice":"Box","floor":5,"damage_taken":0},{"event_name":"Shining Light","player_choice":"Entered Light","floor":7,"damage_taken":0},{"event_name":"Bonfire Elementals","player_choice":"BASIC","floor":19,"damage_taken":0},{"event_name":"Nest","player_choice":"Joined the Cult","floor":21,"damage_taken":0},{"event_name":"Addict","player_choice":"Obtained Relic","floor":27,"damage_taken":0}],"boss_relics":[{"not_picked":["Black Star","White Beast Statue"],"picked":"Philosopher\u0027s Stone"}],"items_purged_floors":[11,30],"is_endless":false,"potions_floor_spawned":[3,4,13,14,18,20,31],"killed_by":"Collector","ascension_level":0}