{"gold_per_floor":[119,119,119,131,142,142,168,22,45,45,57,57,75,107,119,235,247,278,310,336,348,370,407,419,457,493,505,517,558,570,602,614,626],"floor_reached":33,"playtime":1355,"items_purged":["Strike_B"],"score":473,"play_id":"3606342f-6a27-47d4-a477-aecad3573a32","local_time":"20190211222104","is_ascension_mode":true,"campfire_choices":[{"data":"Zap","floor":6.0,"key":"SMITH"},{"data":"Chaos","floor":10.0,"key":"SMITH"},{"data":"Dualcast","floor":12.0,"key":"SMITH"},{"data":"Tempest","floor":15.0,"key":"SMITH"},{"floor":24.0,"key":"REST"},{"data":"Machine Learning","floor":28.0,"key":"SMITH"},{"floor":30,"key":"REST"},{"floor":32,"key":"DIG"}],"neow_cost":"NONE","seed_source_timestamp":6000043222921,"circlet_count":0,"master_deck":["AscendersBane","Strike_B","Defend_B","Defend_B","Defend_B","Defend_B","Zap+1","Dualcast+1","FTL","Cold Snap+1","Machine Learning+1","Chaos+1","Doom and Gloom","Ball Lightning+1","Tempest+1","Electrodynamics","Self Repair","Glacier","Loop+1","FTL"],"special_seed":0,"relics":["Cracked Core","Lantern","Regal Pillow","Omamori","MawBank","Nuclear Battery","CultistMask","Shovel","Whetstone","Smiling Mask","Pen Nib","PreservedInsect","Boot"],"potions_floor_usage":[29,33],"damage_taken":[{"damage":4.0,"enemies":"Jaw Worm","floor":1.0,"turns":4.0},{"damage":0.0,"enemies":"2 Louse","floor":4.0,"turns":2.0},{"damage":0.0,"enemies":"Cultist","floor":5.0,"turns":3.0},{"damage":10.0,"enemies":"Gremlin Nob","floor":7.0,"turns":3.0},{"damage":0.0,"enemies":"2 Fungi Beasts","floor":11.0,"turns":3.0},{"damage":0.0,"enemies":"Looter","floor":13.0,"turns":2.0},{"damage":8.0,"enemies":"Lagavulin","floor":14.0,"turns":4.0},{"damage":13.0,"enemies":"Hexaghost","floor":16.0,"turns":8.0},{"damage":7.0,"enemies":"Chosen","floor":18.0,"turns":2.0},{"damage":4.0,"enemies":"Shell Parasite","floor":19.0,"turns":2.0},{"damage":0.0,"enemies":"3 Cultists","floor":20.0,"turns":3.0},{"damage":12.0,"enemies":"Shelled Parasite and Fungi","floor":22.0,"turns":3.0},{"damage":52.0,"enemies":"Book of Stabbing","floor":23.0,"turns":5.0},{"damage":18.0,"enemies":"Gremlin Leader","floor":25.0,"turns":6.0},{"damage":38,"enemies":"Slavers","floor":29,"turns":6},{"damage":17,"enemies":"Snake Plant","floor":31,"turns":3},{"damage":54,"enemies":"Champ","floor":33,"turns":8}],"seed_played":"1965911836168594895","potions_obtained":[{"floor":1.0,"key":"Dexterity Potion"},{"floor":5.0,"key":"FearPotion"},{"floor":11.0,"key":"PowerPotion"},{"floor":16.0,"key":"Dexterity Potion"},{"floor":18.0,"key":"SneckoOil"},{"floor":19.0,"key":"AttackPotion"},{"floor":31,"key":"SkillPotion"}],"is_trial":false,"path_per_floor":["M","?","?","M","M","R","E","$","T","R","M","R","M","E","R","B",null,"M","M","M","?","M","E","R","E","T","?","R","E","R","M","R","B"],"character_chosen":"DEFECT","items_purchased":["Doom and Gloom"],"campfire_rested":2,"item_purchase_floors":[8],"current_hp_per_floor":[64,57,45,45,45,45,35,35,35,35,35,35,35,27,27,14,60,53,56,63,63,58,13,50,39,39,39,39,8,45,35,35,0],"gold":626,"neow_bonus":"REMOVE_CARD","is_prod":false,"is_daily":false,"chose_seed":false,"campfire_upgraded":5,"win_rate":0,"timestamp":1549920064,"path_taken":["M","?","?","M","M","R","E","$","T","R","M","R","M","E","R","BOSS","M","M","M","?","?","E","R","E","T","?","R","E","R","M","R","BOSS"],"build_version":"2019-01-23","purchased_purges":1,"victory":false,"max_hp_per_floor":[75,75,75,75,75,75,75,75,75,75,75,75,75,75,75,75,75,75,75,75,75,75,75,75,75,75,75,75,75,75,75,75,75],"card_choices":[{"not_picked":["Steam Power","Melter"],"picked":"FTL","floor":1.0},{"not_picked":["Barrage","Reinforced Body"],"picked":"Cold Snap","floor":4.0},{"not_picked":["Stack","Beam Cell"],"picked":"Machine Learning","floor":5.0},{"not_picked":["Gash","Rebound"],"picked":"Chaos","floor":7.0},{"not_picked":["Redo","Barrage","Streamline"],"picked":"SKIP","floor":11.0},{"not_picked":["Coolheaded","Redo"],"picked":"Ball Lightning","floor":13.0},{"not_picked":["Sweeping Beam","Hologram"],"picked":"Tempest","floor":14.0},{"not_picked":["Creative AI","Hyperbeam"],"picked":"Electrodynamics","floor":16.0},{"not_picked":["Scrape","Steam+1"],"picked":"Self Repair","floor":18.0},{"not_picked":["Stack","Loop","Streamline+1"],"picked":"SKIP","floor":19.0},{"not_picked":["Redo","Leap","Ball Lightning"],"picked":"SKIP","floor":20.0},{"not_picked":["Coolheaded","Aggregate","White Noise"],"picked":"SKIP","floor":22.0},{"not_picked":["Chaos","Multi-Cast"],"picked":"Glacier","floor":23.0},{"not_picked":["Cold Snap","Skim"],"picked":"Loop+1","floor":25.0},{"not_picked":["Leap","Reprogram","Scrape"],"picked":"SKIP","floor":29},{"not_picked":["Ball Lightning","Steam"],"picked":"FTL","floor":31}],"player_experience":1050881,"relics_obtained":[{"floor":7.0,"key":"Regal Pillow"},{"floor":9.0,"key":"Omamori"},{"floor":14.0,"key":"MawBank"},{"floor":23.0,"key":"Shovel"},{"floor":25.0,"key":"Whetstone"},{"floor":26.0,"key":"Smiling Mask"},{"floor":29,"key":"PreservedInsect"},{"floor":32,"key":"Boot"}],"event_choices":[{"cards_removed":["Strike_B"],"damage_healed":0.0,"max_hp_gain":0.0,"max_hp_loss":0.0,"gold_gain":0.0,"event_name":"Golden Wing","player_choice":"Card Removal","floor":2.0,"gold_loss":0.0,"damage_taken":7.0},{"damage_healed":0.0,"max_hp_gain":0.0,"max_hp_loss":0.0,"gold_gain":0.0,"event_name":"Scrap Ooze","player_choice":"Success","floor":3.0,"gold_loss":0.0,"damage_taken":12.0,"relics_obtained":["Lantern"]},{"damage_healed":0.0,"max_hp_gain":0.0,"max_hp_loss":0.0,"gold_gain":0.0,"event_name":"FaceTrader","player_choice":"Trade","floor":21.0,"gold_loss":0.0,"damage_taken":0.0,"relics_obtained":["CultistMask"]},{"damage_healed":0.0,"max_hp_gain":0.0,"max_hp_loss":0.0,"gold_gain":0.0,"event_name":"The Mausoleum","player_choice":"Opened","floor":27.0,"gold_loss":0.0,"damage_taken":0.0,"relics_obtained":["Pen Nib"]}],"is_beta":false,"boss_relics":[{"not_picked":["Tiny House","Busted Crown"],"picked":"Nuclear Battery"}],"items_purged_floors":[8],"is_endless":false,"potions_floor_spawned":[1,5,11,16,18,19,31],"killed_by":"Champ","ascension_level":10}