{"gold_per_floor":[116,178,94,112,122,157,157,187,187,198,198,209,223,223,223,296,296,311,326,12,27,27],"floor_reached":22,"playtime":1981,"items_purged":[],"score":347,"play_id":"3274e3e6-a22a-4fdd-8b37-539cf44344a8","local_time":"20190306224641","is_ascension_mode":true,"campfire_choices":[{"data":"Predator","floor":7.0,"key":"SMITH"},{"floor":11.0,"key":"REST"},{"floor":15.0,"key":"REST"}],"neow_cost":"NONE","seed_source_timestamp":1731837895814590,"circlet_count":0,"master_deck":["AscendersBane","Defend_G","Defend_G","Defend_G","Defend_G","Defend_G","Strike_G","Strike_G","Strike_G","Strike_G","Survivor","Neutralize+1","Predator+1","Choke","PiercingWail","Dagger Spray","Flying Knee","Cloak And Dagger","Escape Plan","Bullet Time","Slice","Cloak And Dagger","Adrenaline","Blur","Deflect","Blade Dance"],"special_seed":0,"relics":["Ring of the Serpent","Omamori","Ornamental Fan","Anchor","Incense Burner"],"potions_floor_usage":[],"damage_taken":[{"damage":4.0,"enemies":"Jaw Worm","floor":1.0,"turns":5.0},{"damage":0.0,"enemies":"2 Louse","floor":4.0,"turns":2.0},{"damage":6.0,"enemies":"Small Slimes","floor":5.0,"turns":5.0},{"damage":2.0,"enemies":"3 Sentries","floor":6.0,"turns":3.0},{"damage":25.0,"enemies":"Gremlin Nob","floor":8.0,"turns":4.0},{"damage":0.0,"enemies":"Blue Slaver","floor":10.0,"turns":3.0},{"damage":5.0,"enemies":"Exordium Thugs","floor":12.0,"turns":5.0},{"damage":5.0,"enemies":"2 Fungi Beasts","floor":13.0,"turns":3.0},{"damage":27.0,"enemies":"The Guardian","floor":16.0,"turns":16.0},{"damage":18.0,"enemies":"2 Thieves","floor":18.0,"turns":4.0},{"damage":0.0,"enemies":"Shell Parasite","floor":19.0,"turns":5.0},{"damage":26.0,"enemies":"Snecko","floor":21.0,"turns":6.0},{"damage":12,"enemies":"3 Cultists","floor":22,"turns":2}],"seed_played":"3399795399202278717","potions_obtained":[{"floor":5.0,"key":"Explosive Potion"},{"floor":12.0,"key":"GamblersBrew"},{"floor":13.0,"key":"Explosive Potion"}],"is_trial":false,"path_per_floor":["M","?","$","M","M","E","R","E","T","M","R","M","M","?","R","B",null,"M","M","$","M","M"],"character_chosen":"THE_SILENT","items_purchased":["Choke","Explosive Potion","Incense Burner"],"campfire_rested":2,"item_purchase_floors":[3,3,20],"current_hp_per_floor":[55,55,55,55,49,47,47,22,22,22,41,36,31,31,50,23,55,37,37,37,11,0],"gold":27,"neow_bonus":"UPGRADE_CARD","is_prod":false,"is_daily":false,"chose_seed":false,"campfire_upgraded":1,"win_rate":0,"timestamp":1551930401,"path_taken":["M","?","$","M","M","E","R","E","T","M","R","M","M","?","R","BOSS","M","M","$","M","M"],"build_version":"2019-01-23","purchased_purges":0,"victory":false,"max_hp_per_floor":[66,66,66,66,66,66,66,66,66,66,66,66,66,66,66,66,66,66,66,66,66,66],"card_choices":[{"not_picked":["Underhanded Strike","Bane"],"picked":"Predator","floor":1.0},{"not_picked":["Catalyst","Underhanded Strike"],"picked":"PiercingWail","floor":4.0},{"not_picked":["Backflip","Blade Dance"],"picked":"Dagger Spray","floor":5.0},{"not_picked":["Underhanded Strike","Bane"],"picked":"Flying Knee","floor":6.0},{"not_picked":["Slice","Riddle With Holes"],"picked":"Cloak And Dagger","floor":8.0},{"not_picked":["Dagger Throw","Deadly Poison"],"picked":"Escape Plan","floor":10.0},{"not_picked":["Catalyst","Reflex"],"picked":"Bullet Time","floor":12.0},{"not_picked":["PiercingWail","Sucker Punch"],"picked":"Slice","floor":13.0},{"not_picked":["Phantasmal Killer","Envenom"],"picked":"Adrenaline","floor":16.0},{"not_picked":["Dagger Throw","Distraction"],"picked":"Blur","floor":18.0},{"not_picked":["PiercingWail","Quick Slash"],"picked":"Deflect","floor":19.0},{"not_picked":["Outmaneuver","Finisher"],"picked":"Blade Dance","floor":21.0}],"player_experience":628557,"relics_obtained":[{"floor":6.0,"key":"Omamori"},{"floor":8.0,"key":"Ornamental Fan"},{"floor":9.0,"key":"Anchor"}],"event_choices":[{"damage_healed":0.0,"max_hp_gain":0.0,"max_hp_loss":0.0,"gold_gain":62.0,"event_name":"Golden Wing","player_choice":"Gained Gold","floor":2.0,"gold_loss":0.0,"damage_taken":0.0},{"damage_healed":0.0,"max_hp_gain":0.0,"max_hp_loss":0.0,"gold_gain":0.0,"cards_transformed":["Strike_G"],"event_name":"Living Wall","player_choice":"Change","floor":14.0,"gold_loss":0.0,"damage_taken":0.0,"cards_obtained":["Cloak And Dagger"]}],"is_beta":false,"boss_relics":[{"not_picked":["WristBlade","Pandora\u0027s Box"],"picked":"Ring of the Serpent"}],"items_purged_floors":[],"is_endless":false,"potions_floor_spawned":[5,12,13],"killed_by":"3 Cultists","ascension_level":15}