{"gold_per_floor":[367,113,132,132,32,32,50,50,50,50,82,82,108,108,108,203,203,217,142,142,157,32,32,60,60,60,60,70,70,82,99,99,200,200,214,16,28,28,43,43,53,53],"floor_reached":42,"playtime":1761,"items_purged":["Strike_G","Strike_G","Strike_G","Strike_G"],"score":471,"play_id":"9c45a327-15d2-4bf1-ac38-b469f006f77a","local_time":"20190217163658","is_ascension_mode":true,"campfire_choices":[{"data":"Noxious Fumes","floor":6.0,"key":"SMITH"},{"data":"Dagger Throw","floor":8.0,"key":"SMITH"},{"data":"Neutralize","floor":10.0,"key":"SMITH"},{"data":"Cloak And Dagger","floor":15.0,"key":"SMITH"},{"data":"Cloak And Dagger","floor":23.0,"key":"SMITH"},{"data":"Finisher","floor":27.0,"key":"SMITH"},{"data":"Leg Sweep","floor":29.0,"key":"SMITH"},{"data":"Survivor","floor":32.0,"key":"SMITH"},{"floor":40.0,"key":"REST"}],"neow_cost":"TEN_PERCENT_HP_LOSS","seed_source_timestamp":0,"circlet_count":0,"master_deck":["Defend_G","Defend_G","Defend_G","Defend_G","Survivor+1","Neutralize+1","Dagger Throw+1","Noxious Fumes+1","Cloak And Dagger+1","Leg Sweep+1","Cloak And Dagger+1","Finisher+1","Blur","Heel Hook","Blade Dance+1","Deadly Poison+1","Malaise","Escape Plan","Backstab+1","Jack Of All Trades","Backflip+1"],"special_seed":0,"relics":["Ring of the Snake"],"potions_floor_usage":[42],"damage_taken":[{"damage":0.0,"enemies":"Small Slimes","floor":1.0,"turns":5.0},{"damage":1.0,"enemies":"Cultist","floor":3.0,"turns":3.0},{"damage":0.0,"enemies":"Jaw Worm","floor":7.0,"turns":5.0},{"damage":3.0,"enemies":"Lagavulin","floor":11.0,"turns":7.0},{"damage":0.0,"enemies":"3 Sentries","floor":13.0,"turns":7.0},{"damage":21.0,"enemies":"Hexaghost","floor":16.0,"turns":10.0},{"damage":2.0,"enemies":"Shell Parasite","floor":18.0,"turns":7.0},{"damage":1.0,"enemies":"3 Byrds","floor":21.0,"turns":5.0},{"damage":11.0,"enemies":"Book of Stabbing","floor":24.0,"turns":6.0},{"damage":1.0,"enemies":"Cultist and Chosen","floor":28.0,"turns":6.0},{"damage":6.0,"enemies":"Snake Plant","floor":30.0,"turns":4.0},{"damage":0.0,"enemies":"3 Cultists","floor":31.0,"turns":4.0},{"damage":43.0,"enemies":"Collector","floor":33.0,"turns":10.0},{"damage":20.0,"enemies":"Orb Walker","floor":35.0,"turns":5.0},{"damage":12.0,"enemies":"3 Darklings","floor":37.0,"turns":8.0},{"damage":9.0,"enemies":"4 Shapes","floor":39.0,"turns":9.0},{"damage":22.0,"enemies":"Transient","floor":41.0,"turns":5.0},{"damage":32,"enemies":"Reptomancer","floor":42,"turns":3}],"seed_played":"5890739225035471089","potions_obtained":[{"floor":3.0,"key":"Ancient Potion"},{"floor":7.0,"key":"SkillPotion"},{"floor":16.0,"key":"PowerPotion"},{"floor":18.0,"key":"Weak Potion"},{"floor":21.0,"key":"Regen Potion"},{"floor":39.0,"key":"Dexterity Potion"}],"is_trial":false,"path_per_floor":["M","$","M","?","$","R","M","R","T","R","E","$","E","?","R","B",null,"M","?","?","M","$","R","E","$","T","R","M","R","M","M","R","B",null,"M","$","M","?","M","R","M","E"],"character_chosen":"THE_SILENT","items_purchased":["Noxious Fumes","Cloak And Dagger","Leg Sweep","SteroidPotion"],"campfire_rested":1,"item_purchase_floors":[2,2,2,36],"current_hp_per_floor":[63,63,62,63,63,63,63,63,63,63,60,60,60,60,60,39,63,61,61,61,60,60,60,49,49,49,49,48,48,56,56,56,13,63,43,43,31,31,22,40,18,0],"gold":53,"neow_bonus":"TWO_FIFTY_GOLD","is_prod":false,"is_daily":false,"chose_seed":false,"campfire_upgraded":8,"win_rate":0,"timestamp":1550417818,"path_taken":["M","$","M","?","?","R","M","R","T","R","E","$","E","?","R","BOSS","M","?","?","M","?","R","E","$","T","R","?","R","M","?","R","BOSS","M","$","?","?","M","R","M","E"],"build_version":"2019-01-23","purchased_purges":4,"victory":false,"max_hp_per_floor":[63,63,63,63,63,63,63,63,63,63,63,63,63,63,63,63,63,63,63,63,63,63,63,63,63,63,63,63,63,63,63,63,63,63,63,63,63,63,63,63,63,63],"card_choices":[{"not_picked":["Sucker Punch","Outmaneuver"],"picked":"Dagger Throw","floor":1.0},{"not_picked":["Slice","Predator"],"picked":"Cloak And Dagger","floor":3.0},{"not_picked":["Riddle With Holes","Concentrate","Deflect"],"picked":"SKIP","floor":7.0},{"not_picked":["Eviscerate","Backflip"],"picked":"Finisher","floor":11.0},{"not_picked":["Predator","Tactician"],"picked":"Blur","floor":13.0},{"not_picked":["Blade Dance","Deflect"],"picked":"Heel Hook","floor":18.0},{"not_picked":["Underhanded Strike","Prepared"],"picked":"Blade Dance+1","floor":21.0},{"not_picked":["Backflip","Distraction+1"],"picked":"Deadly Poison+1","floor":24.0},{"not_picked":["Deflect","Poisoned Stab","Sucker Punch"],"picked":"SKIP","floor":28.0},{"not_picked":["Dodge and Roll","Flechettes","Flying Knee"],"picked":"SKIP","floor":30.0},{"not_picked":["Slice","PiercingWail","Deflect"],"picked":"SKIP","floor":31.0},{"not_picked":["Wraith Form v2","Bullet Time"],"picked":"Malaise","floor":33.0},{"not_picked":["Blade Dance","Heel Hook+1"],"picked":"Escape Plan","floor":35.0},{"not_picked":["Catalyst+1","Escape Plan"],"picked":"Backstab+1","floor":37.0},{"not_picked":["Deep Breath","Good Instincts"],"picked":"Jack Of All Trades","floor":38.0},{"not_picked":["Slice+1","Blade Dance"],"picked":"Backflip+1","floor":39.0},{"not_picked":["Dagger Spray","Sucker Punch+1","Blade Dance"],"picked":"SKIP","floor":41.0}],"player_experience":1095073,"relics_obtained":[],"event_choices":[{"damage_healed":1.0,"max_hp_gain":0.0,"max_hp_loss":0.0,"gold_gain":0.0,"event_name":"Wheel of Change","player_choice":"Full Heal","floor":4.0,"gold_loss":0.0,"damage_taken":0.0},{"cards_removed":["Defend_G"],"damage_healed":0.0,"max_hp_gain":0.0,"max_hp_loss":0.0,"gold_gain":0.0,"event_name":"Living Wall","player_choice":"Forget","floor":14.0,"gold_loss":0.0,"damage_taken":0.0},{"cards_removed":["Strike_G"],"damage_healed":0.0,"max_hp_gain":0.0,"max_hp_loss":0.0,"gold_gain":0.0,"event_name":"Beggar","player_choice":"Gave Gold","floor":19.0,"gold_loss":75.0,"damage_taken":0.0},{"damage_healed":0.0,"max_hp_gain":0.0,"max_hp_loss":0.0,"gold_gain":0.0,"event_name":"SensoryStone","player_choice":"Memory 1","floor":38.0,"gold_loss":0.0,"damage_taken":0.0}],"is_beta":false,"boss_relics":[{"not_picked":["Ring of the Serpent","Philosopher\u0027s Stone","Astrolabe"]},{"not_picked":["Lizard Tail","HoveringKite","Busted Crown"]}],"items_purged_floors":[2,5,22,36],"is_endless":false,"potions_floor_spawned":[3,7,16,18,21,39],"killed_by":"Reptomancer","ascension_level":1}