{"gold_per_floor":[109,109,109,123,173,200,200,151,176,76,94,113,113,177,177,279,279,298,348,398,363,383,383,401,401],"floor_reached":25,"playtime":2460,"items_purged":["Regret","Defend_R"],"score":201,"play_id":"6649ae50-5990-42c3-88b7-94659f77ff71","local_time":"20180715213007","is_ascension_mode":false,"campfire_choices":[{"data":"Pommel Strike","floor":7,"key":"SMITH"},{"data":"Bash","floor":13,"key":"SMITH"},{"data":"Bloodletting","floor":15,"key":"SMITH"},{"data":"Warcry","floor":23,"key":"SMITH"}],"neow_cost":"NONE","seed_source_timestamp":93349000682020,"circlet_count":0,"master_deck":["Strike_R+1","Strike_R+1","Defend_R","Defend_R","Bash+1","Carnage","Pommel Strike+1","Burning Pact","Warcry+1","Bloodletting+1","Feed","Juggernaut","Juggernaut+1","Corruption+1","Dark Embrace+1","Seeing Red+1","Warcry"],"special_seed":17728,"relics":["Burning Blood","Dodecahedron","SsserpentHead","Oddly Smooth Stone","Boot","Whetstone","Nloth\u0027s Gift","Magic Flower"],"potions_floor_usage":[6,16,25],"damage_taken":[{"damage":1,"enemies":"Jaw Worm","floor":1,"turns":4},{"damage":0,"enemies":"2 Louse","floor":4,"turns":2},{"damage":29,"enemies":"Lagavulin","floor":6,"turns":7},{"damage":0,"enemies":"Cultist","floor":11,"turns":2},{"damage":1,"enemies":"Blue Slaver","floor":12,"turns":3},{"damage":17,"enemies":"3 Louse","floor":14,"turns":4},{"damage":54,"enemies":"Hexaghost","floor":16,"turns":9},{"damage":14,"enemies":"Chosen","floor":18,"turns":4},{"damage":32,"enemies":"Shell Parasite","floor":22,"turns":5},{"damage":37,"enemies":"Snake Plant","floor":24,"turns":4},{"damage":62,"enemies":"Centurion and Healer","floor":25,"turns":6}],"seed_played":"-2205032152784244808","potions_obtained":[{"floor":4,"key":"Block Potion"},{"floor":12,"key":"PowerPotion"},{"floor":14,"key":"Swift Potion"},{"floor":16,"key":"GamblersBrew"},{"floor":24,"key":"Regen Potion"}],"is_trial":false,"path_per_floor":["M","?","?","M","?","E","R","$","T","$","M","M","R","M","R","B",null,"M","?","?","?","M","R","M"],"character_chosen":"IRONCLAD","items_purchased":["Warcry"],"campfire_rested":0,"item_purchase_floors":[8],"current_hp_per_floor":[80,77,77,80,80,57,57,57,57,57,63,68,68,60,60,12,83,75,75,75,75,52,52,29,0],"gold":401,"neow_bonus":"TRANSFORM_CARD","is_prod":false,"is_daily":false,"chose_seed":false,"campfire_upgraded":4,"win_rate":0.0,"timestamp":1531704607,"path_taken":["M","?","?","M","?","E","R","?","T","$","M","M","R","?","R","BOSS","M","?","?","?","M","R","M","M"],"build_version":"2018-07-12","purchased_purges":2,"victory":false,"max_hp_per_floor":[80,80,80,80,80,80,80,80,80,80,80,80,80,83,83,83,83,83,83,83,83,83,83,86,86],"card_choices":[{"not_picked":["Sword Boomerang","Infernal Blade"],"picked":"Pommel Strike","floor":1},{"not_picked":["Thunderclap","Dropkick","Intimidate"],"picked":"SKIP","floor":4},{"not_picked":["Dropkick","Rampage"],"picked":"Burning Pact","floor":6},{"not_picked":["Corruption","Shrug It Off"],"picked":"Bloodletting","floor":11},{"not_picked":["Bloodletting","Pommel Strike"],"picked":"Feed","floor":12},{"not_picked":["Heavy Blade","Sever Soul","Twin Strike"],"picked":"SKIP","floor":14},{"not_picked":["Bludgeon","Reaper"],"picked":"Juggernaut","floor":16},{"not_picked":["Thunderclap","Battle Trance"],"picked":"Seeing Red","floor":18},{"not_picked":["Headbutt","Ghostly Armor","Body Slam"],"picked":"SKIP","floor":22},{"not_picked":["Bloodletting","Sword Boomerang"],"picked":"Warcry","floor":24}],"player_experience":7587,"relics_obtained":[{"floor":6,"key":"Boot"},{"floor":9,"key":"Whetstone"}],"event_choices":[{"event_name":"Scrap Ooze","player_choice":"success","floor":2,"damage_taken":3},{"event_name":"FaceTrader","player_choice":"Trade","floor":3,"damage_taken":0},{"event_name":"Big Fish","player_choice":"Box","floor":5,"damage_taken":0},{"event_name":"Upgrade Shrine","player_choice":"Upgraded","floor":19,"damage_taken":0},{"event_name":"N\u0027loth","player_choice":"Traded a Astrolabe","floor":20,"damage_taken":0},{"event_name":"Addict","player_choice":"Obtained Relic","floor":21,"damage_taken":0}],"boss_relics":[{"not_picked":["Calling Bell","Runic Cube"],"picked":"Astrolabe"}],"items_purged_floors":[8,10],"is_endless":false,"potions_floor_spawned":[4,12,14,16,24],"killed_by":"Centurion and Healer","ascension_level":0}