{"gold_per_floor":[118,393,409,428,88,88,10,28,28,28,59,75,75,75,75,75],"floor_reached":16,"playtime":799,"items_purged":["Regret"],"score":200,"play_id":"dde48259-dc87-4bfb-935c-2f721c890ad2","local_time":"20190227232024","is_ascension_mode":true,"campfire_choices":[{"data":"Zap","floor":6,"key":"SMITH"},{"data":"Defragment","floor":10,"key":"SMITH"},{"data":"Ball Lightning","floor":13,"key":"SMITH"},{"data":"Dualcast","floor":15,"key":"SMITH"}],"neow_cost":"NONE","seed_source_timestamp":115995555408364,"circlet_count":0,"master_deck":["AscendersBane","Strike_B","Strike_B","Strike_B","Strike_B","Defend_B","Defend_B","Defend_B","Defend_B","Zap+1","Dualcast+1","Turbo","Ball Lightning+1","Cold Snap","Defragment+1","Self Repair","Conserve Battery","Echo Form"],"relics":["Cracked Core","Bag of Marbles","Meat on the Bone","Ancient Tea Set","Matryoshka"],"potions_floor_usage":[4,11,16],"damage_taken":[{"damage":7,"enemies":"Small Slimes","floor":1,"turns":4},{"damage":2,"enemies":"Cultist","floor":3,"turns":3},{"damage":4,"enemies":"2 Louse","floor":4,"turns":3},{"damage":4,"enemies":"2 Fungi Beasts","floor":8,"turns":3},{"damage":33,"enemies":"3 Sentries","floor":11,"turns":6},{"damage":6,"enemies":"Red Slaver","floor":12,"turns":3},{"damage":40,"enemies":"Slime Boss","floor":16,"turns":10}],"seed_played":"-3138566261968456405","potions_obtained":[{"floor":1,"key":"SpeedPotion"},{"floor":3,"key":"FearPotion"},{"floor":11,"key":"AttackPotion"},{"floor":12,"key":"Ancient Potion"}],"is_trial":false,"path_per_floor":["M","?","M","M","$","R","$","M","T","R","E","M","R","$","R","B"],"character_chosen":"DEFECT","items_purchased":["Meat on the Bone","Defragment"],"campfire_rested":0,"item_purchase_floors":[5,7],"current_hp_per_floor":[57,57,55,51,51,51,51,47,47,47,33,39,39,39,39,0],"gold":75,"neow_bonus":"RANDOM_COMMON_RELIC","is_prod":false,"is_daily":false,"chose_seed":false,"campfire_upgraded":4,"win_rate":0,"timestamp":1551306024,"path_taken":["M","?","?","M","$","R","?","M","T","R","E","?","R","$","R","BOSS"],"build_version":"2019-01-23","purchased_purges":1,"victory":false,"max_hp_per_floor":[71,71,71,71,71,71,71,71,71,71,71,71,71,71,71,71],"card_choices":[{"not_picked":["Heatsinks","Sweeping Beam"],"picked":"Turbo","floor":1},{"not_picked":["Genetic Algorithm","Conserve Battery"],"picked":"Ball Lightning","floor":3},{"not_picked":["Gash","Storm"],"picked":"Cold Snap","floor":4},{"not_picked":["Scrape","Stack"],"picked":"Self Repair","floor":8},{"not_picked":["Capacitor","Sunder"],"picked":"Conserve Battery","floor":11},{"not_picked":["Gash","Leap"],"picked":"Echo Form","floor":12}],"player_experience":1153920,"relics_obtained":[{"floor":9,"key":"Ancient Tea Set"},{"floor":11,"key":"Matryoshka"}],"event_choices":[{"damage_healed":0,"gold_gain":275,"player_choice":"Desecrate","damage_taken":0,"max_hp_gain":0,"max_hp_loss":0,"event_name":"Golden Shrine","floor":2,"gold_loss":0,"cards_obtained":["Regret"]}],"is_beta":false,"boss_relics":[],"items_purged_floors":[5],"is_endless":false,"potions_floor_spawned":[1,3,11,12],"killed_by":"Slime Boss","ascension_level":20}