{"gold_per_floor":[109,124,142,217,230,230,255,255,278,313,326,381,381,391,391,464,464,482,482,493,493,87,87,150,150,150,182,182,182,182,232,232,307,307,320,339,349,349,364,364,397,397,397,409,9,9,34,52,52,52],"floor_reached":50,"playtime":2133,"items_purged":["Strike_B+1"],"score":1199,"play_id":"55205494-6319-4665-bd16-b8b586c877ea","local_time":"20181002071500","is_ascension_mode":true,"campfire_choices":[{"floor":6,"key":"REST"},{"data":"Tempest","floor":8,"key":"SMITH"},{"data":"Zap","floor":13,"key":"SMITH"},{"data":"Double Energy","floor":15,"key":"SMITH"},{"data":"Scrape","floor":23,"key":"SMITH"},{"data":"Defragment","floor":25,"key":"SMITH"},{"data":"Reboot","floor":28,"key":"SMITH"},{"data":"Steam","floor":30,"key":"SMITH"},{"data":"Sweeping Beam","floor":32,"key":"SMITH"},{"data":"White Noise","floor":40,"key":"SMITH"},{"data":"Hologram","floor":42,"key":"SMITH"},{"floor":49,"key":"REST"}],"neow_cost":"PERCENT_DAMAGE","seed_source_timestamp":288091874705026,"circlet_count":0,"master_deck":["Strike_B+1","Strike_B+1","Defend_B+1","Defend_B+1","Defend_B+1","Zap+1","Dualcast+1","AscendersBane","Double Energy+1","Scrape+1","Compile Driver+1","BootSequence","Go for the Eyes+1","Tempest+1","Hologram+1","Sweeping Beam+1","Hello World","Steam+1","All For One","Auto Shields","Defragment+1","Reboot+1","Ball Lightning+1","Conserve Battery+1","Electrodynamics","White Noise+1","Rainbow","Metamorphosis"],"relics":["Cracked Core","PreservedInsect","War Paint","Blood Vial","Omamori","Sozu","Ice Cream","Whetstone","Tiny Chest","Mercury Hourglass","Potion Belt","Cursed Key","FossilizedHelix","Shuriken","Symbiotic Virus","Centennial Puzzle","Oddly Smooth Stone"],"potions_floor_usage":[7,7,10,16,16],"damage_taken":[{"damage":7,"enemies":"Cultist","floor":1,"turns":4},{"damage":0,"enemies":"2 Louse","floor":2,"turns":2},{"damage":7,"enemies":"Small Slimes","floor":3,"turns":3},{"damage":7,"enemies":"Gremlin Gang","floor":5,"turns":5},{"damage":3,"enemies":"Gremlin Nob","floor":7,"turns":3},{"damage":0,"enemies":"Lagavulin","floor":10,"turns":4},{"damage":0,"enemies":"2 Fungi Beasts","floor":11,"turns":2},{"damage":22,"enemies":"Lagavulin Event","floor":12,"turns":5},{"damage":0,"enemies":"Lots of Slimes","floor":14,"turns":3},{"damage":1,"enemies":"Slime Boss","floor":16,"turns":7},{"damage":17,"enemies":"Chosen","floor":18,"turns":5},{"damage":0,"enemies":"Spheric Guardian","floor":20,"turns":4},{"damage":3,"enemies":"Slavers","floor":24,"turns":3},{"damage":0,"enemies":"Book of Stabbing","floor":27,"turns":3},{"damage":34,"enemies":"Champ","floor":33,"turns":10},{"damage":0,"enemies":"Orb Walker","floor":35,"turns":2},{"damage":1,"enemies":"3 Shapes","floor":36,"turns":3},{"damage":6,"enemies":"Sphere and 2 Shapes","floor":37,"turns":4},{"damage":6,"enemies":"Mind Bloom Boss Battle","floor":38,"turns":4},{"damage":18,"enemies":"Spire Growth","floor":39,"turns":3},{"damage":7,"enemies":"Nemesis","floor":41,"turns":5},{"damage":0,"enemies":"Reptomancer","floor":44,"turns":3},{"damage":0,"enemies":"Giant Head","floor":47,"turns":2},{"damage":0,"enemies":"Sphere and 2 Shapes","floor":48,"turns":3},{"damage":60,"enemies":"Awakened One","floor":50,"turns":10}],"seed_played":"-4849634672240989214","potions_obtained":[{"floor":1,"key":"Swift Potion"},{"floor":5,"key":"AttackPotion"},{"floor":7,"key":"Block Potion"},{"floor":10,"key":"SteroidPotion"},{"floor":12,"key":"Energy Potion"},{"floor":14,"key":"Block Potion"}],"is_trial":false,"path_per_floor":["M","M","M","?","M","R","E","R","T","E","M","?","R","M","R","B",null,"M","?","M","?","$","R","E","R","T","E","R","?","R","?","R","B",null,"M","M","M","?","M","R","E","R","T","M","$","?","E","M","R"],"character_chosen":"DEFECT","items_purchased":["Whetstone","Defragment","Reboot","Metamorphosis","Centennial Puzzle"],"campfire_rested":2,"item_purchase_floors":[22,22,22,45,45],"current_hp_per_floor":[39,39,32,21,14,35,32,32,32,32,34,14,14,16,16,17,58,43,43,45,45,45,45,44,44,44,46,46,46,46,46,46,14,57,59,60,56,52,36,36,31,31,31,33,33,33,35,37,58,0],"gold":52,"neow_bonus":"TRANSFORM_TWO_CARDS","is_prod":false,"is_daily":false,"chose_seed":false,"campfire_upgraded":10,"win_rate":0,"timestamp":1538457300,"path_taken":["M","?","M","?","?","R","E","R","T","E","M","?","R","?","R","BOSS","M","?","M","?","$","R","E","R","T","E","R","?","R","?","R","BOSS","M","M","M","?","M","R","E","R","T","M","$","?","E","M","R","BOSS"],"build_version":"2018-09-27","purchased_purges":1,"victory":false,"max_hp_per_floor":[71,71,71,71,71,71,71,71,71,71,71,71,71,71,71,71,71,71,71,71,71,71,71,71,71,71,71,71,71,71,71,71,71,71,71,71,71,71,71,71,71,71,71,71,71,71,71,71,71,71],"card_choices":[{"not_picked":["Stack","Turbo"],"picked":"Compile Driver","floor":1},{"not_picked":["Go for the Eyes","Force Field"],"picked":"BootSequence","floor":2},{"not_picked":["Self Repair","Undo"],"picked":"Go for the Eyes","floor":3},{"not_picked":["Barrage","Beam Cell"],"picked":"Cold Snap","floor":5},{"not_picked":["Streamline","Stack"],"picked":"Tempest","floor":7},{"not_picked":["Hyperbeam","Aggregate"],"picked":"Hologram","floor":10},{"not_picked":["Redo","Chaos"],"picked":"Sweeping Beam","floor":11},{"not_picked":["Hologram","Rip and Tear"],"picked":"Hello World","floor":12},{"not_picked":["Blizzard","Leap"],"picked":"Steam","floor":14},{"not_picked":["Seek","Thunder Strike"],"picked":"All For One","floor":16},{"not_picked":["Barrage","Recycle"],"picked":"Auto Shields","floor":18},{"not_picked":["Redo","Static Discharge","Go for the Eyes"],"picked":"SKIP","floor":20},{"not_picked":["Streamline","Leap"],"picked":"Ball Lightning+1","floor":24},{"not_picked":["Chaos","Machine Learning"],"picked":"Conserve Battery+1","floor":27},{"not_picked":["Multi-Cast","Meteor Strike"],"picked":"Electrodynamics","floor":33},{"not_picked":["Leap","Rebound"],"picked":"White Noise","floor":35},{"not_picked":["Beam Cell+1","Sweeping Beam+1","Go for the Eyes"],"picked":"SKIP","floor":36},{"not_picked":["Lockon","Defragment","Rip and Tear"],"picked":"SKIP","floor":37},{"not_picked":["Hello World","Reprogram","Cold Snap"],"picked":"SKIP","floor":39},{"not_picked":["Redo","Self Repair"],"picked":"Rainbow","floor":41},{"not_picked":["Turbo","BootSequence","Barrage"],"picked":"SKIP","floor":44},{"not_picked":["Steam+1","Compile Driver","Amplify"],"picked":"SKIP","floor":47},{"not_picked":["Sweeping Beam","Force Field+1","Coolheaded"],"picked":"SKIP","floor":48}],"player_experience":795271,"relics_obtained":[{"floor":7,"key":"PreservedInsect"},{"floor":9,"key":"War Paint"},{"floor":10,"key":"Blood Vial"},{"floor":12,"key":"Omamori"},{"floor":24,"key":"Tiny Chest"},{"floor":26,"key":"Mercury Hourglass"},{"floor":27,"key":"Potion Belt"},{"floor":38,"key":"FossilizedHelix"},{"floor":41,"key":"Shuriken"},{"floor":43,"key":"Symbiotic Virus"},{"floor":47,"key":"Oddly Smooth Stone"}],"event_choices":[{"event_name":"World of Goop","player_choice":"Gather Gold","floor":4,"damage_taken":0},{"event_name":"Dead Adventurer","player_choice":"Searched \u00271\u0027 times","floor":12,"damage_taken":0},{"event_name":"Back to Basics","player_choice":"Simplicity","floor":19,"damage_taken":0},{"event_name":"Addict","player_choice":"Stole Relic","floor":21,"damage_taken":0},{"event_name":"Upgrade Shrine","player_choice":"Upgraded","floor":29,"damage_taken":0},{"event_name":"Nest","player_choice":"Stole From Cult","floor":31,"damage_taken":0},{"event_name":"MindBloom","player_choice":"Fight","floor":38,"damage_taken":0},{"event_name":"Falling","player_choice":"Removed Attack","floor":46,"damage_taken":0}],"is_beta":false,"boss_relics":[{"not_picked":["Runic Dome","Lizard Tail"],"picked":"Sozu"},{"not_picked":["White Beast Statue","Velvet Choker"],"picked":"Cursed Key"}],"items_purged_floors":[22],"is_endless":false,"potions_floor_spawned":[1,5,7,10,12,14,18,24,27,33,38,39,44,47],"killed_by":"Awakened One","ascension_level":17}