{"gold_per_floor":[116,130,146,161,161,161,177,177,203,217,229,229,244,262,262,364,364,381,391,391,61,77,77,95,95,122,122,135,149,0,15,15,15],"floor_reached":33,"playtime":3802,"items_purged":["Strike_G"],"score":286,"play_id":"679b9e96-223d-45ee-940e-02769460600d","local_time":"20190205163926","is_ascension_mode":true,"campfire_choices":[{"data":"Infinite Blades","floor":6.0,"key":"SMITH"},{"data":"Dodge and Roll","floor":8.0,"key":"SMITH"},{"floor":15.0,"key":"REST"},{"floor":23,"key":"REST"},{"floor":27,"key":"REST"},{"floor":32,"key":"REST"}],"neow_cost":"NONE","seed_source_timestamp":0,"circlet_count":0,"master_deck":["Defend_G","Defend_G","Defend_G","Strike_G","Strike_G","Strike_G","Survivor","Neutralize+1","Quick Slash","Choke","Backflip","Infinite Blades+1","Dodge and Roll+1","Outmaneuver","Corpse Explosion","Dodge and Roll","Burst+1","Blade Dance","Backflip+1","Chrysalis","Escape Plan","Outmaneuver","Blade Dance+1","Die Die Die","Backflip"],"special_seed":0,"relics":["Ring of the Snake"],"potions_floor_usage":[22,24,31],"damage_taken":[{"damage":5.0,"enemies":"Small Slimes","floor":1.0,"turns":4.0},{"damage":0.0,"enemies":"Cultist","floor":2.0,"turns":4.0},{"damage":0.0,"enemies":"2 Louse","floor":3.0,"turns":2.0},{"damage":12.0,"enemies":"Looter","floor":4.0,"turns":3.0},{"damage":13.0,"enemies":"3 Louse","floor":7.0,"turns":3.0},{"damage":4.0,"enemies":"Blue Slaver","floor":10.0,"turns":3.0},{"damage":1.0,"enemies":"2 Fungi Beasts","floor":11.0,"turns":3.0},{"damage":3.0,"enemies":"Red Slaver","floor":13.0,"turns":4.0},{"damage":0.0,"enemies":"3 Louse","floor":14.0,"turns":2.0},{"damage":27.0,"enemies":"The Guardian","floor":16.0,"turns":14.0},{"damage":27.0,"enemies":"2 Thieves","floor":18.0,"turns":4.0},{"damage":27.0,"enemies":"Spheric Guardian","floor":19.0,"turns":6.0},{"damage":8,"enemies":"3 Cultists","floor":22,"turns":4},{"damage":20,"enemies":"Cultist and Chosen","floor":24,"turns":7},{"damage":7,"enemies":"Snecko","floor":28,"turns":5},{"damage":4,"enemies":"Sentry and Sphere","floor":29,"turns":3},{"damage":0,"enemies":"Centurion and Healer","floor":31,"turns":3},{"damage":40,"enemies":"Champ","floor":33,"turns":9}],"seed_played":"8337830870246733331","potions_obtained":[{"floor":3.0,"key":"Swift Potion"},{"floor":4.0,"key":"SpeedPotion"},{"floor":7.0,"key":"SkillPotion"},{"floor":18.0,"key":"Weak Potion"},{"floor":29,"key":"FearPotion"}],"is_trial":false,"path_per_floor":["M","M","M","M","?","R","M","R","T","M","M","?","M","M","R","B",null,"M","M","?","$","M","R","M","?","T","R","M","M","?","M","R","B"],"character_chosen":"THE_SILENT","items_purchased":["Chrysalis","Escape Plan"],"campfire_rested":4,"item_purchase_floors":[21,21],"current_hp_per_floor":[65,65,65,53,46,46,33,33,33,29,28,28,25,25,46,19,70,43,16,16,16,8,29,9,9,9,30,23,19,19,19,40,0],"gold":15,"neow_bonus":"UPGRADE_CARD","is_prod":false,"is_daily":false,"chose_seed":false,"campfire_upgraded":2,"win_rate":0,"timestamp":1549402766,"path_taken":["M","M","M","M","?","R","M","R","T","M","M","?","M","?","R","BOSS","M","M","?","?","M","R","M","?","T","R","M","M","?","M","R","BOSS"],"build_version":"2019-01-23","purchased_purges":1,"victory":false,"max_hp_per_floor":[70,70,70,70,70,70,70,70,70,70,70,70,70,70,70,70,70,70,70,70,70,70,70,70,70,70,70,70,70,70,70,70,70],"card_choices":[{"not_picked":["Dagger Throw","Distraction"],"picked":"Quick Slash","floor":1.0},{"not_picked":["Noxious Fumes","Slice"],"picked":"Choke","floor":2.0},{"not_picked":["Quick Slash","Flying Knee"],"picked":"Backflip","floor":3.0},{"not_picked":["Noxious Fumes","Dagger Throw"],"picked":"Infinite Blades","floor":4.0},{"not_picked":["Backflip","Deflect"],"picked":"Dodge and Roll","floor":7.0},{"not_picked":["Distraction","Backflip"],"picked":"Outmaneuver","floor":10.0},{"not_picked":["Outmaneuver","Bane","PiercingWail"],"picked":"SKIP","floor":11.0},{"not_picked":["Endless Agony","Flying Knee"],"picked":"Corpse Explosion","floor":13.0},{"not_picked":["Blade Dance","Setup"],"picked":"Dodge and Roll","floor":14.0},{"not_picked":["Unload","Corpse Explosion"],"picked":"Burst","floor":16.0},{"not_picked":["PiercingWail","Outmaneuver"],"picked":"Blade Dance","floor":18.0},{"not_picked":["Riddle With Holes","Prepared+1"],"picked":"Backflip+1","floor":19.0},{"not_picked":["Heel Hook","Poisoned Stab"],"picked":"Outmaneuver","floor":22},{"not_picked":["Dodge and Roll+1","Storm of Steel"],"picked":"Blade Dance+1","floor":24},{"not_picked":["Outmaneuver","Flying Knee","Cloak And Dagger"],"picked":"SKIP","floor":28},{"not_picked":["Deadly Poison","Bouncing Flask","Backflip"],"picked":"SKIP","floor":29},{"not_picked":["Predator+1","Expertise","Eviscerate"],"picked":"SKIP","floor":31}],"player_experience":365041,"relics_obtained":[],"event_choices":[{"cards_removed":["Strike_G"],"damage_healed":0.0,"max_hp_gain":0.0,"max_hp_loss":0.0,"gold_gain":0.0,"event_name":"Golden Wing","player_choice":"Card Removal","floor":5.0,"gold_loss":0.0,"damage_taken":7.0},{"damage_healed":0.0,"max_hp_gain":0.0,"max_hp_loss":0.0,"gold_gain":0.0,"event_name":"The Woman in Blue","player_choice":"Bought 0 Potions","floor":12.0,"gold_loss":0.0,"damage_taken":0.0},{"damage_healed":0.0,"max_hp_gain":0.0,"max_hp_loss":0.0,"gold_gain":0.0,"event_name":"Accursed Blacksmith","player_choice":"Forge","floor":20.0,"gold_loss":0.0,"damage_taken":0.0,"cards_upgraded":["Burst"]},{"damage_healed":0,"gold_gain":0,"cards_transformed":["Defend_G","Defend_G"],"player_choice":"Became Test Subject","damage_taken":0,"max_hp_gain":0,"max_hp_loss":0,"event_name":"Drug Dealer","floor":25,"gold_loss":0,"cards_obtained":["Die Die Die","Backflip"]},{"damage_healed":0,"gold_gain":0,"player_choice":"Paid Fearfully","damage_taken":0,"max_hp_gain":0,"max_hp_loss":0,"event_name":"Masked Bandits","floor":30,"gold_loss":149}],"is_beta":false,"boss_relics":[{"not_picked":["Ectoplasm","Velvet Choker","Pandora\u0027s Box"]}],"items_purged_floors":[21],"is_endless":false,"potions_floor_spawned":[3,4,7,11,14,18,29],"killed_by":"Champ","ascension_level":1}