{"gold_per_floor":[12,12,30,30,50,83,83,116,165,182,200,200],"floor_reached":12,"playtime":430,"items_purged":[],"score":135,"play_id":"bb4d5bce-fb1a-4151-81ed-ea856787a6e7","local_time":"20190212122402","is_ascension_mode":true,"campfire_choices":[{"floor":7,"key":"REST"}],"neow_cost":"NO_GOLD","seed_source_timestamp":57540254523173,"circlet_count":0,"master_deck":["AscendersBane","Strike_B","Strike_B","Defend_B","Defend_B","Defend_B","Defend_B","Zap+1","Dualcast","Gash","Streamline+1","Compile Driver+1","Sunder+1","Streamline+1"],"relics":["Cracked Core","Molten Egg 2","Happy Flower","Centennial Puzzle"],"potions_floor_usage":[6,10,11,12],"damage_taken":[{"damage":1,"enemies":"Cultist","floor":1,"turns":4},{"damage":5,"enemies":"Small Slimes","floor":3,"turns":3},{"damage":3,"enemies":"2 Louse","floor":5,"turns":3},{"damage":25,"enemies":"Lagavulin","floor":6,"turns":6},{"damage":45,"enemies":"3 Sentries","floor":8,"turns":7},{"damage":2,"enemies":"Exordium Thugs","floor":10,"turns":4},{"damage":0,"enemies":"Blue Slaver","floor":11,"turns":2},{"damage":15,"enemies":"Lagavulin","floor":12,"turns":2}],"seed_played":"1399627017291934982","potions_obtained":[{"floor":5,"key":"AttackPotion"},{"floor":8,"key":"SkillPotion"},{"floor":10,"key":"Strength Potion"},{"floor":11,"key":"Poison Potion"}],"is_trial":false,"path_per_floor":["M","?","M","?","M","E","R","E","T","M","M","E"],"character_chosen":"DEFECT","items_purchased":[],"campfire_rested":1,"item_purchase_floors":[],"current_hp_per_floor":[67,60,55,55,52,27,49,4,4,2,2,0],"gold":200,"neow_bonus":"TRANSFORM_TWO_CARDS","is_prod":false,"is_daily":false,"chose_seed":false,"campfire_upgraded":0,"win_rate":0,"timestamp":1549970642,"path_taken":["M","?","M","?","?","E","R","E","T","M","M","E"],"build_version":"2019-01-23","purchased_purges":0,"victory":false,"max_hp_per_floor":[75,75,75,75,75,75,75,75,75,75,75,75],"card_choices":[{"not_picked":["Leap","Lockon","Storm"],"picked":"SKIP","floor":1},{"not_picked":["Turbo","Lockon","Stack"],"picked":"SKIP","floor":3},{"not_picked":["Stack","Conserve Battery","Rebound"],"picked":"SKIP","floor":5},{"not_picked":["Leap","Chaos"],"picked":"Streamline","floor":6},{"not_picked":["Hyperbeam+1","Storm"],"picked":"Compile Driver+1","floor":8},{"not_picked":["Loop","Ball Lightning+1"],"picked":"Sunder+1","floor":10},{"not_picked":["Leap","Chill"],"picked":"Streamline+1","floor":11}],"player_experience":1058243,"relics_obtained":[{"floor":6,"key":"Molten Egg 2"},{"floor":8,"key":"Happy Flower"},{"floor":9,"key":"Centennial Puzzle"}],"event_choices":[{"cards_removed":["Storm"],"damage_healed":0,"gold_gain":0,"player_choice":"Card Removal","damage_taken":7,"max_hp_gain":0,"max_hp_loss":0,"event_name":"Golden Wing","floor":2,"gold_loss":0},{"damage_healed":0,"gold_gain":0,"player_choice":"Upgraded","damage_taken":0,"max_hp_gain":0,"max_hp_loss":0,"event_name":"Upgrade Shrine","floor":4,"gold_loss":0,"cards_upgraded":["Zap"]}],"is_beta":false,"boss_relics":[],"items_purged_floors":[],"is_endless":false,"potions_floor_spawned":[5,8,10,11],"killed_by":"Lagavulin","ascension_level":10}