{"gold_per_floor":[117,42,60,79,99,99,112,123,176,187,187,202,202,222,222,296,296,309,309,134,146,173,173,188,207,207,207,207,220,220,232,232,303,303,318,228,240,240,253,253,253,253,279,3,19,19,19,19,19,19],"floor_reached":51,"playtime":4676,"items_purged":["Strike_R","Strike_R","Strike_R"],"score":1078,"play_id":"77bca06c-fd22-4ac2-952a-6e8bf87e5418","local_time":"20190312222050","is_ascension_mode":true,"campfire_choices":[{"data":"Bash","floor":6.0,"key":"SMITH"},{"data":"Thunderclap","floor":13.0,"key":"SMITH"},{"data":"True Grit","floor":15.0,"key":"SMITH"},{"data":"Metallicize","floor":23.0,"key":"SMITH"},{"data":"Shrug It Off","floor":27.0,"key":"SMITH"},{"data":"Body Slam","floor":30,"key":"SMITH"},{"floor":32,"key":"REST"},{"data":"Double Tap","floor":40,"key":"SMITH"},{"data":"Flame Barrier","floor":41,"key":"SMITH"},{"data":"Shockwave","floor":42,"key":"SMITH"},{"data":"Battle Trance","floor":46,"key":"SMITH"},{"floor":49,"key":"REST"}],"neow_cost":"PERCENT_DAMAGE","seed_source_timestamp":0,"circlet_count":0,"master_deck":["AscendersBane","Defend_R","Defend_R+1","Defend_R","Defend_R","Bash+1","True Grit+1","Shrug It Off+1","Carnage","Thunderclap+1","Metallicize+1","Battle Trance+1","Body Slam+1","Shockwave+1","Double Tap+1","Flame Barrier+1"],"special_seed":0,"relics":["Black Blood","Champion Belt","Dream Catcher","Happy Flower","WingedGreaves","Velvet Choker","Omamori","Pen Nib"],"potions_floor_usage":[29,31,45,50],"damage_taken":[{"damage":1.0,"enemies":"Cultist","floor":1.0,"turns":4.0},{"damage":11.0,"enemies":"Jaw Worm","floor":3.0,"turns":7.0},{"damage":0.0,"enemies":"2 Louse","floor":4.0,"turns":3.0},{"damage":10.0,"enemies":"Gremlin Gang","floor":5.0,"turns":11.0},{"damage":5.0,"enemies":"2 Fungi Beasts","floor":7.0,"turns":6.0},{"damage":3.0,"enemies":"3 Louse","floor":8.0,"turns":5.0},{"damage":2.0,"enemies":"Large Slime","floor":10.0,"turns":8.0},{"damage":20.0,"enemies":"Exordium Wildlife","floor":12.0,"turns":7.0},{"damage":8.0,"enemies":"3 Louse","floor":14.0,"turns":4.0},{"damage":41.0,"enemies":"The Guardian","floor":16.0,"turns":18.0},{"damage":4.0,"enemies":"Chosen","floor":18.0,"turns":5.0},{"damage":31.0,"enemies":"Colosseum Slavers","floor":19.0,"turns":7.0},{"damage":11.0,"enemies":"Shell Parasite","floor":21.0,"turns":19.0},{"damage":29.0,"enemies":"Sentry and Sphere","floor":24.0,"turns":22.0},{"damage":9.0,"enemies":"Snake Plant","floor":25.0,"turns":6.0},{"damage":4,"enemies":"Chosen and Byrds","floor":29,"turns":5},{"damage":6,"enemies":"Centurion and Healer","floor":31,"turns":6},{"damage":36,"enemies":"Automaton","floor":33,"turns":13},{"damage":11,"enemies":"Orb Walker","floor":35,"turns":4},{"damage":5,"enemies":"3 Darklings","floor":37,"turns":6},{"damage":38,"enemies":"Spire Growth","floor":39,"turns":7},{"damage":5,"enemies":"Sphere and 2 Shapes","floor":45,"turns":10},{"damage":42,"enemies":"Awakened One","floor":50,"turns":18}],"seed_played":"718640855347042347","potions_obtained":[{"floor":3.0,"key":"LiquidBronze"},{"floor":4.0,"key":"Energy Potion"},{"floor":5.0,"key":"AttackPotion"},{"floor":12.0,"key":"Weak Potion"},{"floor":21.0,"key":"BloodPotion"},{"floor":24.0,"key":"Poison Potion"},{"floor":25.0,"key":"LiquidBronze"},{"floor":31,"key":"FearPotion"},{"floor":35,"key":"Block Potion"}],"is_trial":false,"path_per_floor":["M","$","M","M","M","R","M","M","T","M","?","M","R","M","R","B",null,"M","?","$","M","T","R","M","M","T","R","?","M","R","M","R","B",null,"M","?","M","?","M","R","R","R","T","$","M","R","?","?","R","B",null],"character_chosen":"IRONCLAD","items_purchased":["Metallicize","Pen Nib"],"campfire_rested":2,"item_purchase_floors":[20,44],"current_hp_per_floor":[56,56,51,57,53,53,54,57,57,61,61,47,47,45,45,10,63,69,48,48,47,47,47,36,37,37,37,37,43,43,47,71,45,71,70,70,75,75,47,47,47,47,47,47,52,52,52,52,74,42],"gold":19,"neow_bonus":"ONE_RARE_RELIC","is_prod":false,"is_daily":false,"chose_seed":false,"campfire_upgraded":10,"win_rate":0,"timestamp":1552454450,"path_taken":["M","$","M","M","M","R","M","M","T","M","?","M","R","M","R","BOSS","M","?","$","M","?","R","M","M","T","R","?","M","R","M","R","BOSS","M","?","?","?","M","R","R","R","T","$","M","R","?","?","R","BOSS"],"build_version":"2019-01-23","purchased_purges":3,"victory":true,"max_hp_per_floor":[80,80,80,80,80,80,80,80,80,80,80,80,80,80,80,80,80,80,80,80,80,80,80,80,80,80,80,80,80,80,80,80,80,80,80,80,80,80,80,80,80,80,80,80,80,80,76,76,76,76],"card_choices":[{"not_picked":["Warcry","Clash","Hemokinesis"],"picked":"SKIP","floor":1.0},{"not_picked":["Spot Weakness","Headbutt"],"picked":"True Grit","floor":3.0},{"not_picked":["Twin Strike","True Grit"],"picked":"Shrug It Off","floor":4.0},{"not_picked":["Clash","Shockwave","Pommel Strike"],"picked":"SKIP","floor":5.0},{"not_picked":["Anger","Blood for Blood"],"picked":"Carnage","floor":7.0},{"not_picked":["Dual Wield","Twin Strike","Uppercut"],"picked":"SKIP","floor":8.0},{"not_picked":["Carnage","Sentinel","Entrench"],"picked":"SKIP","floor":10.0},{"not_picked":["Carnage","Sentinel","Entrench"],"picked":"SKIP","floor":10.0},{"not_picked":["Anger","True Grit"],"picked":"Thunderclap","floor":12.0},{"not_picked":["Thunderclap","Clothesline","Dark Embrace"],"picked":"SKIP","floor":14.0},{"not_picked":["Rage+1","Clothesline","Wild Strike"],"picked":"SKIP","floor":18.0},{"not_picked":["Anger","Carnage"],"picked":"Battle Trance","floor":21.0},{"not_picked":["Armaments+1","Wild Strike"],"picked":"Body Slam","floor":24.0},{"not_picked":["Rage","Feel No Pain","Anger"],"picked":"SKIP","floor":25.0},{"not_picked":["Reckless Charge","Rampage"],"picked":"Shockwave","floor":29},{"not_picked":["Bloodletting","Armaments","Heavy Blade"],"picked":"SKIP","floor":31},{"not_picked":["Limit Break","Fiend Fire"],"picked":"Double Tap","floor":33},{"not_picked":["Clothesline+1","Pommel Strike","Havoc"],"picked":"SKIP","floor":35},{"not_picked":["Clothesline+1","Sword Boomerang"],"picked":"Flame Barrier","floor":37},{"not_picked":["Shockwave","Warcry","Cleave+1"],"picked":"SKIP","floor":39},{"not_picked":["Pummel+1","Warcry+1","Anger"],"picked":"SKIP","floor":45}],"player_experience":351662,"relics_obtained":[{"floor":9.0,"key":"Dream Catcher"},{"floor":22.0,"key":"Happy Flower"},{"floor":26.0,"key":"WingedGreaves"},{"floor":43,"key":"Omamori"}],"event_choices":[{"cards_removed":["Strike_R"],"damage_healed":0.0,"max_hp_gain":0.0,"max_hp_loss":0.0,"gold_gain":0.0,"event_name":"Bonfire Elementals","player_choice":"Offered Basic","floor":11.0,"gold_loss":0.0,"damage_taken":0.0},{"damage_healed":0.0,"max_hp_gain":0.0,"max_hp_loss":0.0,"gold_gain":0.0,"event_name":"Colosseum","player_choice":"Fight","floor":19.0,"gold_loss":0.0,"damage_taken":0.0},{"damage_healed":0.0,"max_hp_gain":0.0,"max_hp_loss":0.0,"gold_gain":0.0,"event_name":"Colosseum","player_choice":"Fled From Nobs","floor":19.0,"gold_loss":0.0,"damage_taken":0.0},{"damage_healed":0.0,"max_hp_gain":0.0,"max_hp_loss":0.0,"gold_gain":0.0,"event_name":"Ghosts","player_choice":"Ignored","floor":28.0,"gold_loss":0.0,"damage_taken":0.0},{"cards_removed":["Strike_R"],"damage_healed":0,"gold_gain":0,"player_choice":"Upgrade and Remove","damage_taken":0,"max_hp_gain":0,"max_hp_loss":0,"event_name":"Designer","floor":36,"gold_loss":90,"cards_upgraded":["Defend_R"]},{"damage_healed":0,"gold_gain":0,"player_choice":"Ignored","damage_taken":0,"max_hp_gain":0,"max_hp_loss":0,"event_name":"Tomb of Lord Red Mask","floor":38,"gold_loss":0},{"damage_healed":0,"gold_gain":0,"player_choice":"Max HP","damage_taken":0,"max_hp_gain":0,"max_hp_loss":4,"event_name":"Winding Halls","floor":47,"gold_loss":0},{"damage_healed":0,"gold_gain":0,"player_choice":"Ignored","damage_taken":0,"max_hp_gain":0,"max_hp_loss":0,"event_name":"Mysterious Sphere","floor":48,"gold_loss":0}],"is_beta":false,"boss_relics":[{"not_picked":["Calling Bell","Fusion Hammer"],"picked":"Black Blood"},{"not_picked":["Runic Pyramid","Orrery"],"picked":"Velvet Choker"}],"items_purged_floors":[2,20,44],"is_endless":false,"potions_floor_spawned":[3,4,5,8,12,21,24,25,31,35],"ascension_level":13}