{"gold_per_floor":[110,121,121,138,165,165,185,185,239,269,269,280,280,290,290,390,390,410,410,335,335,345,345,361,395,422,422,337,350,350,44,44,145,145,165,165,165,7,27,27,37,53,76,89,13,31,31,48,48,48],"floor_reached":50,"playtime":2243,"items_purged":["Strike_R","Strike_R","Defend_R"],"score":580,"play_id":"098bccf6-fcbc-4616-94c2-124865f4f4e7","local_time":"20180807024958","is_ascension_mode":true,"campfire_choices":[{"data":"Bash","floor":6,"key":"SMITH"},{"data":"Cleave","floor":8,"key":"SMITH"},{"floor":11,"key":"REST"},{"data":"Clash","floor":13,"key":"SMITH"},{"data":"Whirlwind","floor":15,"key":"SMITH"},{"data":"Bludgeon","floor":23,"key":"SMITH"},{"floor":27,"key":"REST"},{"data":"Disarm","floor":30,"key":"SMITH"},{"data":"Shrug It Off","floor":32,"key":"SMITH"},{"floor":40,"key":"REST"},{"floor":47,"key":"REST"},{"floor":49,"key":"REST"}],"neow_cost":"NONE","seed_source_timestamp":30484971633531,"circlet_count":0,"master_deck":["Strike_R+1","Defend_R","Defend_R","Bash+1","Disarm+1","Shrug It Off+1","Cleave+1","Clash+1","Pommel Strike+1","Whirlwind+1","Bludgeon+1","RitualDagger","Good Instincts","Uppercut+1","Double Tap+1","Iron Wave+1","RitualDagger","Seeing Red","Demon Form"],"relics":["Philosopher\u0027s Stone","Centennial Puzzle","Regal Pillow","Letter Opener","Empty Cage","Ancient Tea Set","Vajra","Kunai","Lee\u0027s Waffle","Sozu","Whetstone"],"potions_floor_usage":[22,33,33],"damage_taken":[{"damage":3,"enemies":"Cultist","floor":1,"turns":3},{"damage":0,"enemies":"Small Slimes","floor":2,"turns":3},{"damage":7,"enemies":"Jaw Worm","floor":4,"turns":4},{"damage":4,"enemies":"Exordium Thugs","floor":7,"turns":4},{"damage":25,"enemies":"3 Sentries","floor":10,"turns":7},{"damage":0,"enemies":"2 Fungi Beasts","floor":12,"turns":2},{"damage":3,"enemies":"Blue Slaver","floor":14,"turns":2},{"damage":24,"enemies":"The Guardian","floor":16,"turns":8},{"damage":0,"enemies":"3 Byrds","floor":18,"turns":3},{"damage":3,"enemies":"2 Thieves","floor":22,"turns":2},{"damage":0,"enemies":"Snecko","floor":24,"turns":3},{"damage":46,"enemies":"Gremlin Leader","floor":25,"turns":6},{"damage":0,"enemies":"Snake Plant","floor":29,"turns":1},{"damage":53,"enemies":"Collector","floor":33,"turns":8},{"damage":18,"enemies":"3 Shapes","floor":35,"turns":5},{"damage":14,"enemies":"Flame Bruiser 1 Orb","floor":39,"turns":5},{"damage":0,"enemies":"Transient","floor":41,"turns":5},{"damage":40,"enemies":"Maw","floor":42,"turns":5},{"damage":0,"enemies":"Flame Bruiser 2 Orb","floor":44,"turns":3},{"damage":10,"enemies":"Spire Growth","floor":46,"turns":3},{"damage":26,"enemies":"4 Shapes","floor":48,"turns":1},{"damage":106,"enemies":"Awakened One","floor":50,"turns":7}],"seed_played":"-933737042903774525","potions_obtained":[{"floor":1,"key":"SteroidPotion"},{"floor":10,"key":"PowerPotion"},{"floor":16,"key":"SteroidPotion"},{"floor":29,"key":"GamblersBrew"}],"is_trial":false,"path_per_floor":["M","M","?","M","T","R","M","R","T","E","R","M","R","M","R","B",null,"M","?","$","?","M","R","M","E","T","R","?","M","R","$","R","B",null,"M","?","?","$","M","R","M","M","T","M","$","M","R","M","R"],"character_chosen":"IRONCLAD","items_purchased":["Lee\u0027s Waffle","Seeing Red","Demon Form"],"campfire_rested":5,"item_purchase_floors":[31,38,45],"current_hp_per_floor":[77,77,77,70,70,70,66,66,66,41,80,80,80,77,77,53,73,73,67,67,67,64,64,64,18,18,57,57,57,57,87,87,34,74,56,56,56,56,42,83,83,43,43,43,43,33,74,48,87,0],"gold":48,"neow_bonus":"BOSS_RELIC","is_prod":false,"is_daily":false,"chose_seed":false,"campfire_upgraded":7,"win_rate":0,"timestamp":1533624598,"path_taken":["M","M","?","M","?","R","M","R","T","E","R","?","R","M","R","BOSS","M","?","?","?","M","R","M","E","T","R","?","M","R","?","R","BOSS","M","?","?","$","M","R","?","M","T","M","?","M","R","M","R","BOSS"],"build_version":"2018-08-02","purchased_purges":3,"victory":false,"max_hp_per_floor":[80,80,80,80,80,80,80,80,80,80,80,80,80,80,80,80,80,80,80,80,80,80,80,80,80,80,80,80,80,80,87,87,87,87,87,87,87,87,87,87,87,87,87,87,87,87,87,87,87,87],"card_choices":[{"not_picked":["Heavy Blade","Twin Strike"],"picked":"Disarm","floor":1},{"not_picked":["Second Wind","Iron Wave","Searing Blow"],"picked":"SKIP","floor":2},{"not_picked":["Metallicize","Anger"],"picked":"Shrug It Off","floor":4},{"not_picked":["Wild Strike","Flex"],"picked":"Cleave","floor":7},{"not_picked":["Berserk","Perfected Strike"],"picked":"Clash","floor":10},{"not_picked":["Burning Pact","Iron Wave"],"picked":"Pommel Strike","floor":12},{"not_picked":["Pommel Strike","Shockwave"],"picked":"Whirlwind","floor":14},{"not_picked":["Dark Embrace","Demon Form"],"picked":"Bludgeon","floor":16},{"not_picked":["Heavy Blade","Rage","Warcry"],"picked":"SKIP","floor":18},{"not_picked":["Clothesline","Anger","Cleave+1"],"picked":"SKIP","floor":22},{"not_picked":["Armaments","Perfected Strike","Hemokinesis"],"picked":"SKIP","floor":24},{"not_picked":["Bloodletting","Flex"],"picked":"Uppercut+1","floor":25},{"not_picked":["Warcry+1","Flame Barrier","Rage+1"],"picked":"SKIP","floor":29},{"not_picked":["Immolate","Limit Break"],"picked":"Double Tap","floor":33},{"not_picked":["Clothesline+1","Cleave"],"picked":"Iron Wave+1","floor":35},{"not_picked":["Carnage","Twin Strike","Combust"],"picked":"SKIP","floor":39},{"not_picked":["Body Slam+1","Uppercut","Whirlwind+1"],"picked":"SKIP","floor":41},{"not_picked":["Warcry","Headbutt","Ghostly Armor+1"],"picked":"SKIP","floor":42},{"not_picked":["Spot Weakness+1","Perfected Strike","Heavy Blade"],"picked":"SKIP","floor":44},{"not_picked":["Iron Wave","Thunderclap","Dual Wield"],"picked":"SKIP","floor":46},{"not_picked":["Anger","Sentinel+1","Thunderclap+1"],"picked":"SKIP","floor":48}],"player_experience":161417,"relics_obtained":[{"floor":5,"key":"Centennial Puzzle"},{"floor":9,"key":"Regal Pillow"},{"floor":10,"key":"Letter Opener"},{"floor":25,"key":"Ancient Tea Set"},{"floor":26,"key":"Vajra"},{"floor":43,"key":"Whetstone"}],"event_choices":[{"event_name":"Living Wall","player_choice":"Forget","floor":3,"damage_taken":0},{"event_name":"Nest","player_choice":"Joined the Cult","floor":19,"damage_taken":0},{"event_name":"Match and Keep!","player_choice":"1 cards matched","floor":21,"damage_taken":0},{"event_name":"Addict","player_choice":"Obtained Relic","floor":28,"damage_taken":0},{"event_name":"Upgrade Shrine","player_choice":"Upgraded","floor":36,"damage_taken":0},{"event_name":"Duplicator","player_choice":"One dupe","floor":37,"damage_taken":0}],"is_beta":false,"boss_relics":[{"not_picked":["Runic Dome","Fusion Hammer"],"picked":"Empty Cage"},{"not_picked":["White Beast Statue","Orrery"],"picked":"Sozu"}],"items_purged_floors":[20,31,38],"is_endless":false,"potions_floor_spawned":[1,10,16,18,29,39,41,46,48],"killed_by":"Awakened One","ascension_level":5}