{"gold_per_floor":[119,44,61,61,236,269,280,291,344,370,370,398,398,141,141,242,242,227,137,12,12,12,12,23,23,23,35,68,68,68,80,80,180,180,200,200,50,62,62],"floor_reached":39,"playtime":1759,"items_purged":["Strike_R","Doubt","Strike_R"],"score":410,"play_id":"464dd301-45ea-4c5e-ac36-9046875172f5","local_time":"20190110052323","is_ascension_mode":false,"campfire_choices":[{"data":"Whirlwind","floor":11,"key":"SMITH"},{"data":"Entrench","floor":13,"key":"SMITH"},{"data":"Bash","floor":15,"key":"SMITH"},{"data":"Body Slam","floor":23,"key":"SMITH"},{"data":"True Grit","floor":25,"key":"SMITH"},{"floor":30,"key":"REST"},{"data":"Shrug It Off","floor":32,"key":"SMITH"}],"neow_cost":"NONE","seed_source_timestamp":40375190584407,"circlet_count":0,"master_deck":["Bash+1","Shrug It Off+1","Body Slam+1","Whirlwind+1","Dropkick","Entrench+1","Double Tap","True Grit+1","Seeing Red+1","Heavy Blade","Battle Trance","Disarm","Metallicize","Carnage","Brutality","Dark Shackles"],"relics":["Burning Blood","NeowsBlessing","Pantograph","Anchor","War Paint","Juzu Bracelet","Dream Catcher","Lizard Tail","Nilry\u0027s Codex","Darkstone Periapt","Red Mask","Turnip","Pandora\u0027s Box","Happy Flower"],"potions_floor_usage":[35],"damage_taken":[{"damage":0,"enemies":"Small Slimes","floor":1,"turns":1},{"damage":0,"enemies":"Jaw Worm","floor":3,"turns":1},{"damage":0,"enemies":"3 Sentries","floor":6,"turns":2},{"damage":0,"enemies":"Cultist","floor":7,"turns":4},{"damage":0,"enemies":"3 Louse","floor":8,"turns":3},{"damage":20,"enemies":"Gremlin Nob","floor":12,"turns":4},{"damage":3,"enemies":"Slime Boss","floor":16,"turns":9},{"damage":10,"enemies":"2 Thieves","floor":18,"turns":4},{"damage":1,"enemies":"3 Byrds","floor":24,"turns":5},{"damage":0,"enemies":"Centurion and Healer","floor":27,"turns":8},{"damage":46,"enemies":"Masked Bandits","floor":28,"turns":8},{"damage":13,"enemies":"Snake Plant","floor":31,"turns":5},{"damage":39,"enemies":"Collector","floor":33,"turns":9},{"damage":4,"enemies":"Orb Walker","floor":35,"turns":4},{"damage":5,"enemies":"3 Shapes","floor":38,"turns":6}],"seed_played":"-3788096874063417411","potions_obtained":[{"floor":3,"key":"Swift Potion"},{"floor":8,"key":"Energy Potion"},{"floor":16,"key":"SmokeBomb"},{"floor":18,"key":"AttackPotion"}],"is_trial":false,"path_per_floor":["M","$","M","?","?","E","M","M","T","T","R","E","R","$","R","B",null,"M","?","$","?","?","R","M","R","T","M","?","?","R","M","R","B",null,"M","?","$","M","$"],"character_chosen":"IRONCLAD","items_purchased":["Dream Catcher","Happy Flower"],"campfire_rested":1,"item_purchase_floors":[14,37],"current_hp_per_floor":[80,80,80,64,64,70,76,80,80,80,80,66,66,66,66,80,80,76,76,76,76,60,60,65,65,65,71,31,31,55,48,48,40,80,80,80,80,80,80],"gold":62,"neow_bonus":"THREE_ENEMY_KILL","is_prod":false,"is_daily":false,"chose_seed":false,"campfire_upgraded":6,"win_rate":0,"timestamp":1547126603,"path_taken":["M","$","M","?","?","E","M","M","T","?","R","E","R","$","R","BOSS","M","?","$","?","?","R","M","R","T","M","?","?","R","M","R","BOSS","M","?","$","M","$"],"build_version":"2019-01-03v4","purchased_purges":3,"victory":false,"max_hp_per_floor":[80,80,80,80,80,80,80,80,80,80,80,80,80,80,80,80,80,80,80,80,80,80,80,80,80,80,80,80,80,80,80,80,80,80,80,80,80,80,80],"card_choices":[{"not_picked":["Armaments","Wild Strike"],"picked":"Shrug It Off","floor":1},{"not_picked":["Clash","Heavy Blade"],"picked":"Body Slam","floor":3},{"not_picked":["Burning Pact","Twin Strike"],"picked":"Whirlwind","floor":6},{"not_picked":["Pommel Strike","Clash","Havoc"],"picked":"SKIP","floor":7},{"not_picked":["Carnage","Perfected Strike"],"picked":"Dropkick","floor":8},{"not_picked":["Warcry","Burning Pact"],"picked":"Entrench","floor":12},{"not_picked":["Exhume","Dark Embrace"],"picked":"Double Tap","floor":16},{"not_picked":["Flex","Whirlwind","Spot Weakness+1"],"picked":"SKIP","floor":18},{"not_picked":["Iron Wave","Anger"],"picked":"True Grit","floor":24},{"not_picked":["Searing Blow","Carnage","Perfected Strike"],"picked":"SKIP","floor":27},{"not_picked":["Infernal Blade","Twin Strike"],"picked":"Seeing Red+1","floor":31},{"not_picked":["Rampage+1","Combust","Body Slam"],"picked":"SKIP","floor":35},{"not_picked":["Jack Of All Trades","Impatience"],"picked":"Dark Shackles","floor":36},{"not_picked":["Body Slam","Battle Trance+1","Corruption+1"],"picked":"SKIP","floor":38}],"player_experience":320378,"relics_obtained":[{"floor":6,"key":"Pantograph"},{"floor":9,"key":"Anchor"},{"floor":10,"key":"War Paint"},{"floor":12,"key":"Juzu Bracelet"},{"floor":22,"key":"Nilry\u0027s Codex"},{"floor":26,"key":"Darkstone Periapt"},{"floor":28,"key":"Red Mask"}],"event_choices":[{"damage_healed":0,"gold_gain":0,"player_choice":"Entered Light","damage_taken":16,"max_hp_gain":0,"max_hp_loss":0,"event_name":"Shining Light","floor":4,"gold_loss":0,"cards_upgraded":["Strike_R","Defend_R"]},{"damage_healed":0,"gold_gain":175,"player_choice":"AGREE","damage_taken":0,"max_hp_gain":0,"max_hp_loss":0,"event_name":"Liars Game","floor":5,"gold_loss":0,"cards_obtained":["Doubt"]},{"cards_removed":["Strike_R"],"damage_healed":0,"gold_gain":0,"player_choice":"Upgrade and Remove","damage_taken":0,"max_hp_gain":0,"max_hp_loss":0,"event_name":"Designer","floor":19,"gold_loss":90,"cards_upgraded":["Strike_R"]},{"damage_healed":0,"gold_gain":0,"player_choice":"Obtained Book","damage_taken":16,"max_hp_gain":0,"max_hp_loss":0,"event_name":"Cursed Tome","floor":22,"gold_loss":0},{"damage_healed":0,"gold_gain":0,"player_choice":"Fought Bandits","damage_taken":0,"max_hp_gain":0,"max_hp_loss":0,"event_name":"Masked Bandits","floor":28,"gold_loss":0},{"damage_healed":0,"gold_gain":0,"player_choice":"Gave Potion","damage_taken":0,"relics_obtained":["Turnip"],"max_hp_gain":0,"max_hp_loss":0,"event_name":"WeMeetAgain","floor":29,"gold_loss":0},{"damage_healed":0,"gold_gain":0,"player_choice":"Memory 1","damage_taken":0,"max_hp_gain":0,"max_hp_loss":0,"event_name":"SensoryStone","floor":36,"gold_loss":0}],"is_beta":false,"boss_relics":[{"not_picked":["Black Star","Ectoplasm"],"picked":"Lizard Tail"},{"not_picked":["Mark of Pain","Philosopher\u0027s Stone"],"picked":"Pandora\u0027s Box"}],"items_purged_floors":[2,14,20],"is_endless":false,"potions_floor_spawned":[3,8,16,18,27,28],"ascension_level":0}