{"gold_per_floor":[13,13,30,30,42,42,74,74,123,151,151,301,311,340,340,340],"floor_reached":16,"playtime":533,"items_purged":[],"score":212,"play_id":"666cb696-739f-4786-a927-3ee7b76db256","local_time":"20181117220759","is_ascension_mode":true,"campfire_choices":[{"data":"Pommel Strike","floor":6,"key":"SMITH"},{"data":"True Grit","floor":8,"key":"SMITH"},{"floor":11,"key":"REST"},{"data":"Infernal Blade","floor":15,"key":"SMITH"}],"neow_cost":"NO_GOLD","seed_source_timestamp":262776706723112,"circlet_count":0,"master_deck":["AscendersBane","Strike_R","Strike_R","Strike_R","Strike_R","Strike_R+1","Defend_R","Defend_R","Defend_R","Defend_R","Bash+1","Pummel","True Grit+1","Pommel Strike+1","Power Through","Infernal Blade+1","Doubt","Iron Wave","Battle Trance"],"relics":["Burning Blood","Nunchaku","Bag of Preparation","Ancient Tea Set","Orichalcum","PreservedInsect"],"potions_floor_usage":[7,10,16],"damage_taken":[{"damage":5,"enemies":"2 Louse","floor":1,"turns":4},{"damage":12,"enemies":"Jaw Worm","floor":3,"turns":2},{"damage":0,"enemies":"Small Slimes","floor":5,"turns":2},{"damage":23,"enemies":"Lagavulin","floor":7,"turns":6},{"damage":11,"enemies":"3 Sentries","floor":10,"turns":8},{"damage":0,"enemies":"Blue Slaver","floor":13,"turns":2},{"damage":2,"enemies":"Gremlin Nob","floor":14,"turns":4},{"damage":56,"enemies":"The Guardian","floor":16,"turns":15}],"seed_played":"-6143568975308919030","potions_obtained":[{"floor":1,"key":"Fire Potion"},{"floor":3,"key":"Fire Potion"},{"floor":7,"key":"Strength Potion"}],"is_trial":false,"path_per_floor":["M","?","M","$","M","R","E","R","T","E","R","?","M","E","R","B"],"character_chosen":"IRONCLAD","items_purchased":[],"campfire_rested":1,"item_purchase_floors":[],"current_hp_per_floor":[69,46,40,40,46,46,29,29,29,24,46,46,52,56,56,0],"gold":340,"neow_bonus":"ONE_RARE_RELIC","is_prod":false,"is_daily":false,"chose_seed":false,"campfire_upgraded":3,"win_rate":0,"timestamp":1542488879,"path_taken":["M","?","M","?","M","R","E","R","T","E","R","?","?","E","R","BOSS"],"build_version":"2018-11-15","purchased_purges":0,"victory":false,"max_hp_per_floor":[75,75,75,75,75,75,75,75,75,75,75,75,75,75,75,75],"card_choices":[{"not_picked":["Intimidate","Cleave"],"picked":"Pummel","floor":1},{"not_picked":["Perfected Strike","Rupture"],"picked":"True Grit","floor":3},{"not_picked":["Searing Blow","Clash"],"picked":"Pommel Strike","floor":5},{"not_picked":["Whirlwind","Anger"],"picked":"Power Through","floor":7},{"not_picked":["Reckless Charge","Brutality"],"picked":"Infernal Blade","floor":10},{"not_picked":["Burning Pact","Thunderclap"],"picked":"Iron Wave","floor":13},{"not_picked":["Dropkick","Cleave"],"picked":"Battle Trance","floor":14}],"player_experience":870641,"relics_obtained":[{"floor":7,"key":"Bag of Preparation"},{"floor":9,"key":"Ancient Tea Set"},{"floor":10,"key":"Orichalcum"},{"floor":14,"key":"PreservedInsect"}],"event_choices":[{"damage_healed":0,"gold_gain":0,"player_choice":"Entered Light","damage_taken":23,"max_hp_gain":0,"max_hp_loss":0,"event_name":"Shining Light","floor":2,"gold_loss":0,"cards_upgraded":["Bash","Strike_R"]},{"damage_healed":0,"gold_gain":150,"player_choice":"AGREE","damage_taken":0,"max_hp_gain":0,"max_hp_loss":0,"event_name":"Liars Game","floor":12,"gold_loss":0,"cards_obtained":["Doubt"]}],"is_beta":false,"boss_relics":[],"items_purged_floors":[],"is_endless":false,"potions_floor_spawned":[1,3,5,7],"killed_by":"The Guardian","ascension_level":16}