{"gold_per_floor":[117,117,117,117,15,50,50,90,116,154,172,192,192,92,92,213,213,234,109,109,234,234,274,274,307,307,341,364,377,396,396,396,515,578,603,624,223,246,262,301,301,337,337,368,17,38,52,52,52,52,52,52,52,85,85],"floor_reached":55,"playtime":1848,"items_purged":["Strike_B","Strike_B","Strike_B","Defend_B"],"score":1028,"play_id":"3231d8f7-9685-4559-b62d-820cf1b974f0","local_time":"20190214235742","is_ascension_mode":true,"campfire_choices":[{"data":"Zap","floor":7.0,"key":"SMITH"},{"data":"Ball Lightning","floor":13.0,"key":"SMITH"},{"data":"Ball Lightning","floor":15.0,"key":"SMITH"},{"data":"RitualDagger","floor":24.0,"key":"SMITH"},{"data":"Dualcast","floor":32.0,"key":"SMITH"},{"data":"Double Energy","floor":41.0,"key":"SMITH"},{"floor":49.0,"key":"RECALL"},{"floor":52.0,"key":"DIG"}],"neow_cost":"NONE","seed_source_timestamp":47063830877058,"circlet_count":0,"master_deck":["Strike_B","Defend_B","Defend_B","Defend_B+1","Zap+1","Dualcast+1","Glacier+1","Ball Lightning+1","Double Energy+1","Ball Lightning+1","Biased Cognition+1","Biased Cognition+1","RitualDagger+1","Defragment+1","Hologram+1","Compile Driver+1","Fission+1","Tempest+1","Rebound+1","Reboot+1","Finesse+1","Conserve Battery+1"],"special_seed":0,"relics":["Cracked Core","Frozen Egg 2","Golden Idol","Bag of Marbles","Gremlin Horn","Centennial Puzzle","Gambling Chip","Nuclear Battery","Calipers","Toxic Egg 2","Happy Flower","Art of War","Sundial","Oddly Smooth Stone","Nilry\u0027s Codex","Tiny House","Bottled Flame","Shovel","Pear","Pen Nib","Cables","Blue Candle","Bronze Scales"],"potions_floor_usage":[55,55,55],"damage_taken":[{"damage":3.0,"enemies":"Small Slimes","floor":1.0,"turns":3.0},{"damage":21.0,"enemies":"Gremlin Nob","floor":6.0,"turns":4.0},{"damage":18.0,"enemies":"Lagavulin","floor":8.0,"turns":8.0},{"damage":5.0,"enemies":"3 Sentries","floor":10.0,"turns":7.0},{"damage":0.0,"enemies":"2 Louse","floor":11.0,"turns":2.0},{"damage":0.0,"enemies":"Cultist","floor":12.0,"turns":2.0},{"damage":15.0,"enemies":"The Guardian","floor":16.0,"turns":8.0},{"damage":0.0,"enemies":"3 Byrds","floor":18.0,"turns":3.0},{"damage":0.0,"enemies":"Colosseum Slavers","floor":21.0,"turns":2.0},{"damage":0.0,"enemies":"Colosseum Nobs","floor":21.0,"turns":4.0},{"damage":0.0,"enemies":"Book of Stabbing","floor":23.0,"turns":4.0},{"damage":22.0,"enemies":"Gremlin Leader","floor":25.0,"turns":3.0},{"damage":4.0,"enemies":"Slavers","floor":27.0,"turns":3.0},{"damage":4.0,"enemies":"Chosen","floor":28.0,"turns":2.0},{"damage":0.0,"enemies":"Centurion and Healer","floor":29.0,"turns":2.0},{"damage":0.0,"enemies":"Snake Plant","floor":30.0,"turns":1.0},{"damage":2.0,"enemies":"Champ","floor":33.0,"turns":10.0},{"damage":0.0,"enemies":"Orb Walker","floor":35.0,"turns":2.0},{"damage":0.0,"enemies":"3 Darklings","floor":36.0,"turns":2.0},{"damage":5.0,"enemies":"Maw","floor":38.0,"turns":4.0},{"damage":0.0,"enemies":"Jaw Worm Horde","floor":39.0,"turns":2.0},{"damage":0.0,"enemies":"Reptomancer","floor":40.0,"turns":3.0},{"damage":9.0,"enemies":"Nemesis","floor":42.0,"turns":5.0},{"damage":0.0,"enemies":"Reptomancer","floor":44.0,"turns":3.0},{"damage":0.0,"enemies":"3 Darklings","floor":46.0,"turns":1.0},{"damage":0.0,"enemies":"Spire Growth","floor":47.0,"turns":1.0},{"damage":0.0,"enemies":"Donu and Deca","floor":50.0,"turns":2.0},{"damage":10.0,"enemies":"Shield and Spear","floor":54.0,"turns":2.0},{"damage":88,"enemies":"The Heart","floor":55,"turns":5}],"seed_played":"-5511626465396625042","potions_obtained":[{"floor":10.0,"key":"Swift Potion"},{"floor":11.0,"key":"SkillPotion"},{"floor":12.0,"key":"Block Potion"},{"floor":21.0,"key":"SkillPotion"},{"floor":27.0,"key":"Poison Potion"},{"floor":28.0,"key":"FearPotion"},{"floor":33.0,"key":"FearPotion"},{"floor":34.0,"key":"Swift Potion"},{"floor":36.0,"key":"Fire Potion"},{"floor":40.0,"key":"FocusPotion"},{"floor":46.0,"key":"Poison Potion"},{"floor":54.0,"key":"Explosive Potion"}],"is_trial":false,"path_per_floor":["M","?","?","?","$","E","R","E","T","E","M","M","R","$","R","B",null,"M","$","?","?","?","E","R","E","T","E","M","M","M","?","R","B",null,"M","M","$","M","M","E","R","E","T","E","$","M","M","?","R","B",null,"R","$","E","B"],"character_chosen":"DEFECT","items_purchased":["Ball Lightning","Bottled Flame","Cables","Finesse+1"],"campfire_rested":0,"item_purchase_floors":[5,37,45,45],"current_hp_per_floor":[72,65,47,75,75,54,54,36,36,31,31,31,31,31,31,16,75,75,75,69,69,69,69,69,47,47,43,39,39,39,23,23,21,80,80,80,80,75,75,75,75,76,76,76,76,76,76,76,76,76,90,90,90,80,0],"gold":85,"neow_bonus":"RANDOM_COLORLESS","is_prod":false,"is_daily":false,"chose_seed":false,"campfire_upgraded":6,"win_rate":0,"timestamp":1550185062,"path_taken":["M","?","?","?","$","E","R","E","T","E","M","?","R","$","R","BOSS","M","$","?","?","?","E","R","E","T","E","M","M","?","?","R","BOSS","M","M","$","M","M","E","R","E","T","E","$","M","M","?","R","BOSS","R","$","E","BOSS"],"build_version":"2019-01-23","purchased_purges":4,"victory":false,"max_hp_per_floor":[75,75,75,75,75,75,75,75,75,75,75,75,75,75,75,75,75,75,75,75,75,75,75,75,75,75,75,75,75,75,75,75,75,80,80,80,80,80,80,80,80,90,90,90,90,90,90,90,90,90,90,90,90,90,90],"card_choices":[{"not_picked":["Rebound","Leap"],"picked":"Glacier","floor":1.0},{"not_picked":["Lockon","BootSequence"],"picked":"Double Energy","floor":6.0},{"not_picked":["Beam Cell","Undo"],"picked":"Ball Lightning","floor":8.0},{"not_picked":["Conserve Battery","Cold Snap","Stack"],"picked":"SKIP","floor":10.0},{"not_picked":["Ball Lightning","Go for the Eyes","Rebound"],"picked":"SKIP","floor":11.0},{"not_picked":["Go for the Eyes","Streamline"],"picked":"Biased Cognition+1","floor":12.0},{"not_picked":["Echo Form+1","Creative AI+1"],"picked":"Biased Cognition+1","floor":16.0},{"not_picked":["Steam","Conserve Battery+1","Redo+1"],"picked":"SKIP","floor":18.0},{"not_picked":["Ball Lightning+1","Rebound+1"],"picked":"Defragment+1","floor":21.0},{"not_picked":["Darkness+1","Sweeping Beam"],"picked":"Hologram+1","floor":23.0},{"not_picked":["Recycle+1","Redo+1","Hyperbeam"],"picked":"SKIP","floor":25.0},{"not_picked":["Ball Lightning+1","Aggregate+1","Hologram+1"],"picked":"SKIP","floor":27.0},{"not_picked":["Steam+1","Barrage"],"picked":"Compile Driver+1","floor":28.0},{"not_picked":["Rip and Tear","Heatsinks+1","Turbo+1"],"picked":"SKIP","floor":29.0},{"not_picked":["Skim+1","Cold Snap+1","Leap+1"],"picked":"SKIP","floor":30.0},{"not_picked":["Core Surge","Amplify+1"],"picked":"Fission+1","floor":33.0},{"not_picked":["Sunder","Aggregate+1"],"picked":"Tempest+1","floor":35.0},{"not_picked":["Blizzard","Hologram+1","Reinforced Body+1"],"picked":"SKIP","floor":36.0},{"not_picked":["Loop+1","Conserve Battery+1","Redo+1"],"picked":"SKIP","floor":38.0},{"not_picked":["Sweeping Beam+1","Compile Driver","Hologram+1"],"picked":"SKIP","floor":39.0},{"not_picked":["Stack+1","Reprogram+1","Streamline"],"picked":"SKIP","floor":40.0},{"not_picked":["Core Surge","Cold Snap+1"],"picked":"Rebound+1","floor":42.0},{"not_picked":["Gash","Electrodynamics+1"],"picked":"Reboot+1","floor":44.0},{"not_picked":["Turbo+1","Consume+1","Streamline"],"picked":"SKIP","floor":46.0},{"not_picked":["Go for the Eyes+1","Hologram+1","Conserve Battery+1"],"picked":"SKIP","floor":47.0},{"not_picked":["Streamline+1","Leap+1"],"picked":"Conserve Battery+1","floor":54.0}],"player_experience":1081128,"relics_obtained":[{"floor":6.0,"key":"Bag of Marbles"},{"floor":8.0,"key":"Gremlin Horn"},{"floor":9.0,"key":"Centennial Puzzle"},{"floor":10.0,"key":"Gambling Chip"},{"floor":21.0,"key":"Calipers"},{"floor":21.0,"key":"Toxic Egg 2"},{"floor":23.0,"key":"Happy Flower"},{"floor":25.0,"key":"Art of War"},{"floor":26.0,"key":"Sundial"},{"floor":27.0,"key":"Oddly Smooth Stone"},{"floor":31.0,"key":"Nilry\u0027s Codex"},{"floor":40.0,"key":"Shovel"},{"floor":42.0,"key":"Pear"},{"floor":44.0,"key":"Pen Nib"},{"floor":52.0,"key":"Blue Candle"},{"floor":54.0,"key":"Bronze Scales"}],"event_choices":[{"damage_healed":0.0,"max_hp_gain":0.0,"max_hp_loss":0.0,"gold_gain":0.0,"event_name":"Scrap Ooze","player_choice":"Success","floor":2.0,"gold_loss":0.0,"damage_taken":7.0,"relics_obtained":["Frozen Egg 2"]},{"damage_healed":0.0,"max_hp_gain":0.0,"max_hp_loss":0.0,"gold_gain":0.0,"event_name":"Golden Idol","player_choice":"Take Damage","floor":3.0,"gold_loss":0.0,"damage_taken":18.0,"relics_obtained":["Golden Idol"]},{"cards_removed":["Forethought"],"damage_healed":28.0,"max_hp_gain":0.0,"max_hp_loss":0.0,"gold_gain":0.0,"event_name":"Bonfire Elementals","player_choice":"Offered Uncommon","floor":4.0,"gold_loss":0.0,"damage_taken":0.0},{"damage_healed":0.0,"max_hp_gain":0.0,"max_hp_loss":0.0,"gold_gain":0.0,"event_name":"Nest","player_choice":"Joined the Cult","floor":20.0,"gold_loss":0.0,"damage_taken":6.0,"cards_obtained":["RitualDagger"]},{"damage_healed":0.0,"max_hp_gain":0.0,"max_hp_loss":0.0,"gold_gain":0.0,"event_name":"Colosseum","player_choice":"Fight","floor":21.0,"gold_loss":0.0,"damage_taken":0.0},{"damage_healed":0.0,"max_hp_gain":0.0,"max_hp_loss":0.0,"gold_gain":0.0,"event_name":"Colosseum","player_choice":"Fought Nobs","floor":21.0,"gold_loss":0.0,"damage_taken":0.0},{"damage_healed":0.0,"max_hp_gain":0.0,"max_hp_loss":0.0,"gold_gain":0.0,"event_name":"Ghosts","player_choice":"Ignored","floor":22.0,"gold_loss":0.0,"damage_taken":0.0},{"damage_healed":0.0,"max_hp_gain":0.0,"max_hp_loss":0.0,"gold_gain":0.0,"event_name":"Cursed Tome","player_choice":"Obtained Book","floor":31.0,"gold_loss":0.0,"damage_taken":16.0},{"damage_healed":0.0,"max_hp_gain":0.0,"max_hp_loss":0.0,"gold_gain":0.0,"event_name":"Accursed Blacksmith","player_choice":"Forge","floor":48.0,"gold_loss":0.0,"damage_taken":0.0,"cards_upgraded":["Glacier"]}],"is_beta":false,"boss_relics":[{"not_picked":["Astrolabe","Inserter"],"picked":"Nuclear Battery"},{"not_picked":["Coffee Dripper","Orrery"],"picked":"Tiny House"}],"items_purged_floors":[5,14,19,37],"is_endless":false,"potions_floor_spawned":[10,11,12,21,27,28,33,36,40,44,46,54],"killed_by":"The Heart","ascension_level":1}