{"gold_per_floor":[114,89,108,108,123,148,148,148,199,274,322,322,120,145,145,248,248,264,264,289,2,20,20,51,64,64,25,25,45,59,59,59,164,164,184,146,146,164,1163,1191,365,400,400,416,28,28,28,39,39,39],"floor_reached":51,"playtime":4347,"items_purged":["Regret","Normality","Normality"],"score":1131,"play_id":"cf333a73-55dc-45d4-81fe-cedfaaa0d2f9","local_time":"20190213165908","is_ascension_mode":true,"campfire_choices":[{"data":"Backstab","floor":8.0,"key":"SMITH"},{"floor":12.0,"key":"REST"},{"floor":15.0,"key":"REST"},{"data":"Skewer","floor":23.0,"key":"SMITH"},{"floor":28.0,"key":"REST"},{"floor":32.0,"key":"REST"},{"data":"Malaise","floor":49,"key":"SMITH"}],"neow_cost":"NONE","seed_source_timestamp":43626371002798,"circlet_count":0,"master_deck":["Defend_G+1","Defend_G+1","Defend_G","Defend_G","Strike_G","Survivor","Neutralize","Skewer+1","Outmaneuver","Masterful Stab","Dagger Throw","Backstab+1","PiercingWail","Malaise+1","Prepared+1","Noxious Fumes+1","Calculated Gamble+1","Flying Knee","Skewer+1","Well Laid Plans","Outmaneuver","Necronomicurse","Backflip"],"special_seed":0,"relics":["Ring of the Snake","NeowsBlessing","War Paint","Smiling Mask","Art of War","Whetstone","Vajra","The Courier","Astrolabe","Red Mask","Chemical X","Snake Skull","Juzu Bracelet","Paper Crane","Necronomicon","Philosopher\u0027s Stone","FossilizedHelix","Membership Card","Bag of Marbles","PreservedInsect","Boot","Bag of Preparation","Centennial Puzzle","Orichalcum","Bottled Tornado","Ninja Scroll","Question Card","Toxic Egg 2","Lee\u0027s Waffle","Incense Burner","Mercury Hourglass"],"potions_floor_usage":[50,50],"damage_taken":[{"damage":0.0,"enemies":"Cultist","floor":1.0,"turns":1.0},{"damage":0.0,"enemies":"2 Louse","floor":3.0,"turns":1.0},{"damage":0.0,"enemies":"Jaw Worm","floor":5.0,"turns":1.0},{"damage":18.0,"enemies":"Gremlin Nob","floor":6.0,"turns":4.0},{"damage":24.0,"enemies":"3 Sentries","floor":14.0,"turns":9.0},{"damage":0.0,"enemies":"Slime Boss","floor":16.0,"turns":5.0},{"damage":15.0,"enemies":"3 Byrds","floor":18.0,"turns":4.0},{"damage":18.0,"enemies":"Masked Bandits","floor":20.0,"turns":4.0},{"damage":0.0,"enemies":"Spheric Guardian","floor":22.0,"turns":1.0},{"damage":26.0,"enemies":"Gremlin Leader","floor":24.0,"turns":4.0},{"damage":1.0,"enemies":"3 Cultists","floor":25.0,"turns":4.0},{"damage":7.0,"enemies":"Snake Plant","floor":29.0,"turns":2.0},{"damage":3.0,"enemies":"Sentry and Sphere","floor":30.0,"turns":3.0},{"damage":17.0,"enemies":"Collector","floor":33.0,"turns":3.0},{"damage":20,"enemies":"3 Darklings","floor":35,"turns":5},{"damage":0,"enemies":"Orb Walker","floor":38,"turns":1},{"damage":3,"enemies":"Nemesis","floor":40,"turns":3},{"damage":0,"enemies":"Reptomancer","floor":42,"turns":1},{"damage":0,"enemies":"3 Darklings","floor":44,"turns":3},{"damage":0,"enemies":"Jaw Worm Horde","floor":48,"turns":3},{"damage":1,"enemies":"Awakened One","floor":50,"turns":4}],"seed_played":"894089982665028188","potions_obtained":[{"floor":5.0,"key":"Ancient Potion"},{"floor":14.0,"key":"Fire Potion"},{"floor":16.0,"key":"GhostInAJar"},{"floor":22.0,"key":"Weak Potion"},{"floor":25.0,"key":"Strength Potion"},{"floor":29.0,"key":"LiquidBronze"},{"floor":40,"key":"EssenceOfSteel"},{"floor":42,"key":"Fire Potion"}],"is_trial":false,"path_per_floor":["M","$","M","?","M","E","?","R","T","?","T","R","$","E","R","B",null,"M","?","?","$","M","R","E","M","T","$","R","M","M","?","R","B",null,"M","$","?","M","?","E","$","E","T","M","$","?","?","M","R","B",null],"character_chosen":"THE_SILENT","items_purchased":["Outmaneuver","Vajra","Chemical X","Snake Skull","Explosive Potion","Explosive Potion","Membership Card","GamblersBrew","Backflip","Bag of Marbles","PreservedInsect","Boot","Bag of Preparation","Centennial Puzzle","Orichalcum","Bottled Tornado","Ninja Scroll","Lee\u0027s Waffle","Incense Burner","Energy Potion","Strength Potion","Mercury Hourglass"],"campfire_rested":4,"item_purchase_floors":[2,13,21,21,27,36,41,41,41,41,41,41,41,41,41,41,41,45,45,45,45,45],"current_hp_per_floor":[63,63,63,63,63,45,45,45,45,34,34,55,55,31,52,52,66,51,51,33,33,33,33,7,6,6,6,27,20,17,1,22,5,54,34,34,34,34,34,31,31,31,31,31,73,73,73,73,73,72],"gold":39,"neow_bonus":"THREE_ENEMY_KILL","is_prod":false,"is_daily":false,"chose_seed":false,"campfire_upgraded":3,"win_rate":0,"timestamp":1550095148,"path_taken":["M","$","M","?","?","E","?","R","T","?","?","R","$","E","R","BOSS","M","?","?","$","M","R","E","M","T","$","R","M","M","?","R","BOSS","M","$","?","M","?","E","$","E","T","M","$","?","?","M","R","BOSS"],"build_version":"2019-01-23","purchased_purges":3,"victory":true,"max_hp_per_floor":[70,70,70,70,70,70,70,70,70,70,70,70,70,70,70,70,70,70,70,70,70,70,70,70,70,70,70,70,70,70,70,70,70,70,70,70,66,66,66,66,66,66,66,66,73,73,73,73,73,73],"card_choices":[{"not_picked":["PiercingWail","Bane"],"picked":"Skewer","floor":1.0},{"not_picked":["Quick Slash","Outmaneuver","Acrobatics"],"picked":"SKIP","floor":3.0},{"not_picked":["Blade Dance","Bouncing Flask"],"picked":"Dagger Throw","floor":5.0},{"not_picked":["Blade Dance","Bane"],"picked":"Backstab","floor":6.0},{"not_picked":["Phantasmal Killer","Tools of the Trade"],"picked":"PiercingWail","floor":14.0},{"not_picked":["Doppelganger","After Image"],"picked":"Malaise","floor":16.0},{"not_picked":["Expertise","Dash"],"picked":"Flying Knee","floor":18.0},{"not_picked":["Backflip","Cloak And Dagger"],"picked":"Skewer","floor":22.0},{"not_picked":["Noxious Fumes","Burst","Blur+1"],"picked":"SKIP","floor":24.0},{"not_picked":["Flechettes","Expertise+1","Deadly Poison"],"picked":"SKIP","floor":25.0},{"not_picked":["Cloak And Dagger","Expertise+1"],"picked":"Well Laid Plans","floor":29.0},{"not_picked":["Underhanded Strike","Deflect"],"picked":"Outmaneuver","floor":30.0},{"not_picked":["Deflect+1","Quick Slash","Underhanded Strike"],"picked":"SKIP","floor":35},{"not_picked":["Flying Knee+1","PiercingWail","Poisoned Stab+1"],"picked":"SKIP","floor":38},{"not_picked":["Accuracy+1","Caltrops+1","Riddle With Holes+1"],"picked":"SKIP","floor":40},{"not_picked":["Quick Slash+1","Deadly Poison","Slice+1"],"picked":"SKIP","floor":42},{"not_picked":["Calculated Gamble+1","Cloak And Dagger+1","Heel Hook","Prepared+1"],"picked":"SKIP","floor":44},{"not_picked":["Escape Plan+1","Poisoned Stab","Backflip+1","Flying Knee"],"picked":"SKIP","floor":48}],"player_experience":452205,"relics_obtained":[{"floor":6.0,"key":"War Paint"},{"floor":9.0,"key":"Art of War"},{"floor":11.0,"key":"Whetstone"},{"floor":14.0,"key":"The Courier"},{"floor":20.0,"key":"Red Mask"},{"floor":24.0,"key":"Juzu Bracelet"},{"floor":26.0,"key":"Paper Crane"},{"floor":31.0,"key":"Necronomicon"},{"floor":40,"key":"FossilizedHelix"},{"floor":42,"key":"Question Card"},{"floor":43,"key":"Toxic Egg 2"}],"event_choices":[{"damage_healed":0.0,"max_hp_gain":0.0,"max_hp_loss":0.0,"gold_gain":0.0,"cards_transformed":["Strike_G"],"event_name":"Transmorgrifier","player_choice":"Transformed","floor":4.0,"gold_loss":0.0,"damage_taken":0.0,"cards_obtained":["Masterful Stab"]},{"damage_healed":0.0,"max_hp_gain":0.0,"max_hp_loss":0.0,"gold_gain":0.0,"event_name":"Big Fish","player_choice":"Box","floor":7.0,"gold_loss":0.0,"damage_taken":0.0,"relics_obtained":["Smiling Mask"],"cards_obtained":["Regret"]},{"damage_healed":0.0,"max_hp_gain":0.0,"max_hp_loss":0.0,"gold_gain":75.0,"event_name":"World of Goop","player_choice":"Gather Gold","floor":10.0,"gold_loss":0.0,"damage_taken":11.0},{"damage_healed":0.0,"max_hp_gain":0.0,"max_hp_loss":0.0,"gold_gain":0.0,"event_name":"Ghosts","player_choice":"Ignored","floor":19.0,"gold_loss":0.0,"damage_taken":0.0},{"damage_healed":0.0,"max_hp_gain":0.0,"max_hp_loss":0.0,"gold_gain":0.0,"event_name":"Masked Bandits","player_choice":"Fought Bandits","floor":20.0,"gold_loss":0.0,"damage_taken":0.0},{"damage_healed":0.0,"max_hp_gain":0.0,"max_hp_loss":0.0,"gold_gain":0.0,"event_name":"Cursed Tome","player_choice":"Obtained Book","floor":31.0,"gold_loss":0.0,"damage_taken":16.0},{"damage_healed":0,"gold_gain":0,"player_choice":"Max HP","damage_taken":0,"max_hp_gain":0,"max_hp_loss":4,"event_name":"Winding Halls","floor":37,"gold_loss":0},{"damage_healed":0,"gold_gain":999,"player_choice":"Gold","damage_taken":0,"max_hp_gain":0,"max_hp_loss":0,"event_name":"MindBloom","floor":39,"gold_loss":0,"cards_obtained":["Normality","Normality"]},{"cards_removed":["Strike_G"],"damage_healed":0,"gold_gain":0,"player_choice":"Removed Attack","damage_taken":0,"max_hp_gain":0,"max_hp_loss":0,"event_name":"Falling","floor":46,"gold_loss":0},{"damage_healed":0,"gold_gain":0,"player_choice":"Memory 1","damage_taken":0,"max_hp_gain":0,"max_hp_loss":0,"event_name":"SensoryStone","floor":47,"gold_loss":0}],"is_beta":false,"boss_relics":[{"not_picked":["WristBlade","Lizard Tail"],"picked":"Astrolabe"},{"not_picked":["Ring of the Serpent","Calling Bell"],"picked":"Philosopher\u0027s Stone"}],"items_purged_floors":[13,41,45],"is_endless":false,"potions_floor_spawned":[5,14,16,22,25,29,40,42,48],"ascension_level":8}