{"gold_per_floor":[11,21,21,38,38,38,38,51,51,51,51,71,95,46,46,172,172,188,211,211],"floor_reached":20,"playtime":1890,"items_purged":[],"score":166,"play_id":"77498c32-ed9f-4586-b677-85dc164ca720","local_time":"20180701210329","is_ascension_mode":false,"campfire_choices":[{"floor":6.0,"key":"REST"},{"data":"Neutralize","floor":11.0,"key":"SMITH"},{"floor":15.0,"key":"REST"}],"neow_cost":"","seed_source_timestamp":1620968306722390,"circlet_count":0,"master_deck":["Defend_G","Defend_G","Defend_G","Defend_G","Defend_G","Strike_G","Strike_G","Strike_G","Strike_G+1","Strike_G","Survivor","Neutralize+1","Deadly Poison+1","Bane","Prepared","Catalyst","Poisoned Stab","Backflip","Quick Slash","Tools of the Trade","Outmaneuver","Dagger Spray","Backflip","Eviscerate","Acrobatics","Quick Slash+1","Prepared+1"],"special_seed":0,"relics":["Ring of the Snake","Golden Idol","Meat on the Bone","Bottled Flame","Orrery"],"potions_floor_usage":[],"damage_taken":[{"damage":0.0,"enemies":"Jaw Worm","floor":1.0,"turns":6.0},{"damage":0.0,"enemies":"2 Louse","floor":2.0,"turns":2.0},{"damage":6.0,"enemies":"Cultist","floor":4.0,"turns":3.0},{"damage":15.0,"enemies":"Exordium Wildlife","floor":8.0,"turns":4.0},{"damage":0.0,"enemies":"Looter","floor":12.0,"turns":2.0},{"damage":8.0,"enemies":"Blue Slaver","floor":13.0,"turns":4.0},{"damage":19.0,"enemies":"Hexaghost","floor":16.0,"turns":9.0},{"damage":13.0,"enemies":"3 Byrds","floor":18.0,"turns":7.0},{"damage":12.0,"enemies":"Shell Parasite","floor":19.0,"turns":6.0},{"damage":0,"enemies":"3 Cultists","floor":20,"turns":1}],"seed_played":"3036026010645809664","potions_obtained":[{"floor":2.0,"key":"EssenceOfSteel"},{"floor":13.0,"key":"Explosive Potion"},{"floor":16.0,"key":"EssenceOfSteel"},{"floor":18.0,"key":"SneckoOil"},{"floor":19.0,"key":"EssenceOfSteel"}],"is_trial":false,"path_per_floor":["M","M","?","M","?","R","T","M","T","?","R","M","M","$","R","B",null,"M","M"],"character_chosen":"THE_SILENT","items_purchased":["Quick Slash"],"campfire_rested":2,"item_purchase_floors":[],"current_hp_per_floor":[84,84,67,61,40,65,65,50,50,42,42,54,46,46,71,52,84,71,59,59],"gold":211,"neow_bonus":"","is_prod":false,"is_daily":false,"chose_seed":false,"campfire_upgraded":1,"win_rate":0,"timestamp":1530493409,"path_taken":["M","M","?","?","?","R","?","?","T","?","R","M","?","?","R","BOSS","M","M","M"],"build_version":"2018-06-28","purchased_purges":0,"victory":false,"max_hp_per_floor":[84,84,84,84,84,84,84,84,84,84,84,84,84,84,84,84,84,84,84,84],"card_choices":[{"not_picked":["Prepared","Dagger Spray"],"picked":"Deadly Poison","floor":1.0},{"not_picked":["Distraction","Cloak And Dagger"],"picked":"Bane","floor":2.0},{"not_picked":["Quick Slash","Predator"],"picked":"Prepared","floor":4.0},{"not_picked":["Cloak And Dagger","Finisher"],"picked":"Catalyst","floor":8.0},{"not_picked":["PiercingWail","Deadly Poison"],"picked":"Poisoned Stab","floor":12.0},{"not_picked":["Night Terror","Finisher"],"picked":"Backflip","floor":13.0},{"not_picked":["Phantasmal Killer","Unload"],"picked":"Tools of the Trade","floor":16.0},{"not_picked":["Footwork","PiercingWail"],"picked":"Outmaneuver","floor":17.0},{"not_picked":["Cloak And Dagger","Dodge and Roll"],"picked":"Dagger Spray","floor":17.0},{"not_picked":["Doppelganger","Flying Knee"],"picked":"Backflip","floor":17.0},{"not_picked":["Dagger Throw","Calculated Gamble"],"picked":"Eviscerate","floor":17.0},{"not_picked":["Poisoned Stab","Sucker Punch"],"picked":"Acrobatics","floor":17.0},{"not_picked":["Choke+1","Caltrops"],"picked":"Quick Slash+1","floor":18.0},{"not_picked":["Leg Sweep+1","Infinite Blades"],"picked":"Prepared+1","floor":19.0}],"player_experience":82329,"relics_obtained":[{"floor":7.0,"key":"Meat on the Bone"},{"floor":9.0,"key":"Bottled Flame"}],"event_choices":[{"event_name":"Shining Light","player_choice":"Entered Light","floor":3.0,"damage_taken":0.0},{"event_name":"Golden Idol","player_choice":"Take Damage","floor":5.0,"damage_taken":0.0},{"event_name":"Wheel of Change","player_choice":"Damage","floor":10.0,"damage_taken":0.0}],"boss_relics":[{"not_picked":["Runic Dome","Runic Pyramid"],"picked":"Orrery"}],"items_purged_floors":[],"is_endless":false,"potions_floor_spawned":[2,13,16,18,19],"killed_by":"3 Cultists","ascension_level":0}