{"gold_per_floor":[117,48,67,67,86,86,117,117,117,150,163,88,107,167,167,243,243,243,243,243,45,15,15,15,15,15,15,15,15,15,15,15,15,15,15,15,15,15,15,15,15,15,15,15,15,15,15,15,15,15,15,15,15,15,15],"floor_reached":56,"playtime":6549,"items_purged":["Strike_R"],"score":2562,"play_id":"01b30d58-b2d0-4e69-a7bd-b6f5fd6b865b","local_time":"20190310030630","is_ascension_mode":true,"campfire_choices":[{"data":"Bash","floor":6,"key":"SMITH"},{"data":"True Grit","floor":8,"key":"SMITH"},{"floor":15,"key":"REST"},{"data":"Corruption","floor":24,"key":"SMITH"},{"data":"Body Slam","floor":32,"key":"SMITH"},{"data":"Strike_R","floor":41,"key":"PURGE"},{"floor":46,"key":"REST"},{"floor":49,"key":"RECALL"},{"data":"Strike_R","floor":52,"key":"PURGE"}],"neow_cost":"NONE","seed_source_timestamp":1999254625656036,"circlet_count":0,"master_deck":["AscendersBane","Strike_R","Defend_R","Defend_R","Defend_R","Defend_R","Bash+1","Clothesline","Sever Soul","Infernal Blade","Cleave","True Grit+1","Impervious","Body Slam+1","Corruption+1","Fiend Fire+1","Feel No Pain+1","Ghostly","Ghostly","Ghostly+1","Ghostly","Ghostly+1","Exhume"],"relics":["Runic Pyramid","Dead Branch","Nunchaku","Centennial Puzzle","Tiny Chest","Ectoplasm","Bronze Scales","Paper Frog","Juzu Bracelet","Torii","Bottled Tornado","War Paint","Lizard Tail","Gambling Chip","Peace Pipe","Anchor","Ice Cream","Dodecahedron"],"potions_floor_usage":[13,16,55,55,55],"damage_taken":[{"damage":4,"enemies":"Jaw Worm","floor":1,"turns":7},{"damage":3,"enemies":"Cultist","floor":3,"turns":4},{"damage":1,"enemies":"2 Louse","floor":5,"turns":3},{"damage":18,"enemies":"Gremlin Nob","floor":7,"turns":4},{"damage":26,"enemies":"Lagavulin","floor":10,"turns":6},{"damage":5,"enemies":"Looter","floor":11,"turns":4},{"damage":5,"enemies":"Gremlin Gang","floor":13,"turns":2},{"damage":16,"enemies":"Gremlin Nob","floor":14,"turns":3},{"damage":0,"enemies":"The Guardian","floor":16,"turns":8},{"damage":0,"enemies":"Spheric Guardian","floor":18,"turns":3},{"damage":8,"enemies":"2 Thieves","floor":22,"turns":2},{"damage":4,"enemies":"Slavers","floor":23,"turns":3},{"damage":2,"enemies":"Cultist and Chosen","floor":25,"turns":3},{"damage":14,"enemies":"3 Cultists","floor":27,"turns":4},{"damage":9,"enemies":"Colosseum Slavers","floor":29,"turns":3},{"damage":2,"enemies":"Colosseum Nobs","floor":29,"turns":2},{"damage":0,"enemies":"Gremlin Leader","floor":31,"turns":2},{"damage":2,"enemies":"Champ","floor":33,"turns":1},{"damage":2,"enemies":"3 Shapes","floor":35,"turns":3},{"damage":0,"enemies":"Mind Bloom Boss Battle","floor":36,"turns":2},{"damage":0,"enemies":"Orb Walker","floor":37,"turns":2},{"damage":6,"enemies":"Jaw Worm Horde","floor":38,"turns":2},{"damage":0,"enemies":"Sphere and 2 Shapes","floor":39,"turns":2},{"damage":0,"enemies":"Nemesis","floor":40,"turns":3},{"damage":0,"enemies":"Giant Head","floor":42,"turns":2},{"damage":0,"enemies":"Writhing Mass","floor":45,"turns":2},{"damage":0,"enemies":"3 Darklings","floor":47,"turns":3},{"damage":0,"enemies":"Nemesis","floor":48,"turns":3},{"damage":0,"enemies":"Donu and Deca","floor":50,"turns":5},{"damage":0,"enemies":"Shield and Spear","floor":54,"turns":4},{"damage":0,"enemies":"The Heart","floor":55,"turns":6}],"seed_played":"5093938029047416981","potions_obtained":[{"floor":3,"key":"FairyPotion"},{"floor":5,"key":"Strength Potion"},{"floor":14,"key":"Fire Potion"},{"floor":16,"key":"EntropicBrew"}],"is_trial":false,"path_per_floor":["M","$","M","?","M","R","E","R","T","E","M","$","M","E","R","B",null,"M","?","?","$","M","E","R","M","T","M","$","?","?","E","R","B",null,"M","?","M","M","M","E","R","E","T","?","M","R","M","E","R","B",null,"R","$","E","B",null],"character_chosen":"IRONCLAD","items_purchased":["Sever Soul","Bronze Scales","PowerPotion"],"campfire_rested":2,"item_purchase_floors":[2,21,21],"current_hp_per_floor":[64,64,61,61,60,60,42,42,42,16,11,11,6,7,29,29,64,64,64,64,64,56,52,52,50,50,36,36,25,25,25,25,23,34,32,32,32,26,26,26,26,26,26,26,26,37,37,37,37,37,37,37,37,37,37],"gold":15,"neow_bonus":"BOSS_RELIC","is_prod":false,"is_daily":false,"chose_seed":false,"campfire_upgraded":4,"win_rate":0,"timestamp":1552201590,"path_taken":["M","$","M","?","M","R","E","R","T","E","M","$","?","E","R","BOSS","M","?","?","$","M","E","R","?","T","M","?","?","?","E","R","BOSS","M","?","M","M","M","E","R","E","T","?","M","R","M","E","R","BOSS","R","$","E","BOSS"],"build_version":"2019-01-23","purchased_purges":1,"victory":true,"max_hp_per_floor":[75,75,75,75,75,75,75,75,75,75,75,75,75,75,75,75,75,75,75,75,75,75,75,75,75,75,75,75,75,37,37,37,37,37,37,37,37,37,37,37,37,37,37,37,37,37,37,37,37,37,37,37,37,37,37],"card_choices":[{"not_picked":["Anger","Battle Trance"],"picked":"Clothesline","floor":1},{"not_picked":["Havoc","Carnage"],"picked":"Infernal Blade","floor":3},{"not_picked":["Thunderclap","Heavy Blade"],"picked":"Cleave","floor":5},{"not_picked":["Sword Boomerang","Second Wind"],"picked":"True Grit","floor":7},{"not_picked":["Havoc","Pommel Strike"],"picked":"Impervious","floor":10},{"not_picked":["Warcry","Bloodletting"],"picked":"Body Slam","floor":11},{"not_picked":["Iron Wave","Wild Strike","Uppercut"],"picked":"SKIP","floor":13},{"not_picked":["Clash","Body Slam"],"picked":"Corruption","floor":14},{"not_picked":["Offering","Immolate"],"picked":"Fiend Fire","floor":16},{"not_picked":["Disarm","Rage"],"picked":"Feel No Pain+1","floor":18},{"not_picked":["Pommel Strike","Clash","Thunderclap"],"picked":"SKIP","floor":22},{"not_picked":["Armaments","Sword Boomerang","Evolve"],"picked":"SKIP","floor":23},{"not_picked":["Sword Boomerang","Thunderclap+1","Dropkick"],"picked":"SKIP","floor":25},{"not_picked":["Havoc","Clothesline","Anger+1"],"picked":"SKIP","floor":27},{"not_picked":["Wild Strike","Corruption","Dropkick"],"picked":"SKIP","floor":31},{"not_picked":["Heavy Blade","Havoc+1","Intimidate+1"],"picked":"SKIP","floor":35},{"not_picked":["Anger","Headbutt+1","Carnage"],"picked":"SKIP","floor":37},{"not_picked":["Fire Breathing","Infernal Blade+1","Burning Pact"],"picked":"SKIP","floor":38},{"not_picked":["Fire Breathing","Dropkick","Warcry"],"picked":"SKIP","floor":39},{"not_picked":["Metallicize+1","Carnage","Thunderclap"],"picked":"SKIP","floor":40},{"not_picked":["Combust","Blood for Blood","Clothesline"],"picked":"SKIP","floor":42},{"not_picked":["Armaments","Perfected Strike+1","Blood for Blood"],"picked":"SKIP","floor":45},{"not_picked":["Shockwave","Headbutt","Iron Wave"],"picked":"SKIP","floor":47},{"not_picked":["Sword Boomerang+1","Rampage"],"picked":"Exhume","floor":48},{"not_picked":["Headbutt","Iron Wave","Body Slam+1"],"picked":"SKIP","floor":54}],"player_experience":674945,"relics_obtained":[{"floor":7,"key":"Dead Branch"},{"floor":9,"key":"Nunchaku"},{"floor":10,"key":"Centennial Puzzle"},{"floor":14,"key":"Tiny Chest"},{"floor":23,"key":"Paper Frog"},{"floor":26,"key":"Juzu Bracelet"},{"floor":29,"key":"Torii"},{"floor":29,"key":"Bottled Tornado"},{"floor":31,"key":"War Paint"},{"floor":36,"key":"Gambling Chip"},{"floor":40,"key":"Peace Pipe"},{"floor":42,"key":"Anchor"},{"floor":48,"key":"Ice Cream"},{"floor":54,"key":"Dodecahedron"}],"event_choices":[{"cards_removed":["Strike_R"],"damage_healed":0,"gold_gain":0,"player_choice":"Purged","damage_taken":0,"max_hp_gain":0,"max_hp_loss":0,"event_name":"Purifier","floor":4,"gold_loss":0},{"damage_healed":0,"gold_gain":0,"player_choice":"Ignored","damage_taken":0,"max_hp_gain":0,"max_hp_loss":0,"event_name":"Cursed Tome","floor":19,"gold_loss":0},{"damage_healed":0,"gold_gain":0,"player_choice":"Upgraded","damage_taken":0,"max_hp_gain":0,"max_hp_loss":0,"event_name":"Upgrade Shrine","floor":20,"gold_loss":0,"cards_upgraded":["Fiend Fire"]},{"damage_healed":0,"gold_gain":0,"player_choice":"Fight","damage_taken":0,"max_hp_gain":0,"max_hp_loss":0,"event_name":"Colosseum","floor":29,"gold_loss":0},{"damage_healed":0,"gold_gain":0,"player_choice":"Fought Nobs","damage_taken":0,"max_hp_gain":0,"max_hp_loss":0,"event_name":"Colosseum","floor":29,"gold_loss":0},{"damage_healed":0,"gold_gain":0,"player_choice":"Became a Ghost","damage_taken":0,"max_hp_gain":0,"max_hp_loss":38,"event_name":"Ghosts","floor":30,"gold_loss":0,"cards_obtained":["Ghostly","Ghostly","Ghostly","Ghostly","Ghostly"]},{"damage_healed":0,"gold_gain":0,"player_choice":"Fight","damage_taken":0,"max_hp_gain":0,"max_hp_loss":0,"event_name":"MindBloom","floor":36,"gold_loss":0},{"damage_healed":0,"gold_gain":0,"player_choice":"Memory 1","damage_taken":0,"max_hp_gain":0,"max_hp_loss":0,"event_name":"SensoryStone","floor":44,"gold_loss":0}],"is_beta":false,"boss_relics":[{"not_picked":["Cursed Key","White Beast Statue"],"picked":"Ectoplasm"},{"not_picked":["Busted Crown","Tiny House"],"picked":"Lizard Tail"}],"items_purged_floors":[12],"is_endless":false,"potions_floor_spawned":[3,5,14,16,22,27,29,31,33,35,37,39,40,48,54],"ascension_level":14}