{"gold_per_floor":[111,130,141,156,3,3,31,58,117,157,185,197,236,248,260,343,355,387,413,425,437,466,478,518,530,568,580,607,619,648,280,280,280],"floor_reached":33,"playtime":1077,"items_purged":["Strike_R"],"score":546,"play_id":"97084377-58a2-4115-9e53-70660458d6b6","local_time":"20180929111955","is_ascension_mode":true,"campfire_choices":[{"data":"Cleave","floor":6.0,"key":"SMITH"},{"data":"Havoc","floor":12.0,"key":"SMITH"},{"data":"Uppercut","floor":15.0,"key":"SMITH"},{"data":"Bludgeon","floor":23.0,"key":"SMITH"},{"data":"Bash","floor":25.0,"key":"SMITH"},{"data":"Pommel Strike","floor":29.0,"key":"SMITH"},{"data":"Barricade","floor":32,"key":"SMITH"}],"neow_cost":"NONE","seed_source_timestamp":44596887429107,"circlet_count":0,"master_deck":["Strike_R","Strike_R","Strike_R","Strike_R","Defend_R","Defend_R","Defend_R","Defend_R","Bash+1","AscendersBane","Cleave+1","Clothesline","Uppercut+1","Pommel Strike+1","Havoc+1","Barricade+1","Metallicize","Bludgeon+1","Havoc+1","Flex+1"],"special_seed":0,"relics":["Burning Blood","Ancient Tea Set","Centennial Puzzle","MawBank","Vajra","Paper Frog","Dream Catcher","Sozu","Happy Flower","Blood Vial","Tiny Chest","MealTicket"],"potions_floor_usage":[],"damage_taken":[{"damage":10.0,"enemies":"Small Slimes","floor":1.0,"turns":3.0},{"damage":3.0,"enemies":"2 Louse","floor":2.0,"turns":3.0},{"damage":2.0,"enemies":"Cultist","floor":3.0,"turns":4.0},{"damage":16.0,"enemies":"Exordium Thugs","floor":4.0,"turns":5.0},{"damage":0.0,"enemies":"3 Sentries","floor":7.0,"turns":4.0},{"damage":5.0,"enemies":"Red Slaver","floor":8.0,"turns":3.0},{"damage":15.0,"enemies":"Gremlin Nob","floor":10.0,"turns":4.0},{"damage":0.0,"enemies":"2 Fungi Beasts","floor":11.0,"turns":2.0},{"damage":30.0,"enemies":"Lagavulin","floor":13.0,"turns":4.0},{"damage":23.0,"enemies":"Slime Boss","floor":16.0,"turns":9.0},{"damage":19.0,"enemies":"3 Byrds","floor":18.0,"turns":5.0},{"damage":8.0,"enemies":"Chosen","floor":19.0,"turns":2.0},{"damage":9.0,"enemies":"Centurion and Healer","floor":22.0,"turns":4.0},{"damage":34.0,"enemies":"Slavers","floor":24.0,"turns":4.0},{"damage":0.0,"enemies":"Snake Plant","floor":28.0,"turns":1.0},{"damage":0.0,"enemies":"Snecko","floor":30.0,"turns":2.0},{"damage":71,"enemies":"Collector","floor":33,"turns":6}],"seed_played":"-5020761248710240696","potions_obtained":[{"floor":2.0,"key":"Fire Potion"},{"floor":3.0,"key":"SteroidPotion"},{"floor":4.0,"key":"Explosive Potion"},{"floor":10.0,"key":"SpeedPotion"},{"floor":11.0,"key":"Dexterity Potion"},{"floor":16.0,"key":"FearPotion"}],"is_trial":false,"path_per_floor":["M","M","M","M","$","R","E","M","T","E","M","R","E","?","R","B",null,"M","M","?","?","M","R","E","R","T","?","M","R","M","$","R"],"character_chosen":"IRONCLAD","items_purchased":["Centennial Puzzle","Tiny Chest","MealTicket"],"campfire_rested":0,"item_purchase_floors":[5,31,31],"current_hp_per_floor":[64,67,71,61,61,61,67,68,68,59,65,65,41,41,41,24,62,49,47,47,62,59,59,31,31,31,31,39,39,47,47,47,0],"gold":280,"neow_bonus":"RANDOM_COMMON_RELIC","is_prod":false,"is_daily":false,"chose_seed":false,"campfire_upgraded":7,"win_rate":0,"timestamp":1538212795,"path_taken":["M","M","M","M","$","R","E","M","T","E","M","R","E","?","R","BOSS","M","M","?","?","M","R","E","R","T","?","M","R","?","$","R","BOSS"],"build_version":"2018-09-27","purchased_purges":1,"victory":false,"max_hp_per_floor":[75,75,75,75,75,75,75,75,75,75,75,75,75,75,75,75,75,75,75,75,75,75,75,75,75,75,75,75,75,75,75,75,75],"card_choices":[{"not_picked":["Flex","Rage"],"picked":"Cleave","floor":1.0},{"not_picked":["Hemokinesis","Anger"],"picked":"Clothesline","floor":2.0},{"not_picked":["Evolve","Burning Pact"],"picked":"Uppercut","floor":3.0},{"not_picked":["Havoc","Uppercut"],"picked":"Pommel Strike","floor":4.0},{"not_picked":["Pommel Strike","Cleave"],"picked":"Havoc","floor":7.0},{"not_picked":["Twin Strike","Fire Breathing"],"picked":"Barricade","floor":8.0},{"not_picked":["Dark Embrace","Uppercut","Anger"],"picked":"SKIP","floor":10.0},{"not_picked":["Flex","Power Through","Entrench"],"picked":"SKIP","floor":11.0},{"not_picked":["Carnage","Power Through"],"picked":"Metallicize","floor":13.0},{"not_picked":["Exhume","Demon Form"],"picked":"Bludgeon","floor":16.0},{"not_picked":["Reckless Charge","Clothesline","Sentinel"],"picked":"SKIP","floor":18.0},{"not_picked":["Anger","Reckless Charge","Evolve+1"],"picked":"SKIP","floor":19.0},{"not_picked":["Rage","Flame Barrier","Headbutt"],"picked":"SKIP","floor":22.0},{"not_picked":["Thunderclap","Disarm+1","Infernal Blade"],"picked":"SKIP","floor":24.0},{"not_picked":["Iron Wave","Thunderclap"],"picked":"Flex+1","floor":28.0},{"not_picked":["Sword Boomerang","Twin Strike","Feel No Pain"],"picked":"SKIP","floor":30.0}],"player_experience":782369,"relics_obtained":[{"floor":7.0,"key":"MawBank"},{"floor":9.0,"key":"Vajra"},{"floor":10.0,"key":"Paper Frog"},{"floor":13.0,"key":"Dream Catcher"},{"floor":24.0,"key":"Happy Flower"},{"floor":26.0,"key":"Blood Vial"}],"event_choices":[{"event_name":"The Cleric","player_choice":"Leave","floor":14.0,"damage_taken":0.0},{"event_name":"Duplicator","player_choice":"One dupe","floor":20.0,"damage_taken":0.0},{"event_name":"The Library","player_choice":"Heal","floor":21.0,"damage_taken":0.0},{"event_name":"Ghosts","player_choice":"Ignored","floor":27.0,"damage_taken":0.0}],"is_beta":false,"boss_relics":[{"not_picked":["Runic Pyramid","Mark of Pain"],"picked":"Sozu"}],"items_purged_floors":[31],"is_endless":false,"potions_floor_spawned":[2,3,4,10,11,16,18,19,24],"killed_by":"Collector","ascension_level":15}