{"gold_per_floor":[20,33,33,33,33,71,35,35,81,81,8,8],"floor_reached":12,"playtime":587,"items_purged":[],"score":74,"play_id":"77164ca8-2e12-44b1-93c7-c977373f81ae","local_time":"20190110212918","is_ascension_mode":false,"campfire_choices":[{"floor":8,"key":"REST"},{"data":"Sword Boomerang","floor":10,"key":"SMITH"}],"neow_cost":"NO_GOLD","seed_source_timestamp":7853329107443,"circlet_count":0,"master_deck":["Strike_R","Strike_R","Strike_R","Strike_R","Strike_R","Defend_R","Defend_R","Defend_R","Defend_R","Bash","Infernal Blade","Sword Boomerang+1","Regret","Shrug It Off"],"relics":["Burning Blood","Nunchaku","Strawberry","Golden Idol","Bottled Flame","Blood Vial"],"potions_floor_usage":[6,12],"damage_taken":[{"damage":9,"enemies":"Cultist","floor":1,"turns":4},{"damage":0,"enemies":"Small Slimes","floor":2,"turns":2},{"damage":77,"enemies":"Lagavulin","floor":6,"turns":10},{"damage":36,"enemies":"Gremlin Nob","floor":12,"turns":4}],"seed_played":"3220727061084417343","potions_obtained":[{"floor":1,"key":"Fire Potion"},{"floor":6,"key":"GamblersBrew"}],"is_trial":false,"path_per_floor":["M","M","$","?","?","E","?","R","T","R","$","E"],"character_chosen":"IRONCLAD","items_purchased":["Ancient Potion"],"campfire_rested":1,"item_purchase_floors":[11],"current_hp_per_floor":[77,80,80,87,81,10,10,34,34,34,34,0],"gold":8,"neow_bonus":"ONE_RARE_RELIC","is_prod":false,"is_daily":false,"chose_seed":false,"campfire_upgraded":1,"win_rate":0.0,"timestamp":1547116158,"path_taken":["M","M","$","?","?","E","?","R","T","R","?","E"],"build_version":"2019-01-03v4","purchased_purges":0,"victory":false,"max_hp_per_floor":[80,80,80,87,81,81,81,81,81,81,81,81],"card_choices":[{"not_picked":["Iron Wave","Combust"],"picked":"Infernal Blade","floor":1},{"not_picked":["Body Slam","Thunderclap"],"picked":"Sword Boomerang","floor":2},{"not_picked":["Headbutt","Rage"],"picked":"Shrug It Off","floor":6}],"player_experience":4859,"relics_obtained":[{"floor":6,"key":"Bottled Flame"},{"floor":9,"key":"Blood Vial"}],"event_choices":[{"damage_healed":0,"gold_gain":0,"player_choice":"Box","damage_taken":0,"relics_obtained":["Strawberry"],"max_hp_gain":0,"max_hp_loss":0,"event_name":"Big Fish","floor":4,"gold_loss":0,"cards_obtained":["Regret"]},{"damage_healed":0,"gold_gain":0,"player_choice":"Lose Max HP","damage_taken":0,"relics_obtained":["Golden Idol"],"max_hp_gain":0,"max_hp_loss":6,"event_name":"Golden Idol","floor":5,"gold_loss":0},{"damage_healed":0,"gold_gain":0,"player_choice":"Left Gold","damage_taken":0,"max_hp_gain":0,"max_hp_loss":0,"event_name":"World of Goop","floor":7,"gold_loss":36}],"is_beta":false,"boss_relics":[],"items_purged_floors":[],"is_endless":false,"potions_floor_spawned":[1,6],"killed_by":"Gremlin Nob","ascension_level":0}