{"gold_per_floor":[117,42,59,59,72,99,16,16,43,110,136,136,136],"floor_reached":13,"playtime":471,"items_purged":["Defend_G"],"score":173,"play_id":"4933cf08-f018-44b7-aa62-33fbca68c8a0","local_time":"20180930004556","is_ascension_mode":true,"campfire_choices":[{"data":"Concentrate","floor":8,"key":"SMITH"},{"data":"Predator","floor":12,"key":"SMITH"}],"neow_cost":"NONE","seed_source_timestamp":93603860734997,"circlet_count":0,"master_deck":["Defend_G","Defend_G","Defend_G","Defend_G","Strike_G","Strike_G","Strike_G","Strike_G","Strike_G","Survivor","Neutralize+1","AscendersBane","Outmaneuver","Dagger Throw","Predator+1","Concentrate+1","Backflip"],"relics":["Snecko Eye","Ancient Tea Set","Snake Skull","Meat on the Bone"],"potions_floor_usage":[11,13],"damage_taken":[{"damage":0,"enemies":"2 Louse","floor":1,"turns":2},{"damage":3,"enemies":"Cultist","floor":3,"turns":5},{"damage":13,"enemies":"Jaw Worm","floor":5,"turns":4},{"damage":22,"enemies":"Gremlin Nob","floor":6,"turns":4},{"damage":22,"enemies":"Lagavulin","floor":11,"turns":5},{"damage":27,"enemies":"Gremlin Nob","floor":13,"turns":3}],"seed_played":"-8489898730766008410","potions_obtained":[{"floor":11,"key":"Regen Potion"}],"is_trial":false,"path_per_floor":["M","$","M","?","M","E","$","R","T","?","E","R"],"character_chosen":"THE_SILENT","items_purchased":["Regen Potion"],"campfire_rested":0,"item_purchase_floors":[7],"current_hp_per_floor":[59,59,56,56,43,21,21,21,21,21,13,13,0],"gold":136,"neow_bonus":"BOSS_RELIC","is_prod":false,"is_daily":false,"chose_seed":false,"campfire_upgraded":2,"win_rate":0,"timestamp":1538261156,"path_taken":["M","$","M","?","M","E","?","R","T","?","E","R","E"],"build_version":"2018-09-27","purchased_purges":1,"victory":false,"max_hp_per_floor":[66,66,66,66,66,66,66,66,66,66,66,66,66],"card_choices":[{"not_picked":["Bane","Deadly Poison"],"picked":"Outmaneuver","floor":1},{"not_picked":["Tactician","Dodge and Roll"],"picked":"Dagger Throw","floor":3},{"not_picked":["Acrobatics","Outmaneuver"],"picked":"Predator","floor":5},{"not_picked":["Dodge and Roll","Doppelganger"],"picked":"Concentrate","floor":6},{"not_picked":["Slice","Blur"],"picked":"Backflip","floor":11}],"player_experience":785238,"relics_obtained":[{"floor":6,"key":"Ancient Tea Set"},{"floor":9,"key":"Snake Skull"},{"floor":11,"key":"Meat on the Bone"}],"event_choices":[{"event_name":"Upgrade Shrine","player_choice":"Upgraded","floor":4,"damage_taken":0},{"event_name":"Golden Wing","player_choice":"Gained Gold","floor":10,"damage_taken":0}],"is_beta":false,"boss_relics":[],"items_purged_floors":[2],"is_endless":false,"potions_floor_spawned":[11],"killed_by":"Gremlin Nob","ascension_level":18}