{"gold_per_floor":[113,113,123,88,102,102,128,128,128,139,139,170,121,137,137,238,238,251,251,251,262,281,306,306,316,339,189,204,204,204,264,264,359,359,373,25,43,43,43,43,68,68,68,68,79,79,0,0],"floor_reached":48,"playtime":4741,"items_purged":["Strike_R"],"score":759,"play_id":"b0ac144e-d653-4e85-b21f-883fabd5aa9d","local_time":"20190213151329","is_ascension_mode":true,"campfire_choices":[{"data":"Bash","floor":6.0,"key":"SMITH"},{"data":"Flame Barrier","floor":8.0,"key":"SMITH"},{"data":"Clothesline","floor":11.0,"key":"SMITH"},{"data":"Anger","floor":15.0,"key":"SMITH"},{"data":"Demon Form","floor":24.0,"key":"SMITH"},{"floor":29.0,"key":"REST"},{"floor":32.0,"key":"REST"},{"floor":40.0,"key":"REST"},{"floor":44.0,"key":"REST"}],"neow_cost":"NONE","seed_source_timestamp":0,"circlet_count":0,"master_deck":["AscendersBane","Strike_R","Defend_R","Defend_R","Defend_R","Defend_R","Bash+1","Clothesline+1","Flame Barrier+1","Anger+1","Cleave","Pommel Strike","Anger+1","Disarm","Demon Form+1","Heavy Blade","Ghostly Armor+1","Searing Blow+1","Exhume+1","Master of Strategy","Seeing Red","Shockwave","Madness","Madness","Pummel+1"],"special_seed":0,"relics":["Burning Blood","Bronze Scales","Bottled Lightning","Meat on the Bone","Happy Flower","Runic Cube","PreservedInsect","Vajra","Tiny Chest","Astrolabe","Sundial","Champion Belt","Red Mask"],"potions_floor_usage":[],"damage_taken":[{"damage":12.0,"enemies":"Jaw Worm","floor":1.0,"turns":3.0},{"damage":9.0,"enemies":"2 Louse","floor":3.0,"turns":3.0},{"damage":4.0,"enemies":"Cultist","floor":5.0,"turns":3.0},{"damage":18.0,"enemies":"Gremlin Nob","floor":7.0,"turns":4.0},{"damage":2.0,"enemies":"Large Slime","floor":10.0,"turns":7.0},{"damage":30.0,"enemies":"Lagavulin","floor":12.0,"turns":5.0},{"damage":15.0,"enemies":"Exordium Thugs","floor":14.0,"turns":3.0},{"damage":41.0,"enemies":"The Guardian","floor":16.0,"turns":11.0},{"damage":20.0,"enemies":"2 Thieves","floor":18.0,"turns":4.0},{"damage":10.0,"enemies":"Chosen","floor":21.0,"turns":4.0},{"damage":20.0,"enemies":"Centurion and Healer","floor":22.0,"turns":7.0},{"damage":39.0,"enemies":"Book of Stabbing","floor":23.0,"turns":6.0},{"damage":14.0,"enemies":"Snake Plant","floor":25.0,"turns":2.0},{"damage":34.0,"enemies":"3 Cultists","floor":28.0,"turns":5.0},{"damage":30.0,"enemies":"Gremlin Leader","floor":31.0,"turns":4.0},{"damage":78.0,"enemies":"Collector","floor":33.0,"turns":8.0},{"damage":59.0,"enemies":"3 Darklings","floor":35.0,"turns":6.0},{"damage":1.0,"enemies":"Orb Walker","floor":37.0,"turns":3.0},{"damage":78.0,"enemies":"Reptomancer","floor":41.0,"turns":6.0},{"damage":23,"enemies":"Spire Growth","floor":45,"turns":5},{"damage":54,"enemies":"Transient","floor":48,"turns":4}],"seed_played":"8659507373028381742","potions_obtained":[{"floor":3.0,"key":"Regen Potion"},{"floor":10.0,"key":"SteroidPotion"},{"floor":25.0,"key":"SpeedPotion"},{"floor":31.0,"key":"BloodPotion"},{"floor":33.0,"key":"Regen Potion"},{"floor":41.0,"key":"GamblersBrew"}],"is_trial":false,"path_per_floor":["M","?","M","?","M","R","E","R","T","M","R","E","$","M","R","B",null,"M","$","?","M","M","E","R","M","T","$","M","R","?","E","R","B",null,"M","$","M","?","?","R","E","?","T","R","M","$","?","M"],"character_chosen":"IRONCLAD","items_purchased":["Pommel Strike","EssenceOfSteel","Master of Strategy","Seeing Red","Shockwave"],"campfire_rested":4,"item_purchase_floors":[13,27,36,36,36],"current_hp_per_floor":[66,71,68,85,85,85,73,73,73,77,77,53,53,56,56,48,76,62,62,62,58,56,35,35,39,39,39,23,48,76,52,77,25,70,29,29,46,46,46,71,26,15,15,40,35,35,35,0],"gold":0,"neow_bonus":"RANDOM_COMMON_RELIC","is_prod":false,"is_daily":false,"chose_seed":false,"campfire_upgraded":5,"win_rate":0,"timestamp":1550088809,"path_taken":["M","?","M","?","M","R","E","R","T","M","R","E","$","M","R","BOSS","M","$","?","?","M","E","R","M","T","$","M","R","?","E","R","BOSS","M","$","M","?","?","R","E","?","T","R","M","$","?","?"],"build_version":"2019-01-23","purchased_purges":1,"victory":false,"max_hp_per_floor":[80,85,85,85,85,85,85,85,85,85,85,85,85,85,85,85,85,85,85,85,85,85,85,85,85,85,85,85,85,85,85,85,85,85,85,85,85,85,85,85,85,85,85,85,85,85,85,85],"card_choices":[{"not_picked":["Cleave","Twin Strike"],"picked":"Clothesline","floor":1.0},{"not_picked":["Headbutt","Juggernaut"],"picked":"Flame Barrier","floor":3.0},{"not_picked":["Flex","Feel No Pain"],"picked":"Anger","floor":5.0},{"not_picked":["Armaments","Shockwave"],"picked":"Cleave","floor":7.0},{"not_picked":["Wild Strike","Headbutt","Clothesline"],"picked":"SKIP","floor":10.0},{"not_picked":["Headbutt","Second Wind","Sentinel"],"picked":"SKIP","floor":12.0},{"not_picked":["Thunderclap","Evolve","Twin Strike"],"picked":"SKIP","floor":14.0},{"not_picked":["Armaments","Body Slam"],"picked":"Anger+1","floor":18.0},{"not_picked":["Iron Wave","Clash+1","Havoc+1"],"picked":"SKIP","floor":21.0},{"not_picked":["Wild Strike","True Grit+1","Disarm"],"picked":"SKIP","floor":22.0},{"not_picked":["Spot Weakness","Headbutt"],"picked":"Demon Form","floor":23.0},{"not_picked":["Disarm","Feel No Pain+1","Sentinel"],"picked":"SKIP","floor":25.0},{"not_picked":["Headbutt","Clash"],"picked":"Heavy Blade","floor":28.0},{"not_picked":["Fiend Fire","Warcry","Body Slam"],"picked":"SKIP","floor":31.0},{"not_picked":["Armaments","Clothesline","Combust+1"],"picked":"SKIP","floor":35.0},{"not_picked":["True Grit","Flex"],"picked":"Spot Weakness","floor":37.0},{"not_picked":["Infernal Blade+1","Thunderclap+1","Second Wind"],"picked":"SKIP","floor":41.0},{"not_picked":["Headbutt","Warcry"],"picked":"Pummel+1","floor":45}],"player_experience":447464,"relics_obtained":[{"floor":7.0,"key":"Bottled Lightning"},{"floor":9.0,"key":"Meat on the Bone"},{"floor":12.0,"key":"Happy Flower"},{"floor":23.0,"key":"PreservedInsect"},{"floor":26.0,"key":"Vajra"},{"floor":31.0,"key":"Tiny Chest"},{"floor":41.0,"key":"Sundial"},{"floor":43.0,"key":"Champion Belt"}],"event_choices":[{"damage_healed":0.0,"max_hp_gain":5.0,"max_hp_loss":0.0,"gold_gain":0.0,"event_name":"Big Fish","player_choice":"Donut","floor":2.0,"gold_loss":0.0,"damage_taken":0.0},{"damage_healed":21.0,"max_hp_gain":0.0,"max_hp_loss":0.0,"gold_gain":0.0,"event_name":"The Cleric","player_choice":"Healed","floor":4.0,"gold_loss":35.0,"damage_taken":0.0},{"damage_healed":0.0,"max_hp_gain":0.0,"max_hp_loss":0.0,"gold_gain":0.0,"event_name":"Match and Keep!","player_choice":"1 cards matched","floor":20.0,"gold_loss":0.0,"damage_taken":0.0,"cards_obtained":["Disarm"]},{"damage_healed":28.0,"max_hp_gain":0.0,"max_hp_loss":0.0,"gold_gain":0.0,"event_name":"The Library","player_choice":"Heal","floor":30.0,"gold_loss":0.0,"damage_taken":0.0},{"cards_removed":["Spot Weakness"],"damage_healed":0.0,"max_hp_gain":0.0,"max_hp_loss":0.0,"gold_gain":0.0,"event_name":"Falling","player_choice":"Removed Skill","floor":38.0,"gold_loss":0.0,"damage_taken":0.0},{"damage_healed":0.0,"max_hp_gain":0.0,"max_hp_loss":0.0,"gold_gain":0.0,"event_name":"SensoryStone","player_choice":"Memory 1","floor":39.0,"gold_loss":0.0,"damage_taken":0.0},{"damage_healed":0.0,"max_hp_gain":0.0,"max_hp_loss":0.0,"gold_gain":0.0,"event_name":"Winding Halls","player_choice":"Embrace Madness","floor":42.0,"gold_loss":0.0,"damage_taken":11.0,"cards_obtained":["Madness","Madness"]},{"damage_healed":0,"gold_gain":0,"player_choice":"Paid","damage_taken":0,"relics_obtained":["Red Mask"],"max_hp_gain":0,"max_hp_loss":0,"event_name":"Tomb of Lord Red Mask","floor":47,"gold_loss":79}],"is_beta":false,"boss_relics":[{"not_picked":["Eternal Feather","Cursed Key"],"picked":"Runic Cube"},{"not_picked":["Runic Dome","Snecko Eye"],"picked":"Astrolabe"}],"items_purged_floors":[27],"is_endless":false,"potions_floor_spawned":[3,10,25,31,33,41],"killed_by":"Transient","ascension_level":10}