{"gold_per_floor":[109,59,71,84,84,111,130,155,203,203,264,264,339,354,354,450,450,468,485,485,485,182,213,213,213,263,296,18,35,35,66,66,169,169,188,188,203,203,21,48,48,82,82,82,128,128,142,0,0,0],"floor_reached":51,"playtime":8129,"items_purged":["Phantasmal Killer"],"score":857,"play_id":"b1134be5-c030-4392-8330-b0653306550a","local_time":"20180711022831","is_ascension_mode":true,"campfire_choices":[{"data":"Skewer","floor":10.0,"key":"SMITH"},{"data":"Well Laid Plans","floor":12.0,"key":"SMITH"},{"data":"Bouncing Flask","floor":15.0,"key":"SMITH"},{"data":"Catalyst","floor":24.0,"key":"SMITH"},{"floor":32.0,"key":"DIG"},{"data":"Noxious Fumes","floor":41.0,"key":"SMITH"},{"floor":46,"key":"DIG"},{"floor":49,"key":"DIG"}],"neow_cost":"NONE","seed_source_timestamp":2411601908660409,"circlet_count":0,"master_deck":["Defend_G","Defend_G","Defend_G","Defend_G","Strike_G","Strike_G","Survivor","Neutralize+1","Deadly Poison","Well Laid Plans+1","Outmaneuver","Skewer+1","Catalyst+1","Bouncing Flask+1","Malaise+1","Sucker Punch+1","Venomology+1","Acrobatics+1","Bouncing Flask","Sadistic Nature","Bane","Noxious Fumes","Catalyst+1","Noxious Fumes+1","Corpse Explosion","Noxious Fumes+1","Bouncing Flask","Wraith Form v2","Normality","Doubt"],"special_seed":0,"relics":["Ring of the Snake","Blood Vial","Meat on the Bone","Potion Belt","Oddly Smooth Stone","Astrolabe","Vajra","Bag of Marbles","Shovel","Frozen Eye","Mummified Hand","Lantern","Cursed Key","GremlinMask","Bottled Tornado","Smiling Mask","Mercury Hourglass","Question Card","Torii","Bronze Scales","Red Mask","Ice Cream"],"potions_floor_usage":[50],"damage_taken":[{"damage":0.0,"enemies":"Jaw Worm","floor":1.0,"turns":3.0},{"damage":0.0,"enemies":"Small Slimes","floor":3.0,"turns":4.0},{"damage":2.0,"enemies":"Cultist","floor":4.0,"turns":4.0},{"damage":14.0,"enemies":"3 Sentries","floor":6.0,"turns":12.0},{"damage":8.0,"enemies":"Red Slaver","floor":7.0,"turns":4.0},{"damage":13.0,"enemies":"Lagavulin","floor":8.0,"turns":7.0},{"damage":16.0,"enemies":"Lagavulin Event","floor":11.0,"turns":5.0},{"damage":1.0,"enemies":"Looter","floor":14.0,"turns":3.0},{"damage":12.0,"enemies":"The Guardian","floor":16.0,"turns":7.0},{"damage":4.0,"enemies":"Spheric Guardian","floor":18.0,"turns":4.0},{"damage":15.0,"enemies":"3 Byrds","floor":19.0,"turns":6.0},{"damage":28.0,"enemies":"Slavers","floor":23.0,"turns":6.0},{"damage":8.0,"enemies":"Book of Stabbing","floor":27.0,"turns":6.0},{"damage":6.0,"enemies":"Snecko","floor":29.0,"turns":3.0},{"damage":16.0,"enemies":"Gremlin Leader","floor":31.0,"turns":3.0},{"damage":13.0,"enemies":"Champ","floor":33.0,"turns":5.0},{"damage":7.0,"enemies":"3 Darklings","floor":35.0,"turns":3.0},{"damage":5.0,"enemies":"3 Shapes","floor":37.0,"turns":3.0},{"damage":19.0,"enemies":"2 Orb Walkers","floor":40.0,"turns":2.0},{"damage":6.0,"enemies":"Nemesis","floor":42.0,"turns":5.0},{"damage":23,"floor":45,"turns":3},{"damage":0,"enemies":"Maw","floor":47,"turns":4},{"damage":0,"enemies":"Time Eater","floor":50,"turns":4}],"seed_played":"-7516642959249188667","potions_obtained":[{"floor":1.0,"key":"Explosive Potion"},{"floor":3.0,"key":"GamblersBrew"},{"floor":8.0,"key":"Fire Potion"},{"floor":11.0,"key":"EntropicBrew"},{"floor":11.0,"key":"Fire Potion"},{"floor":14.0,"key":"Fruit Juice"},{"floor":16.0,"key":"Dexterity Potion"},{"floor":18.0,"key":"SpeedPotion"},{"floor":27.0,"key":"SteroidPotion"},{"floor":33.0,"key":"GhostInAJar"},{"floor":40.0,"key":"Regen Potion"},{"floor":42.0,"key":"AttackPotion"},{"floor":47,"key":"GhostInAJar"}],"is_trial":false,"path_per_floor":["M","?","M","M","?","E","M","E","T","R","?","R","?","M","R","B",null,"M","M","?","?","$","E","R","?","T","E","$","M","?","E","R","B",null,"M","?","M","?","$","E","R","E","T","T","?","R","M","?","R","B"],"character_chosen":"THE_SILENT","items_purchased":["Sadistic Nature","Bane","Energy Potion","Noxious Fumes","Frozen Eye","Noxious Fumes","Bouncing Flask"],"campfire_rested":0,"item_purchase_floors":[22,22,22,28,28,39,39],"current_hp_per_floor":[70,70,70,68,68,54,48,37,37,37,35,35,24,37,37,44,75,71,58,58,58,58,44,44,44,44,38,38,46,46,44,44,45,75,68,68,65,65,65,48,48,44,44,44,35,35,49,49,49,51],"gold":0,"neow_bonus":"THREE_CARDS","is_prod":false,"is_daily":false,"chose_seed":false,"campfire_upgraded":5,"win_rate":0,"timestamp":1531290511,"path_taken":["M","?","?","M","?","E","M","E","T","R","?","R","?","M","R","BOSS","M","M","?","?","$","E","R","?","T","E","$","M","?","E","R","BOSS","M","?","M","?","$","E","R","E","T","?","?","R","?","?","R","BOSS"],"build_version":"2018-07-05","purchased_purges":1,"victory":true,"max_hp_per_floor":[70,70,70,70,70,70,70,70,70,70,70,70,70,70,70,75,75,75,75,75,75,75,75,75,75,75,75,75,75,75,75,75,75,75,75,75,75,75,75,75,75,75,75,75,75,75,75,75,75,75],"card_choices":[{"not_picked":["Dagger Throw","Backflip"],"picked":"Quick Slash","floor":0.0},{"not_picked":["Crippling Poison","Flechettes"],"picked":"Deadly Poison","floor":1.0},{"not_picked":["Backflip","Slice"],"picked":"Well Laid Plans","floor":3.0},{"not_picked":["Terror","Underhanded Strike"],"picked":"Outmaneuver","floor":4.0},{"not_picked":["Heel Hook","Caltrops"],"picked":"Skewer","floor":6.0},{"not_picked":["Deadly Poison","Riddle With Holes"],"picked":"Catalyst","floor":7.0},{"not_picked":["Dodge and Roll","Bullet Time","Crippling Poison"],"picked":"SKIP","floor":8.0},{"not_picked":["Infinite Blades","Acrobatics"],"picked":"Bouncing Flask","floor":14.0},{"not_picked":["Night Terror","Die Die Die"],"picked":"Phantasmal Killer","floor":16.0},{"not_picked":["Cloak And Dagger+1","Deflect","Sucker Punch"],"picked":"SKIP","floor":18.0},{"not_picked":["Heel Hook","Prepared"],"picked":"Acrobatics+1","floor":19.0},{"not_picked":["Escape Plan+1","Deflect+1","Prepared"],"picked":"SKIP","floor":23.0},{"not_picked":["Poisoned Stab","Heel Hook","Bouncing Flask"],"picked":"SKIP","floor":27.0},{"not_picked":["Deadly Poison+1","Underhanded Strike","Endless Agony+1"],"picked":"SKIP","floor":29.0},{"not_picked":["Venomology","Prepared"],"picked":"Noxious Fumes+1","floor":31.0},{"not_picked":["Phantasmal Killer","Doppelganger"],"picked":"Corpse Explosion","floor":33.0},{"not_picked":["Prepared+1","Dagger Throw+1","Dodge and Roll"],"picked":"SKIP","floor":35.0},{"not_picked":["Slice+1","Masterful Stab+1","Flying Knee"],"picked":"SKIP","floor":37.0},{"not_picked":["Sucker Punch+1","Quick Slash"],"picked":"Wraith Form v2","floor":40.0},{"not_picked":["Well Laid Plans","Bane","Dagger Spray+1"],"picked":"SKIP","floor":42.0},{"not_picked":["Underhanded Strike+1","Dagger Spray","Flying Knee","Backstab+1"],"picked":"SKIP","floor":47}],"player_experience":139185,"relics_obtained":[{"floor":6.0,"key":"Blood Vial"},{"floor":8.0,"key":"Meat on the Bone"},{"floor":9.0,"key":"Potion Belt"},{"floor":11.0,"key":"Oddly Smooth Stone"},{"floor":23.0,"key":"Vajra"},{"floor":26.0,"key":"Bag of Marbles"},{"floor":27.0,"key":"Shovel"},{"floor":31.0,"key":"Mummified Hand"},{"floor":32.0,"key":"Lantern"},{"floor":40.0,"key":"Bottled Tornado"},{"floor":42.0,"key":"Smiling Mask"},{"floor":43.0,"key":"Mercury Hourglass"},{"floor":44.0,"key":"Question Card"},{"floor":45,"key":"Torii"},{"floor":46,"key":"Bronze Scales"},{"floor":49,"key":"Ice Cream"}],"event_choices":[{"event_name":"The Cleric","player_choice":"Card Removal","floor":2.0,"damage_taken":0.0},{"event_name":"Living Wall","player_choice":"Grow","floor":5.0,"damage_taken":0.0},{"event_name":"Dead Adventurer","player_choice":"Searched \u00271\u0027 times","floor":11.0,"damage_taken":0.0},{"event_name":"World of Goop","player_choice":"Gather Gold","floor":13.0,"damage_taken":0.0},{"event_name":"The Library","player_choice":"Read","floor":20.0,"damage_taken":0.0},{"event_name":"Beggar","player_choice":"Ignored","floor":21.0,"damage_taken":0.0},{"event_name":"Drug Dealer","player_choice":"Ignored","floor":25.0,"damage_taken":0.0},{"event_name":"Duplicator","player_choice":"One dupe","floor":30.0,"damage_taken":0.0},{"event_name":"Falling","player_choice":"Removed Attack","floor":36.0,"damage_taken":0.0},{"event_name":"FaceTrader","player_choice":"Trade","floor":38.0,"damage_taken":0.0},{"event_name":"Mysterious Sphere","player_choice":"Fight","floor":45,"damage_taken":0},{"event_name":"Tomb of Lord Red Mask","player_choice":"Paid","floor":48,"damage_taken":0}],"boss_relics":[{"not_picked":["Sozu","Empty Cage"],"picked":"Astrolabe"},{"not_picked":["Eternal Feather","Calling Bell"],"picked":"Cursed Key"}],"items_purged_floors":[39],"is_endless":false,"potions_floor_spawned":[1,3,8,11,11,14,16,18,27,33,35,40,42,47],"ascension_level":1}