{"gold_per_floor":[110,60,60,75,0,0,18,18,99,99,133,133,158,168,168,271,271,283,75,0,0,14,14,26,26,26,44,55,85,85,85,85,182,182,194,94,105,124,224,224,224,224,224,224,224,224,244,260,260,260],"floor_reached":50,"playtime":1420,"items_purged":["Strike_G","Shame"],"score":568,"play_id":"fbe37eac-00ae-430b-8950-84f68a63127c","local_time":"20190219142004","is_ascension_mode":false,"campfire_choices":[{"data":"Caltrops","floor":6,"key":"SMITH"},{"data":"Neutralize","floor":8,"key":"SMITH"},{"data":"Bouncing Flask","floor":10,"key":"SMITH"},{"data":"Skewer","floor":12,"key":"SMITH"},{"floor":15,"key":"REST"},{"data":"Noxious Fumes","floor":23,"key":"SMITH"},{"data":"Malaise","floor":25,"key":"SMITH"},{"floor":32,"key":"REST"},{"data":"Catalyst","floor":40,"key":"SMITH"},{"data":"Catalyst","floor":44,"key":"SMITH"},{"data":"Catalyst","floor":46,"key":"SMITH"},{"data":"Footwork","floor":49,"key":"SMITH"}],"neow_cost":"PERCENT_DAMAGE","seed_source_timestamp":7233581268465,"circlet_count":0,"master_deck":["Defend_G","Defend_G","Defend_G","Defend_G","Survivor","Neutralize+1","Skewer+1","Caltrops+1","Deadly Poison+1","Bouncing Flask+1","Flying Knee+1","Backflip","Noxious Fumes+1","Malaise+1","Deadly Poison","Poisoned Stab+1","Riddle With Holes","Dagger Spray","Dodge and Roll+1","Deadly Poison+1","Catalyst+1","Footwork+1","Catalyst+1","Glass Knife","Catalyst+1","Deflect+1","Poisoned Stab","Corpse Explosion"],"relics":["Ring of the Snake","Blue Candle","Darkstone Periapt","Ice Cream","Orichalcum","Sozu","Snake Skull","Bottled Lightning","Whetstone","Bag of Preparation","War Paint","Orrery","Tough Bandages","Strawberry"],"potions_floor_usage":[16,16,29],"damage_taken":[{"damage":0,"enemies":"Small Slimes","floor":1,"turns":2},{"damage":0,"enemies":"Jaw Worm","floor":4,"turns":4},{"damage":0,"enemies":"Cultist","floor":7,"turns":3},{"damage":8,"enemies":"Lagavulin","floor":11,"turns":6},{"damage":22,"enemies":"3 Sentries","floor":13,"turns":6},{"damage":0,"enemies":"Exordium Wildlife","floor":14,"turns":3},{"damage":0,"enemies":"Slime Boss","floor":16,"turns":3},{"damage":16,"enemies":"2 Thieves","floor":18,"turns":4},{"damage":0,"enemies":"Spheric Guardian","floor":22,"turns":3},{"damage":7,"enemies":"Snake Plant","floor":24,"turns":4},{"damage":0,"enemies":"Snecko","floor":27,"turns":4},{"damage":0,"enemies":"Shelled Parasite and Fungi","floor":28,"turns":4},{"damage":20,"enemies":"Gremlin Leader","floor":29,"turns":6},{"damage":48,"enemies":"Collector","floor":33,"turns":6},{"damage":11,"enemies":"Orb Walker","floor":35,"turns":3},{"damage":24,"enemies":"3 Darklings","floor":37,"turns":4},{"damage":0,"enemies":"Maw","floor":38,"turns":3},{"damage":0,"enemies":"Mind Bloom Boss Battle","floor":39,"turns":3},{"damage":0,"enemies":"Transient","floor":47,"turns":5},{"damage":4,"enemies":"4 Shapes","floor":48,"turns":3},{"damage":89,"enemies":"Awakened One","floor":50,"turns":9}],"seed_played":"1512456751875428625","potions_obtained":[{"floor":1,"key":"SpeedPotion"},{"floor":13,"key":"Energy Potion"},{"floor":14,"key":"AttackPotion"}],"is_trial":false,"path_per_floor":["M","?","T","M","$","R","M","R","T","R","E","R","E","M","R","B",null,"M","$","?","?","M","R","M","R","T","M","M","E","?","?","R","B",null,"M","$","M","M","?","R","?","?","T","R","?","R","M","M","R","B"],"character_chosen":"THE_SILENT","items_purchased":["Snake Skull","Poisoned Stab"],"campfire_rested":2,"item_purchase_floors":[19,19],"current_hp_per_floor":[49,49,49,49,49,49,49,49,49,49,41,41,19,19,40,40,70,54,54,54,54,54,54,47,47,47,47,47,27,27,33,55,7,76,65,65,41,41,41,41,66,66,73,73,73,73,73,69,69,0],"gold":260,"neow_bonus":"TRANSFORM_TWO_CARDS","is_prod":false,"is_daily":false,"chose_seed":false,"campfire_upgraded":10,"win_rate":0,"timestamp":1550607604,"path_taken":["M","?","?","M","?","R","?","R","T","R","E","R","E","M","R","BOSS","M","$","?","?","M","R","M","R","T","M","M","E","?","?","R","BOSS","M","$","M","M","?","R","?","?","T","R","?","R","M","M","R","BOSS"],"build_version":"2019-01-23","purchased_purges":2,"victory":false,"max_hp_per_floor":[70,70,70,70,70,70,70,70,70,70,70,70,70,70,70,70,70,70,70,70,70,70,70,70,70,70,70,70,70,70,76,76,76,76,76,76,76,76,76,76,82,82,89,89,89,89,89,89,89,89],"card_choices":[{"not_picked":["Deflect","Quick Slash"],"picked":"Caltrops","floor":1},{"not_picked":["Dash","PiercingWail"],"picked":"Deadly Poison","floor":4},{"not_picked":["Flechettes","Masterful Stab"],"picked":"Bouncing Flask","floor":7},{"not_picked":["Dodge and Roll","Eviscerate"],"picked":"Flying Knee","floor":11},{"not_picked":["Dagger Spray","PiercingWail"],"picked":"Backflip","floor":13},{"not_picked":["Underhanded Strike","Dash"],"picked":"Noxious Fumes","floor":14},{"not_picked":["Storm of Steel","Grand Finale"],"picked":"Malaise","floor":16},{"not_picked":["Blade Dance","Dodge and Roll"],"picked":"Deadly Poison","floor":18},{"not_picked":["Deflect","Masterful Stab+1"],"picked":"Dodge and Roll+1","floor":22},{"not_picked":["Outmaneuver","Slice"],"picked":"Deadly Poison","floor":24},{"not_picked":["Deflect+1","Sucker Punch"],"picked":"Catalyst","floor":27},{"not_picked":["Blade Dance","Catalyst"],"picked":"Footwork","floor":28},{"not_picked":["Sucker Punch+1","Blade Dance+1"],"picked":"Catalyst","floor":29},{"not_picked":["Bullet Time","Unload"],"picked":"Glass Knife","floor":33},{"not_picked":["Outmaneuver","Concentrate+1"],"picked":"Catalyst","floor":34},{"not_picked":["Outmaneuver","PiercingWail+1"],"picked":"Deflect+1","floor":34},{"not_picked":["Concentrate+1","Prepared"],"picked":"Well Laid Plans","floor":34},{"not_picked":["Acrobatics","Dagger Spray"],"picked":"Poisoned Stab","floor":34},{"not_picked":["Dagger Throw+1","Underhanded Strike+1","Blade Dance+1"],"picked":"SKIP","floor":35},{"not_picked":["Underhanded Strike+1","Dodge and Roll+1"],"picked":"Corpse Explosion","floor":37},{"not_picked":["Endless Agony","Dodge and Roll","Setup"],"picked":"SKIP","floor":38},{"not_picked":["Riddle With Holes+1","Bane+1","Dodge and Roll"],"picked":"SKIP","floor":47},{"not_picked":["Riddle With Holes","Outmaneuver","Calculated Gamble"],"picked":"SKIP","floor":48}],"player_experience":881440,"relics_obtained":[{"floor":3,"key":"Blue Candle"},{"floor":9,"key":"Darkstone Periapt"},{"floor":11,"key":"Ice Cream"},{"floor":13,"key":"Orichalcum"},{"floor":26,"key":"Bottled Lightning"},{"floor":29,"key":"Whetstone"},{"floor":39,"key":"Tough Bandages"},{"floor":43,"key":"Strawberry"}],"event_choices":[{"cards_removed":["Strike_G"],"damage_healed":0,"gold_gain":0,"player_choice":"Card Removal","damage_taken":0,"max_hp_gain":0,"max_hp_loss":0,"event_name":"The Cleric","floor":2,"gold_loss":50},{"cards_removed":["Masterful Stab"],"damage_healed":0,"gold_gain":0,"player_choice":"Gave Gold","damage_taken":0,"max_hp_gain":0,"max_hp_loss":0,"event_name":"Beggar","floor":20,"gold_loss":75},{"damage_healed":0,"gold_gain":0,"cards_transformed":["Strike_G","Strike_G"],"player_choice":"Became Test Subject","damage_taken":0,"max_hp_gain":0,"max_hp_loss":0,"event_name":"Drug Dealer","floor":21,"gold_loss":0,"cards_obtained":["Riddle With Holes","Dagger Spray"]},{"damage_healed":0,"gold_gain":0,"player_choice":"Opened","damage_taken":0,"relics_obtained":["Bag of Preparation"],"max_hp_gain":0,"max_hp_loss":0,"event_name":"The Mausoleum","floor":30,"gold_loss":0},{"damage_healed":0,"gold_gain":0,"player_choice":"Stole Relic","damage_taken":0,"relics_obtained":["War Paint"],"max_hp_gain":0,"max_hp_loss":0,"event_name":"Addict","floor":31,"gold_loss":0,"cards_obtained":["Shame"]},{"damage_healed":0,"gold_gain":0,"player_choice":"Fight","damage_taken":0,"max_hp_gain":0,"max_hp_loss":0,"event_name":"MindBloom","floor":39,"gold_loss":0},{"damage_healed":19,"gold_gain":0,"player_choice":"Writhe","damage_taken":0,"max_hp_gain":0,"max_hp_loss":0,"event_name":"Winding Halls","floor":41,"gold_loss":0,"cards_obtained":["Writhe"]},{"cards_removed":["Well Laid Plans"],"damage_healed":0,"gold_gain":0,"player_choice":"Removed Power","damage_taken":0,"max_hp_gain":0,"max_hp_loss":0,"event_name":"Falling","floor":42,"gold_loss":0},{"cards_removed":["Writhe"],"damage_healed":0,"gold_gain":0,"player_choice":"Purged","damage_taken":0,"max_hp_gain":0,"max_hp_loss":0,"event_name":"Purifier","floor":45,"gold_loss":0}],"is_beta":false,"boss_relics":[{"not_picked":["WristBlade","Runic Pyramid"],"picked":"Sozu"},{"not_picked":["Runic Dome","Calling Bell"],"picked":"Orrery"}],"items_purged_floors":[5,36],"is_endless":false,"potions_floor_spawned":[1,13,14,22,27,35,38],"killed_by":"Awakened One","ascension_level":0}