{"gold_per_floor":[110,120,120,140,65,91,91,126,126,184,237,237,256,285,285,362,362,382,120,120,42,42,42],"floor_reached":23,"playtime":977,"items_purged":["Defend_B"],"score":480,"play_id":"cae9408f-f748-4450-876c-2fca20ebe2f6","local_time":"20190301182614","is_ascension_mode":true,"campfire_choices":[{"data":"Fusion","floor":7,"key":"SMITH"},{"data":"Machine Learning","floor":12,"key":"SMITH"},{"data":"Zap","floor":15,"key":"SMITH"}],"neow_cost":"TEN_PERCENT_HP_LOSS","seed_source_timestamp":270974693633482,"circlet_count":0,"master_deck":["AscendersBane","Defend_B","Defend_B+1","Zap+1","Dualcast","Darkness","Reinforced Body","White Noise","Coolheaded+1","Fusion+1","Self Repair","Machine Learning+1","Echo Form","Fusion+1","Defragment+1","All For One+1","Glacier+1","Chill"],"relics":["Cracked Core","Prayer Wheel","War Paint","Letter Opener","Matryoshka","Tiny Chest","Oddly Smooth Stone","Strawberry","Juzu Bracelet","Astrolabe","Dodecahedron"],"potions_floor_usage":[6,10,13,18,19],"damage_taken":[{"damage":7,"enemies":"2 Louse","floor":1,"turns":3},{"damage":2,"enemies":"Jaw Worm","floor":2,"turns":3},{"damage":0,"enemies":"Cultist","floor":4,"turns":3},{"damage":15,"enemies":"Lagavulin","floor":6,"turns":5},{"damage":19,"enemies":"Gremlin Nob","floor":8,"turns":4},{"damage":13,"enemies":"3 Sentries","floor":10,"turns":6},{"damage":12,"enemies":"Gremlin Gang","floor":13,"turns":4},{"damage":0,"enemies":"Lagavulin","floor":14,"turns":6},{"damage":30,"enemies":"The Guardian","floor":16,"turns":12},{"damage":15,"enemies":"2 Thieves","floor":18,"turns":3},{"damage":71,"enemies":"Slavers","floor":23,"turns":5}],"seed_played":"1848663945577626914","potions_obtained":[{"floor":4,"key":"Poison Potion"},{"floor":6,"key":"Fire Potion"},{"floor":10,"key":"Fire Potion"},{"floor":14,"key":"Poison Potion"}],"is_trial":false,"path_per_floor":["M","M","?","M","?","E","R","E","T","E","T","R","M","E","R","B",null,"M","$","?","?","?","E"],"character_chosen":"DEFECT","items_purchased":["Chill","Fruit Juice"],"campfire_rested":0,"item_purchase_floors":[19,19],"current_hp_per_floor":[57,55,55,55,55,40,40,28,28,22,29,29,24,31,31,8,55,40,45,45,45,60,0],"gold":42,"neow_bonus":"ONE_RARE_RELIC","is_prod":false,"is_daily":false,"chose_seed":false,"campfire_upgraded":3,"win_rate":0,"timestamp":1551461174,"path_taken":["M","M","?","M","?","E","R","E","T","E","?","R","M","E","R","BOSS","M","$","?","?","?","E"],"build_version":"2019-01-23","purchased_purges":1,"victory":false,"max_hp_per_floor":[64,64,64,64,64,64,64,64,64,64,71,71,71,71,71,71,71,71,76,76,76,76,76],"card_choices":[{"not_picked":["BootSequence","Reinforced Body"],"picked":"Darkness","floor":1},{"not_picked":["Leap","Compile Driver"],"picked":"Reinforced Body","floor":1},{"not_picked":["Leap","Redo"],"picked":"White Noise","floor":2},{"not_picked":["Beam Cell","Stack"],"picked":"Coolheaded","floor":2},{"not_picked":["Coolheaded","Static Discharge"],"picked":"Fusion","floor":4},{"not_picked":["Rebound","Skim","Reinforced Body"],"picked":"SKIP","floor":4},{"not_picked":["Capacitor","Melter"],"picked":"Self Repair","floor":6},{"not_picked":["Cold Snap","Lockon","Redo"],"picked":"SKIP","floor":8},{"not_picked":["Go for the Eyes","Rebound"],"picked":"Machine Learning","floor":10},{"not_picked":["Barrage","Rebound","Redo"],"picked":"SKIP","floor":13},{"not_picked":["Stack","Redo","Conserve Battery"],"picked":"SKIP","floor":13},{"not_picked":["Scrape","Beam Cell","Reinforced Body"],"picked":"SKIP","floor":14},{"not_picked":["Core Surge","Seek"],"picked":"Echo Form","floor":16},{"not_picked":["Conserve Battery","Leap"],"picked":"Glacier+1","floor":18},{"not_picked":["Reprogram","Compile Driver","Turbo"],"picked":"SKIP","floor":18}],"player_experience":1157798,"relics_obtained":[{"floor":6,"key":"War Paint"},{"floor":8,"key":"Letter Opener"},{"floor":9,"key":"Matryoshka"},{"floor":10,"key":"Tiny Chest"},{"floor":11,"key":"Oddly Smooth Stone"},{"floor":11,"key":"Strawberry"},{"floor":14,"key":"Juzu Bracelet"}],"event_choices":[{"damage_healed":0,"gold_gain":0,"player_choice":"Ignored","damage_taken":0,"max_hp_gain":0,"max_hp_loss":0,"event_name":"Liars Game","floor":3,"gold_loss":0},{"cards_removed":["Strike_B"],"damage_healed":0,"gold_gain":0,"player_choice":"Card Removal","damage_taken":0,"max_hp_gain":0,"max_hp_loss":0,"event_name":"The Cleric","floor":5,"gold_loss":75},{"cards_removed":["Defend_B"],"damage_healed":0,"gold_gain":0,"player_choice":"Purged","damage_taken":0,"max_hp_gain":0,"max_hp_loss":0,"event_name":"Purifier","floor":20,"gold_loss":0},{"damage_healed":0,"gold_gain":0,"player_choice":"Paid Gold","damage_taken":0,"relics_obtained":["Dodecahedron"],"max_hp_gain":0,"max_hp_loss":0,"event_name":"WeMeetAgain","floor":21,"gold_loss":78},{"damage_healed":15,"gold_gain":0,"player_choice":"Heal","damage_taken":0,"max_hp_gain":0,"max_hp_loss":0,"event_name":"The Library","floor":22,"gold_loss":0}],"is_beta":false,"boss_relics":[{"not_picked":["Pandora\u0027s Box","FrozenCore"],"picked":"Astrolabe"}],"items_purged_floors":[19],"is_endless":false,"potions_floor_spawned":[4,6,10,14],"killed_by":"Slavers","ascension_level":20}