{"gold_per_floor":[16,16,33,50,68,68,98,98,98,114,114,131,131,143,143,238,238,252,62,62,62,82,82,96,96,96,96,24,24,124,124],"floor_reached":31,"playtime":1136,"items_purged":["Strike_B"],"score":353,"play_id":"af133053-a325-4f36-ae9b-fc5a9e93d752","local_time":"20190211015946","is_ascension_mode":true,"campfire_choices":[{"data":"Zap","floor":6.0,"key":"SMITH"},{"data":"Multi-Cast","floor":11.0,"key":"SMITH"},{"floor":13.0,"key":"REST"},{"data":"Darkness","floor":15.0,"key":"SMITH"},{"data":"Lockon","floor":23.0,"key":"SMITH"},{"data":"Dualcast","floor":25.0,"key":"SMITH"},{"data":"Rip and Tear","floor":27.0,"key":"SMITH"}],"neow_cost":"NO_GOLD","seed_source_timestamp":686407746126254,"circlet_count":0,"master_deck":["AscendersBane","Defend_B","Defend_B","Defend_B","Defend_B","Zap+1","Dualcast+1","Darkness+1","Chill","Rip and Tear+1","Blizzard","Good Instincts","Echo Form","Multi-Cast+1","Rainbow","Lockon+1","Glacier"],"special_seed":0,"relics":["Cracked Core","Matryoshka","Blue Candle","Dead Branch","Sozu","Tiny Chest","Molten Egg 2","Gremlin Horn","Gambling Chip","Turnip","Bottled Flame"],"potions_floor_usage":[],"damage_taken":[{"damage":8.0,"enemies":"Small Slimes","floor":1.0,"turns":4.0},{"damage":1.0,"enemies":"Cultist","floor":3.0,"turns":3.0},{"damage":0.0,"enemies":"2 Louse","floor":4.0,"turns":4.0},{"damage":9.0,"enemies":"Red Slaver","floor":5.0,"turns":3.0},{"damage":19.0,"enemies":"Gremlin Nob","floor":7.0,"turns":4.0},{"damage":1.0,"enemies":"Exordium Thugs","floor":10.0,"turns":5.0},{"damage":14.0,"enemies":"Exordium Wildlife","floor":12.0,"turns":5.0},{"damage":11.0,"enemies":"3 Louse","floor":14.0,"turns":2.0},{"damage":5.0,"enemies":"Hexaghost","floor":16.0,"turns":9.0},{"damage":7.0,"enemies":"Chosen","floor":18.0,"turns":5.0},{"damage":7.0,"enemies":"Shell Parasite","floor":22.0,"turns":3.0},{"damage":4.0,"enemies":"Snake Plant","floor":24.0,"turns":4.0},{"damage":8.0,"enemies":"Colosseum Slavers","floor":30.0,"turns":4.0},{"damage":15.0,"enemies":"Colosseum Nobs","floor":30.0,"turns":5.0},{"damage":8,"enemies":"Gremlin Leader","floor":31,"turns":5}],"seed_played":"4529179482434811520","potions_obtained":[{"floor":1.0,"key":"GamblersBrew"},{"floor":3.0,"key":"Block Potion"},{"floor":5.0,"key":"Dexterity Potion"},{"floor":10.0,"key":"GamblersBrew"}],"is_trial":false,"path_per_floor":["M","?","M","M","M","R","E","?","T","M","R","M","R","M","R","B",null,"M","$","?","T","M","R","M","R","T","R","$","?","?","E"],"character_chosen":"DEFECT","items_purchased":["Tiny Chest","Glacier"],"campfire_rested":1,"item_purchase_floors":[19,28],"current_hp_per_floor":[60,53,52,52,43,43,24,24,24,23,23,9,31,20,20,15,60,53,53,53,53,46,46,42,42,42,42,42,28,5,0],"gold":124,"neow_bonus":"REMOVE_TWO","is_prod":false,"is_daily":false,"chose_seed":false,"campfire_upgraded":6,"win_rate":0,"timestamp":1549846786,"path_taken":["M","?","?","M","M","R","E","?","T","?","R","M","R","M","R","BOSS","M","$","?","?","M","R","M","R","T","R","$","?","?","E"],"build_version":"2019-01-23","purchased_purges":1,"victory":false,"max_hp_per_floor":[75,75,75,75,75,75,75,75,75,75,75,75,75,75,75,75,75,75,75,75,75,75,75,75,75,75,75,75,80,80,80],"card_choices":[{"not_picked":["Conserve Battery","Lockon"],"picked":"Darkness","floor":1.0},{"not_picked":["Reprogram","Leap"],"picked":"Chill","floor":3.0},{"not_picked":["Scrape","Coolheaded"],"picked":"Rip and Tear","floor":4.0},{"not_picked":["Conserve Battery","Compile Driver"],"picked":"Blizzard","floor":5.0},{"not_picked":["Stack","Gash","Steam"],"picked":"SKIP","floor":7.0},{"not_picked":["Gash","Go for the Eyes"],"picked":"Multi-Cast","floor":10.0},{"not_picked":["Redo","Storm","Ball Lightning"],"picked":"SKIP","floor":12.0},{"not_picked":["Ball Lightning","Scrape","Sweeping Beam"],"picked":"SKIP","floor":14.0},{"not_picked":["Multi-Cast","Meteor Strike"],"picked":"Rainbow","floor":16.0},{"not_picked":["Beam Cell","Reprogram"],"picked":"Lockon","floor":18.0},{"not_picked":["Conserve Battery","Coolheaded","Cold Snap+1"],"picked":"SKIP","floor":22.0},{"not_picked":["Conserve Battery","Ball Lightning+1","Stack"],"picked":"SKIP","floor":24.0}],"player_experience":1042628,"relics_obtained":[{"floor":7.0,"key":"Matryoshka"},{"floor":9.0,"key":"Blue Candle"},{"floor":9.0,"key":"Dead Branch"},{"floor":21.0,"key":"Molten Egg 2"},{"floor":21.0,"key":"Gremlin Horn"},{"floor":26.0,"key":"Gambling Chip"},{"floor":30.0,"key":"Turnip"},{"floor":30.0,"key":"Bottled Flame"}],"event_choices":[{"damage_healed":0.0,"max_hp_gain":0.0,"max_hp_loss":0.0,"gold_gain":0.0,"event_name":"Wheel of Change","player_choice":"Damaged","floor":2.0,"gold_loss":0.0,"damage_taken":7.0},{"damage_healed":0.0,"max_hp_gain":0.0,"max_hp_loss":0.0,"gold_gain":0.0,"event_name":"Match and Keep!","player_choice":"2 cards matched","floor":8.0,"gold_loss":0.0,"damage_taken":0.0,"cards_obtained":["Good Instincts","Echo Form"]},{"cards_removed":["Strike_B"],"damage_healed":0.0,"max_hp_gain":0.0,"max_hp_loss":0.0,"gold_gain":0.0,"event_name":"Back to Basics","player_choice":"Elegance","floor":20.0,"gold_loss":0.0,"damage_taken":0.0},{"damage_healed":0.0,"max_hp_gain":5.0,"max_hp_loss":0.0,"gold_gain":0.0,"event_name":"Forgotten Altar","player_choice":"Shed Blood","floor":29.0,"gold_loss":0.0,"damage_taken":19.0},{"damage_healed":0.0,"max_hp_gain":0.0,"max_hp_loss":0.0,"gold_gain":0.0,"event_name":"Colosseum","player_choice":"Fight","floor":30.0,"gold_loss":0.0,"damage_taken":0.0},{"damage_healed":0.0,"max_hp_gain":0.0,"max_hp_loss":0.0,"gold_gain":0.0,"event_name":"Colosseum","player_choice":"Fought Nobs","floor":30.0,"gold_loss":0.0,"damage_taken":0.0}],"is_beta":false,"boss_relics":[{"not_picked":["White Beast Statue","Orrery"],"picked":"Sozu"}],"items_purged_floors":[19],"is_endless":false,"potions_floor_spawned":[1,3,5,10,18,22],"killed_by":"Gremlin Leader","ascension_level":10}