{"gold_per_floor":[117,42,62,62,19,45,55,80,80,99,124,124,135,155,155,234,234,245,9,20,35,35,35,63,63,63,1,28,47,47,61,61,137,137,151,201,221,3,13,13,47,62,88,98,128,16,16,49,49,49,49],"floor_reached":52,"playtime":2906,"items_purged":["Pain","Strike_G","Decay"],"score":2129,"play_id":"02b87405-2abe-4e29-b7f7-63319ea65183","local_time":"20190312121053","is_ascension_mode":true,"campfire_choices":[{"floor":15.0,"key":"REST"},{"data":"A Thousand Cuts","floor":23.0,"key":"SMITH"},{"data":"Noxious Fumes","floor":30,"key":"SMITH"},{"data":"Bouncing Flask","floor":32,"key":"SMITH"},{"data":"Wraith Form v2","floor":40,"key":"SMITH"},{"floor":49,"key":"REST"}],"neow_cost":"NONE","seed_source_timestamp":1196912175185907,"circlet_count":0,"master_deck":["AscendersBane","Defend_G","Defend_G","Defend_G","Defend_G","Strike_G","Strike_G","Strike_G","Strike_G","Survivor","Neutralize","Cloak And Dagger+1","Leg Sweep","All Out Attack","Deadly Poison+1","Bouncing Flask+1","Well Laid Plans","A Thousand Cuts+1","Escape Plan","Wraith Form v2+1","Crippling Poison","Noxious Fumes+1","Footwork","Dash","Prepared+1","Dash+1","Blade Dance+1","Backflip+1","Cloak And Dagger","Deadly Poison+1","Escape Plan","Magnetism","Dash","Cloak And Dagger+1"],"special_seed":0,"relics":["Ring of the Snake","NeowsBlessing","WarpedTongs","FossilizedHelix","Thread and Needle","Tough Bandages","The Courier","Anchor","Cursed Key","TwistedFunnel","Kunai","War Paint","Pantograph","Dodecahedron","Empty Cage","Tiny Chest","Potion Belt","Dream Catcher","Smiling Mask","Snake Skull"],"potions_floor_usage":[28,29,33,41,45,50,51],"damage_taken":[{"damage":0.0,"enemies":"Small Slimes","floor":1.0,"turns":1.0},{"damage":0.0,"enemies":"Cultist","floor":3.0,"turns":1.0},{"damage":1.0,"enemies":"3 Sentries","floor":6.0,"turns":1.0},{"damage":0.0,"enemies":"Jaw Worm","floor":7.0,"turns":6.0},{"damage":26.0,"enemies":"Gremlin Nob","floor":8.0,"turns":5.0},{"damage":4.0,"enemies":"Blue Slaver","floor":10.0,"turns":3.0},{"damage":17.0,"enemies":"Lagavulin","floor":11.0,"turns":6.0},{"damage":0.0,"enemies":"Large Slime","floor":13.0,"turns":5.0},{"damage":0.0,"enemies":"Gremlin Gang","floor":14.0,"turns":4.0},{"damage":19.0,"enemies":"The Guardian","floor":16.0,"turns":10.0},{"damage":14.0,"enemies":"Spheric Guardian","floor":18.0,"turns":4.0},{"damage":0.0,"enemies":"3 Byrds","floor":20.0,"turns":4.0},{"damage":0.0,"enemies":"3 Cultists","floor":21.0,"turns":3.0},{"damage":0.0,"enemies":"Slavers","floor":24.0,"turns":4.0},{"damage":0,"enemies":"Book of Stabbing","floor":28,"turns":5},{"damage":0,"enemies":"Cultist and Chosen","floor":29,"turns":6},{"damage":0,"enemies":"Centurion and Healer","floor":31,"turns":5},{"damage":42,"enemies":"Automaton","floor":33,"turns":11},{"damage":0,"enemies":"Orb Walker","floor":35,"turns":3},{"damage":12,"enemies":"3 Darklings","floor":37,"turns":4},{"damage":0,"enemies":"Spire Growth","floor":39,"turns":6},{"damage":21,"enemies":"Giant Head","floor":41,"turns":10},{"damage":1,"enemies":"Writhing Mass","floor":42,"turns":6},{"damage":4,"enemies":"Transient","floor":44,"turns":6},{"damage":13,"enemies":"Reptomancer","floor":45,"turns":7},{"damage":0,"enemies":"Nemesis","floor":48,"turns":9},{"damage":25,"enemies":"Time Eater","floor":50,"turns":15},{"damage":21,"enemies":"Donu and Deca","floor":51,"turns":12}],"seed_played":"-3615821327598280153","potions_obtained":[{"floor":6.0,"key":"Block Potion"},{"floor":7.0,"key":"Weak Potion"},{"floor":10.0,"key":"SpeedPotion"},{"floor":14.0,"key":"Energy Potion"},{"floor":16.0,"key":"LiquidBronze"},{"floor":20.0,"key":"EssenceOfSteel"},{"floor":28,"key":"Ancient Potion"},{"floor":31,"key":"Swift Potion"},{"floor":37,"key":"FearPotion"},{"floor":44,"key":"Weak Potion"},{"floor":48,"key":"Weak Potion"}],"is_trial":false,"path_per_floor":["M","?","M","?","$","E","M","E","T","M","E","T","M","M","R","B",null,"M","$","M","M","?","R","E","?","T","$","E","M","R","M","R","B",null,"M","?","M","$","M","R","E","M","T","M","E","$","?","E","R","B","B",null],"character_chosen":"THE_SILENT","items_purchased":["All Out Attack","TwistedFunnel","Noxious Fumes","Tiny Chest","PowerPotion","Escape Plan"],"campfire_rested":2,"item_purchase_floors":[5,19,27,38,38,46],"current_hp_per_floor":[59,59,59,59,59,58,58,32,32,28,11,11,11,11,30,11,52,38,38,38,38,38,38,38,38,38,38,38,38,38,38,38,21,53,53,53,41,41,41,41,20,19,19,15,2,2,2,2,20,20,24],"gold":49,"neow_bonus":"THREE_ENEMY_KILL","is_prod":false,"is_daily":false,"chose_seed":false,"campfire_upgraded":4,"win_rate":0,"timestamp":1552389053,"path_taken":["M","?","M","?","$","E","M","E","T","?","E","?","M","M","R","BOSS","M","$","M","M","?","R","E","?","T","$","E","M","R","?","R","BOSS","M","?","M","$","M","R","E","M","T","?","E","$","?","E","R","BOSS","BOSS"],"build_version":"2019-01-23","purchased_purges":3,"victory":true,"max_hp_per_floor":[66,66,66,66,66,66,66,66,66,66,66,66,66,66,66,66,66,66,66,66,66,66,66,66,66,66,66,66,66,66,66,66,66,63,63,63,63,63,63,63,63,63,63,63,63,63,63,63,63,63,63],"card_choices":[{"not_picked":["Crippling Poison","Deadly Poison"],"picked":"Cloak And Dagger","floor":1.0},{"not_picked":["Setup","Eviscerate"],"picked":"Leg Sweep","floor":3.0},{"not_picked":["Masterful Stab","Slice"],"picked":"Deadly Poison","floor":6.0},{"not_picked":["Sucker Punch","Acrobatics","Flying Knee"],"picked":"SKIP","floor":7.0},{"not_picked":["Underhanded Strike","Backflip"],"picked":"Bouncing Flask","floor":8.0},{"not_picked":["Quick Slash","Eviscerate","Sucker Punch"],"picked":"SKIP","floor":10.0},{"not_picked":["Blur","Tactician","Dodge and Roll"],"picked":"SKIP","floor":11.0},{"not_picked":["Expertise","Poisoned Stab","Cloak And Dagger"],"picked":"SKIP","floor":13.0},{"not_picked":["Acrobatics","Night Terror"],"picked":"Well Laid Plans","floor":14.0},{"not_picked":["Phantasmal Killer","Bullet Time"],"picked":"A Thousand Cuts","floor":16.0},{"not_picked":["Setup","Predator","Deflect"],"picked":"SKIP","floor":18.0},{"not_picked":["Acrobatics","Dagger Spray","Poisoned Stab"],"picked":"SKIP","floor":20.0},{"not_picked":["Acrobatics","Dash"],"picked":"Escape Plan","floor":21.0},{"not_picked":["Dagger Spray","Die Die Die"],"picked":"Wraith Form v2","floor":24.0},{"not_picked":["A Thousand Cuts","Dodge and Roll"],"picked":"Footwork","floor":28},{"not_picked":["Deadly Poison","Underhanded Strike"],"picked":"Dash","floor":29},{"not_picked":["Dagger Throw","PiercingWail"],"picked":"Prepared+1","floor":31},{"not_picked":["Slice","Flying Knee"],"picked":"Dash+1","floor":35},{"not_picked":["Dagger Spray+1","Flying Knee+1"],"picked":"Blade Dance+1","floor":37},{"not_picked":["Slice","Glass Knife","Expertise"],"picked":"SKIP","floor":39},{"not_picked":["Concentrate","Blade Dance","Poisoned Stab+1"],"picked":"SKIP","floor":41},{"not_picked":["Caltrops","PiercingWail"],"picked":"Backflip+1","floor":42},{"not_picked":["Slice","Quick Slash+1"],"picked":"Cloak And Dagger","floor":44},{"not_picked":["Bullet Time","Well Laid Plans"],"picked":"Deadly Poison+1","floor":45},{"not_picked":["Chrysalis","Good Instincts"],"picked":"Magnetism","floor":47},{"not_picked":["Blade Dance","Outmaneuver"],"picked":"Dash","floor":48},{"not_picked":["Dash","Acrobatics+1"],"picked":"Cloak And Dagger+1","floor":49}],"player_experience":1180754,"relics_obtained":[{"floor":6.0,"key":"FossilizedHelix"},{"floor":8.0,"key":"Thread and Needle"},{"floor":9.0,"key":"Tough Bandages"},{"floor":11.0,"key":"The Courier"},{"floor":12.0,"key":"Anchor"},{"floor":24.0,"key":"War Paint"},{"floor":26,"key":"Pantograph"},{"floor":28,"key":"Dodecahedron"},{"floor":41,"key":"Potion Belt"},{"floor":43,"key":"Dream Catcher"},{"floor":45,"key":"Smiling Mask"},{"floor":48,"key":"Snake Skull"}],"event_choices":[{"cards_removed":["Defend_G"],"damage_healed":0.0,"max_hp_gain":0.0,"max_hp_loss":0.0,"gold_gain":0.0,"event_name":"The Cleric","player_choice":"Card Removal","floor":2.0,"gold_loss":75.0,"damage_taken":0.0},{"damage_healed":0.0,"max_hp_gain":0.0,"max_hp_loss":0.0,"gold_gain":0.0,"event_name":"Accursed Blacksmith","player_choice":"Rummage","floor":4.0,"gold_loss":0.0,"damage_taken":0.0,"relics_obtained":["WarpedTongs"],"cards_obtained":["Pain"]},{"damage_healed":0.0,"max_hp_gain":0.0,"max_hp_loss":0.0,"gold_gain":0.0,"event_name":"Addict","player_choice":"Stole Relic","floor":22.0,"gold_loss":0.0,"damage_taken":0.0,"relics_obtained":["Kunai"],"cards_obtained":["Shame"]},{"damage_healed":0,"gold_gain":0,"player_choice":"1 cards matched","damage_taken":0,"max_hp_gain":0,"max_hp_loss":0,"event_name":"Match and Keep!","floor":25,"gold_loss":0,"cards_obtained":["Crippling Poison"]},{"damage_healed":0,"gold_gain":50,"player_choice":"Pray","damage_taken":0,"max_hp_gain":0,"max_hp_loss":0,"event_name":"Golden Shrine","floor":36,"gold_loss":0},{"damage_healed":0,"gold_gain":0,"player_choice":"Memory 1","damage_taken":0,"max_hp_gain":0,"max_hp_loss":0,"event_name":"SensoryStone","floor":47,"gold_loss":0}],"is_beta":false,"boss_relics":[{"not_picked":["WristBlade","Coffee Dripper"],"picked":"Cursed Key"},{"not_picked":["Runic Pyramid","Snecko Eye"],"picked":"Empty Cage"}],"items_purged_floors":[19,38,46],"is_endless":false,"potions_floor_spawned":[6,7,10,14,16,20,21,28,31,37,44,48],"ascension_level":20}