{"gold_per_floor":[114,130,130,205,215,215,246,246,295,295,320,56,73,90,90,161,211,226,245,256,256,270,270,270],"floor_reached":24,"playtime":814,"items_purged":[],"score":406,"play_id":"32ea4b84-7e95-47c9-92a2-6389109448ff","local_time":"20190122021731","is_ascension_mode":true,"campfire_choices":[{"data":"Blood for Blood","floor":6.0,"key":"SMITH"},{"data":"Carnage","floor":8.0,"key":"SMITH"},{"floor":10.0,"key":"REST"},{"data":"Disarm","floor":15.0,"key":"SMITH"},{"floor":23,"key":"REST"}],"neow_cost":"CURSE","seed_source_timestamp":1062233985747709,"circlet_count":0,"master_deck":["AscendersBane","Strike_R+1","Strike_R","Strike_R","Strike_R+1","Defend_R","Defend_R","Defend_R","Bash+1","Injury","Blood for Blood+1","Battle Trance","Carnage+1","Intimidate","Disarm+1","Wild Strike","Shrug It Off"],"special_seed":0,"relics":["Burning Blood","Whetstone","Omamori","The Courier","FossilizedHelix","Tiny House"],"potions_floor_usage":[18,18,19,22],"damage_taken":[{"damage":12.0,"enemies":"Jaw Worm","floor":1.0,"turns":2.0},{"damage":1.0,"enemies":"Cultist","floor":2.0,"turns":3.0},{"damage":16.0,"enemies":"Small Slimes","floor":5.0,"turns":4.0},{"damage":32.0,"enemies":"Gremlin Nob","floor":7.0,"turns":4.0},{"damage":17.0,"enemies":"3 Sentries","floor":11.0,"turns":7.0},{"damage":5.0,"enemies":"Gremlin Gang","floor":13.0,"turns":4.0},{"damage":6.0,"enemies":"Blue Slaver","floor":14.0,"turns":3.0},{"damage":22.0,"enemies":"The Guardian","floor":16.0,"turns":8.0},{"damage":30,"enemies":"2 Thieves","floor":18,"turns":4},{"damage":11,"enemies":"Spheric Guardian","floor":19,"turns":4},{"damage":11,"enemies":"Snecko","floor":20,"turns":4},{"damage":46,"enemies":"Shelled Parasite and Fungi","floor":22,"turns":6},{"damage":36,"enemies":"Gremlin Leader","floor":24,"turns":4}],"seed_played":"-8182784578238085815","potions_obtained":[{"floor":7.0,"key":"Weak Potion"},{"floor":13.0,"key":"Swift Potion"},{"floor":14.0,"key":"Explosive Potion"},{"floor":16.0,"key":"BloodPotion"},{"floor":18,"key":"Block Potion"},{"floor":21,"key":"SpeedPotion"},{"floor":21,"key":"BloodPotion"}],"is_trial":false,"path_per_floor":["M","M","?","?","M","R","E","R","T","R","E","$","M","M","R","B",null,"M","M","M","?","M","R","E"],"character_chosen":"IRONCLAD","items_purchased":["FossilizedHelix"],"campfire_rested":2,"item_purchase_floors":[12],"current_hp_per_floor":[62,67,67,56,46,46,20,20,20,42,31,31,32,32,32,16,65,49,44,39,39,7,31,0],"gold":270,"neow_bonus":"TRANSFORM_TWO_CARDS","is_prod":false,"is_daily":false,"chose_seed":false,"campfire_upgraded":3,"win_rate":0,"timestamp":1548119851,"path_taken":["M","M","?","?","M","R","E","R","T","R","E","?","M","M","R","BOSS","M","M","M","?","M","R","E"],"build_version":"2019-01-17v2","purchased_purges":0,"victory":false,"max_hp_per_floor":[75,75,75,75,75,75,75,75,75,75,75,75,75,75,75,75,80,80,80,80,80,80,80,80],"card_choices":[{"not_picked":["Havoc","Thunderclap"],"picked":"Carnage","floor":1.0},{"not_picked":["Flex","True Grit"],"picked":"Intimidate","floor":2.0},{"not_picked":["Hemokinesis","Dropkick","Reckless Charge"],"picked":"SKIP","floor":5.0},{"not_picked":["Sentinel","Entrench","Clothesline"],"picked":"SKIP","floor":7.0},{"not_picked":["Pummel","Corruption","Rampage"],"picked":"SKIP","floor":11.0},{"not_picked":["Rupture","Twin Strike"],"picked":"Disarm","floor":13.0},{"not_picked":["Second Wind","Sword Boomerang","Carnage"],"picked":"SKIP","floor":14.0},{"not_picked":["Warcry","Carnage"],"picked":"Wild Strike","floor":17.0},{"not_picked":["Sword Boomerang","Armaments+1","Burning Pact"],"picked":"SKIP","floor":18},{"not_picked":["Seeing Red","Pommel Strike","Uppercut"],"picked":"SKIP","floor":19},{"not_picked":["Clash","Second Wind","Armaments+1"],"picked":"SKIP","floor":20},{"not_picked":["Second Wind","Clothesline"],"picked":"Shrug It Off","floor":22}],"player_experience":920192,"relics_obtained":[{"floor":7.0,"key":"Whetstone"},{"floor":9.0,"key":"Omamori"},{"floor":11.0,"key":"The Courier"}],"event_choices":[{"damage_healed":0.0,"max_hp_gain":0.0,"max_hp_loss":0.0,"gold_gain":0.0,"event_name":"Liars Game","player_choice":"Ignored","floor":3.0,"gold_loss":0.0,"damage_taken":0.0},{"damage_healed":0.0,"max_hp_gain":0.0,"max_hp_loss":0.0,"gold_gain":75.0,"event_name":"World of Goop","player_choice":"Gather Gold","floor":4.0,"gold_loss":0.0,"damage_taken":11.0},{"damage_healed":0,"gold_gain":0,"player_choice":"Got Potions","damage_taken":0,"max_hp_gain":0,"max_hp_loss":0,"event_name":"Lab","floor":21,"gold_loss":0}],"is_beta":false,"boss_relics":[{"not_picked":["Coffee Dripper","Lizard Tail"],"picked":"Tiny House"}],"items_purged_floors":[],"is_endless":false,"potions_floor_spawned":[7,13,14,16,18],"killed_by":"Gremlin Leader","ascension_level":19}