{"gold_per_floor":[115,6,6,6,30,65,65,20,20,47,62,76,89,17,17,120,120,134,151,163,14,28,57,57,83,83,83,97,112,112,130,130,233,233,249,50,50,68,79,98,130,142,154,166,212,224,270,282,294,306,318,330,33,64,64],"floor_reached":55,"playtime":6790,"items_purged":["Strike_R","Strike_R","Strike_R"],"score":897,"play_id":"3a02fdc7-bf0a-4914-96e9-7ebe8ab0fa0b","local_time":"20190125004400","is_ascension_mode":true,"campfire_choices":[{"floor":7.0,"key":"REST"},{"data":"Bash","floor":15.0,"key":"SMITH"},{"floor":24.0,"key":"REST"},{"floor":27.0,"key":"REST"},{"floor":30.0,"key":"REST"},{"data":"Rampage","floor":32.0,"key":"SMITH"},{"floor":42.0,"key":"RECALL"},{"floor":44.0,"key":"REST"},{"floor":49.0,"key":"REST"},{"data":"Strike_R","floor":52,"key":"PURGE"}],"neow_cost":"PERCENT_DAMAGE","seed_source_timestamp":198942015830513,"circlet_count":0,"master_deck":["Defend_R","Defend_R+1","Defend_R+1","Defend_R","Bash+1","Dropkick","Rampage+1","Clothesline+1","Pommel Strike+1","Cleave+1","Flex+1","Evolve+1","Demon Form","Inflame","Flex+1","Warcry+1","Clash+1","Limit Break+1","Shrug It Off+1","Headbutt+1","Offering+1","Limit Break+1","Heavy Blade+1"],"special_seed":0,"relics":["Burning Blood","Peace Pipe","Molten Egg 2","Red Skull","Matryoshka","Toxic Egg 2","Darkstone Periapt","Smiling Mask","Mark of Pain","WingedGreaves","Oddly Smooth Stone","Art of War","Bottled Lightning","Fusion Hammer","Happy Flower","MawBank","Ice Cream","The Courier","Gambling Chip","War Paint"],"potions_floor_usage":[50,50,55],"damage_taken":[{"damage":6.0,"enemies":"Cultist","floor":1.0,"turns":4.0},{"damage":45.0,"enemies":"3 Sentries","floor":6.0,"turns":6.0},{"damage":12.0,"enemies":"Gremlin Nob","floor":10.0,"turns":3.0},{"damage":0.0,"enemies":"2 Louse","floor":11.0,"turns":2.0},{"damage":7.0,"enemies":"Jaw Worm","floor":12.0,"turns":2.0},{"damage":0.0,"enemies":"Blue Slaver","floor":13.0,"turns":1.0},{"damage":25.0,"enemies":"Hexaghost","floor":16.0,"turns":7.0},{"damage":7.0,"enemies":"Chosen","floor":18.0,"turns":3.0},{"damage":20.0,"enemies":"2 Thieves","floor":19.0,"turns":3.0},{"damage":24.0,"enemies":"Shelled Parasite and Fungi","floor":20.0,"turns":4.0},{"damage":13.0,"enemies":"Snake Plant","floor":22.0,"turns":2.0},{"damage":27.0,"enemies":"Slavers","floor":23.0,"turns":3.0},{"damage":47.0,"enemies":"Book of Stabbing","floor":25.0,"turns":5.0},{"damage":30.0,"enemies":"Snecko","floor":28.0,"turns":4.0},{"damage":0.0,"enemies":"3 Cultists","floor":29.0,"turns":4.0},{"damage":5.0,"enemies":"Sentry and Sphere","floor":31.0,"turns":3.0},{"damage":10.0,"enemies":"Automaton","floor":33.0,"turns":6.0},{"damage":11.0,"enemies":"3 Darklings","floor":35.0,"turns":3.0},{"damage":18.0,"enemies":"Orb Walker","floor":38.0,"turns":4.0},{"damage":22.0,"enemies":"3 Darklings","floor":39.0,"turns":3.0},{"damage":10.0,"enemies":"Maw","floor":40.0,"turns":5.0},{"damage":18.0,"enemies":"Nemesis","floor":41.0,"turns":3.0},{"damage":38.0,"enemies":"Reptomancer","floor":45.0,"turns":4.0},{"damage":21.0,"enemies":"Nemesis","floor":47.0,"turns":3.0},{"damage":39,"enemies":"Time Eater","floor":50,"turns":5},{"damage":67,"enemies":"Shield and Spear","floor":54,"turns":4},{"damage":61,"enemies":"The Heart","floor":55,"turns":2}],"seed_played":"-1993455824181161969","potions_obtained":[{"floor":10.0,"key":"Poison Potion"},{"floor":12.0,"key":"Poison Potion"},{"floor":13.0,"key":"BloodPotion"},{"floor":19.0,"key":"Fire Potion"},{"floor":22.0,"key":"EntropicBrew"},{"floor":25.0,"key":"SpeedPotion"},{"floor":28.0,"key":"Energy Potion"},{"floor":35.0,"key":"Ancient Potion"},{"floor":40.0,"key":"AttackPotion"},{"floor":45.0,"key":"Swift Potion"}],"is_trial":false,"path_per_floor":["M","$","?","T","T","E","R","$","T","E","M","M","M","$","R","B",null,"M","M","M","$","M","E","R","E","T","R","M","M","R","M","R","B",null,"M","$","?","M","M","M","E","R","T","R","E","?","E","?","R","B",null,"R","$","E","B"],"character_chosen":"IRONCLAD","items_purchased":["Rampage","Clothesline+1","Evolve","AttackPotion","AttackPotion","Happy Flower","Gambling Chip","LiquidBronze"],"campfire_rested":6,"item_purchase_floors":[2,8,14,21,21,36,53,53],"current_hp_per_floor":[56,56,56,56,56,17,41,41,41,35,41,40,46,46,46,27,80,79,65,47,47,40,19,43,10,10,34,10,16,40,41,41,37,80,75,75,75,63,47,43,31,31,31,55,31,31,16,16,40,7,80,80,80,19,0],"gold":64,"neow_bonus":"ONE_RARE_RELIC","is_prod":false,"is_daily":false,"chose_seed":false,"campfire_upgraded":2,"win_rate":0,"timestamp":1548395040,"path_taken":["M","?","?","?","?","E","R","?","T","E","M","?","M","$","R","BOSS","M","M","M","$","M","E","R","E","T","R","M","M","R","M","R","BOSS","M","$","?","M","?","M","E","R","T","R","E","?","E","?","R","BOSS","R","$","E","BOSS"],"build_version":"2019-01-23","purchased_purges":3,"victory":false,"max_hp_per_floor":[80,80,80,80,80,80,80,80,80,80,80,80,80,80,80,80,80,80,80,80,80,80,80,80,80,80,80,80,80,80,80,80,80,80,80,80,80,80,80,80,80,80,80,80,80,80,80,80,80,80,80,80,80,80,80],"card_choices":[{"not_picked":["Pommel Strike","Body Slam"],"picked":"Dropkick","floor":1.0},{"not_picked":["Perfected Strike+1","Burning Pact","Rupture"],"picked":"SKIP","floor":6.0},{"not_picked":["Bludgeon+1","Shrug It Off+1"],"picked":"Pommel Strike+1","floor":10.0},{"not_picked":["Fire Breathing","Havoc+1"],"picked":"Cleave+1","floor":11.0},{"not_picked":["Reckless Charge+1","Armaments+1"],"picked":"Flex+1","floor":12.0},{"not_picked":["Power Through+1","Ghostly Armor+1","Flex+1"],"picked":"SKIP","floor":13.0},{"not_picked":["Juggernaut","Barricade"],"picked":"Demon Form","floor":16.0},{"not_picked":["Dual Wield+1","Cleave+1"],"picked":"Inflame","floor":18.0},{"not_picked":["Shrug It Off+1","Body Slam+1"],"picked":"Flex+1","floor":19.0},{"not_picked":["Anger+1","Burning Pact+1"],"picked":"Warcry+1","floor":20.0},{"not_picked":["Sever Soul+1","Whirlwind+1"],"picked":"Clash+1","floor":22.0},{"not_picked":["Body Slam+1","Sword Boomerang+1"],"picked":"Limit Break+1","floor":23.0},{"not_picked":["Metallicize+1","Impervious+1"],"picked":"Shrug It Off+1","floor":25.0},{"not_picked":["Sword Boomerang+1","Thunderclap+1","Clash+1"],"picked":"SKIP","floor":28.0},{"not_picked":["Sword Boomerang+1","Feel No Pain"],"picked":"Headbutt+1","floor":29.0},{"not_picked":["Fire Breathing","Berserk","Pommel Strike+1"],"picked":"SKIP","floor":31.0},{"not_picked":["Exhume+1","Dark Embrace"],"picked":"Offering+1","floor":33.0},{"not_picked":["Sword Boomerang+1","Bloodletting+1","Blood for Blood+1"],"picked":"SKIP","floor":35.0},{"not_picked":["Shrug It Off+1","Wild Strike+1","Carnage+1"],"picked":"SKIP","floor":38.0},{"not_picked":["Havoc+1","Anger+1","Thunderclap+1"],"picked":"SKIP","floor":39.0},{"not_picked":["Clash+1","True Grit+1","Rage+1"],"picked":"SKIP","floor":40.0},{"not_picked":["Ghostly Armor+1","Spot Weakness+1"],"picked":"Limit Break+1","floor":41.0},{"not_picked":["Flex+1","Rampage+1"],"picked":"Heavy Blade+1","floor":45.0},{"not_picked":["Uppercut+1","Shockwave+1","Second Wind+1"],"picked":"SKIP","floor":47.0},{"not_picked":["Limit Break+1","Sword Boomerang+1","Infernal Blade+1"],"picked":"SKIP","floor":54}],"player_experience":302257,"relics_obtained":[{"floor":4.0,"key":"Molten Egg 2"},{"floor":5.0,"key":"Red Skull"},{"floor":6.0,"key":"Matryoshka"},{"floor":9.0,"key":"Toxic Egg 2"},{"floor":9.0,"key":"Darkstone Periapt"},{"floor":10.0,"key":"Smiling Mask"},{"floor":23.0,"key":"WingedGreaves"},{"floor":25.0,"key":"Oddly Smooth Stone"},{"floor":26.0,"key":"Art of War"},{"floor":26.0,"key":"Bottled Lightning"},{"floor":41.0,"key":"MawBank"},{"floor":45.0,"key":"Ice Cream"},{"floor":47.0,"key":"The Courier"},{"floor":54,"key":"War Paint"}],"event_choices":[{"damage_healed":0.0,"max_hp_gain":0.0,"max_hp_loss":0.0,"gold_gain":0.0,"event_name":"The Cleric","player_choice":"Leave","floor":3.0,"gold_loss":0.0,"damage_taken":0.0},{"damage_healed":0.0,"max_hp_gain":0.0,"max_hp_loss":0.0,"gold_gain":0.0,"event_name":"Upgrade Shrine","player_choice":"Upgraded","floor":37.0,"gold_loss":0.0,"damage_taken":0.0,"cards_upgraded":["Evolve"]},{"damage_healed":0.0,"max_hp_gain":0.0,"max_hp_loss":0.0,"gold_gain":0.0,"event_name":"The Moai Head","player_choice":"Ignored","floor":46.0,"gold_loss":0.0,"damage_taken":0.0},{"cards_removed":["Strike_R"],"damage_healed":0.0,"max_hp_gain":0.0,"max_hp_loss":0.0,"gold_gain":0.0,"event_name":"Purifier","player_choice":"Purged","floor":48.0,"gold_loss":0.0,"damage_taken":0.0}],"is_beta":false,"boss_relics":[{"not_picked":["Ectoplasm","White Beast Statue"],"picked":"Mark of Pain"},{"not_picked":["Runic Cube","Snecko Eye"],"picked":"Fusion Hammer"}],"items_purged_floors":[2,21,36],"is_endless":false,"potions_floor_spawned":[10,12,13,19,22,25,28,31,35,40,45],"killed_by":"The Heart","ascension_level":3}