{"gold_per_floor":[110,125,275,33,33,33,33,61,61,80,109,121,121,155,155,230,230,248,248,228,2,19,19,47,47,47,47,67,97,113,125,125,125],"floor_reached":33,"playtime":1445,"items_purged":["Doubt","Shame"],"score":640,"play_id":"1ea7a7e6-ebd0-4547-9660-eab5f0bced15","local_time":"20181016202411","is_ascension_mode":true,"campfire_choices":[{"data":"Rip and Tear","floor":6.0,"key":"SMITH"},{"floor":13.0,"key":"REST"},{"data":"Loop","floor":15.0,"key":"SMITH"},{"data":"Dualcast","floor":23.0,"key":"SMITH"},{"data":"Biased Cognition","floor":25.0,"key":"SMITH"},{"floor":32,"key":"REST"}],"neow_cost":"CURSE","seed_source_timestamp":0,"circlet_count":0,"master_deck":["Strike_B","Strike_B","Strike_B","Strike_B","Defend_B","Defend_B","Defend_B+1","Defend_B","Zap+1","Dualcast+1","AscendersBane","Echo Form","Go for the Eyes","Rip and Tear+1","BootSequence+1","Stack+1","Hologram+1","Glacier+1","Loop+1","Biased Cognition+1","FTL","Conserve Battery+1","Seek+1"],"special_seed":0,"relics":["Cracked Core","Bag of Preparation","Pocketwatch","Toxic Egg 2","Smiling Mask","War Paint","Sozu","DataDisk","Sundial","Bag of Marbles","Molten Egg 2","Omamori"],"potions_floor_usage":[],"damage_taken":[{"damage":10.0,"enemies":"Small Slimes","floor":1.0,"turns":3.0},{"damage":10.0,"enemies":"Jaw Worm","floor":2.0,"turns":4.0},{"damage":32.0,"enemies":"3 Sentries","floor":8.0,"turns":7.0},{"damage":0.0,"enemies":"2 Louse","floor":10.0,"turns":2.0},{"damage":11.0,"enemies":"Gremlin Nob","floor":11.0,"turns":3.0},{"damage":0.0,"enemies":"Large Slime","floor":12.0,"turns":4.0},{"damage":8.0,"enemies":"Lagavulin","floor":14.0,"turns":5.0},{"damage":11.0,"enemies":"The Guardian","floor":16.0,"turns":14.0},{"damage":0.0,"enemies":"Shell Parasite","floor":18.0,"turns":4.0},{"damage":7.0,"enemies":"Colosseum Slavers","floor":19.0,"turns":4.0},{"damage":0.0,"enemies":"Chosen","floor":22.0,"turns":3.0},{"damage":0.0,"enemies":"Gremlin Leader","floor":24.0,"turns":6.0},{"damage":9,"enemies":"Centurion and Healer","floor":28,"turns":4},{"damage":15,"enemies":"Slavers","floor":29,"turns":6},{"damage":6,"enemies":"Snake Plant","floor":30,"turns":3},{"damage":0,"enemies":"Snecko","floor":31,"turns":4},{"damage":38,"enemies":"Collector","floor":33,"turns":5}],"seed_played":"3187025726124972477","potions_obtained":[{"floor":1.0,"key":"Explosive Potion"},{"floor":10.0,"key":"PowerPotion"},{"floor":14.0,"key":"FearPotion"},{"floor":16.0,"key":"FearPotion"}],"is_trial":false,"path_per_floor":["M","M","?","$","?","R","$","E","T","M","E","M","R","E","R","B",null,"M","?","?","$","M","R","E","R","T","?","M","E","M","M","R"],"character_chosen":"DEFECT","items_purchased":["Bag of Preparation","DataDisk"],"campfire_rested":2,"item_purchase_floors":[4,21],"current_hp_per_floor":[54,44,44,44,44,44,44,12,12,12,1,1,22,14,14,3,54,54,47,47,47,47,47,47,47,47,47,38,23,17,17,38,0],"gold":125,"neow_bonus":"THREE_RARE_CARDS","is_prod":false,"is_daily":false,"chose_seed":false,"campfire_upgraded":4,"win_rate":0,"timestamp":1539714251,"path_taken":["M","M","?","$","?","R","$","E","T","M","E","?","R","E","R","BOSS","M","?","?","$","M","R","E","R","T","?","M","E","M","?","R","BOSS"],"build_version":"2018-10-11","purchased_purges":2,"victory":false,"max_hp_per_floor":[71,71,71,71,71,71,71,71,71,71,71,71,71,71,71,71,71,71,71,71,71,71,71,71,71,71,71,71,71,71,71,71,71],"card_choices":[{"not_picked":["Buffer","Amplify"],"picked":"Echo Form","floor":0.0},{"not_picked":["Stack","Turbo"],"picked":"Go for the Eyes","floor":1.0},{"not_picked":["Barrage","Steam"],"picked":"Rip and Tear","floor":2.0},{"not_picked":["Fusion","Recycle"],"picked":"BootSequence","floor":8.0},{"not_picked":["Blizzard","Rebound"],"picked":"Stack+1","floor":10.0},{"not_picked":["Capacitor","BootSequence+1"],"picked":"Hologram+1","floor":11.0},{"not_picked":["Compile Driver","Echo Form"],"picked":"Glacier+1","floor":12.0},{"not_picked":["Gash","Undo+1"],"picked":"Loop","floor":14.0},{"not_picked":["Reboot+1","Hyperbeam"],"picked":"Biased Cognition","floor":16.0},{"not_picked":["Cold Snap","Steam+1"],"picked":"FTL","floor":18.0},{"not_picked":["Gash+1","Steam+1","Leap+1"],"picked":"SKIP","floor":22.0},{"not_picked":["Echo Form","Compile Driver","Hyperbeam"],"picked":"SKIP","floor":24.0},{"not_picked":["Go for the Eyes+1","Storm+1"],"picked":"Conserve Battery+1","floor":28},{"not_picked":["Cold Snap+1","Hello World"],"picked":"Seek+1","floor":29},{"not_picked":["Conserve Battery+1","Capacitor","Sweeping Beam+1"],"picked":"SKIP","floor":30},{"not_picked":["Go for the Eyes+1","Steam+1","Darkness+1"],"picked":"SKIP","floor":31}],"player_experience":836346,"relics_obtained":[{"floor":8.0,"key":"Pocketwatch"},{"floor":9.0,"key":"Toxic Egg 2"},{"floor":11.0,"key":"Smiling Mask"},{"floor":14.0,"key":"War Paint"},{"floor":24.0,"key":"Sundial"},{"floor":26.0,"key":"Bag of Marbles"},{"floor":27.0,"key":"Molten Egg 2"},{"floor":29,"key":"Omamori"}],"event_choices":[{"event_name":"Liars Game","player_choice":"agreed","floor":3.0,"damage_taken":0.0},{"event_name":"Upgrade Shrine","player_choice":"Upgraded","floor":5.0,"damage_taken":0.0},{"event_name":"Colosseum","player_choice":"Fight","floor":19.0,"damage_taken":0.0},{"event_name":"Colosseum","player_choice":"Fled From Nobs","floor":19.0,"damage_taken":0.0},{"event_name":"The Woman in Blue","player_choice":"Bought 1 Potion","floor":20.0,"damage_taken":0.0},{"event_name":"Wheel of Change","player_choice":"Relic","floor":27.0,"damage_taken":0.0}],"is_beta":false,"boss_relics":[{"not_picked":["Tiny House","Calling Bell"],"picked":"Sozu"}],"items_purged_floors":[4,21],"is_endless":false,"potions_floor_spawned":[1,10,14,16,19,24,29],"killed_by":"Collector","ascension_level":19}