{"gold_per_floor":[112,31,31,31,43,76,92,35,58,124,124,159,159,171,171,246,246,259,149,149,129],"floor_reached":21,"playtime":975,"items_purged":[],"score":420,"play_id":"34d58b1a-855d-44ee-b2fd-7950c03852f1","local_time":"20190316232959","is_ascension_mode":true,"campfire_choices":[{"data":"Armaments","floor":13,"key":"SMITH"},{"data":"Feed","floor":15,"key":"SMITH"}],"neow_cost":"NONE","seed_source_timestamp":311872891961709,"circlet_count":0,"master_deck":["AscendersBane","Strike_R","Strike_R","Strike_R","Strike_R","Defend_R","Defend_R","Defend_R","Defend_R","Bash","Feel No Pain","Spot Weakness+1","Spot Weakness+1","Iron Wave","Feed+1","Armaments+1","Cleave","Seeing Red","Juggernaut","Evolve+1"],"relics":["Burning Blood","NeowsBlessing","NlothsMask","War Paint","Ginger","Juzu Bracelet","Velvet Choker"],"potions_floor_usage":[12,16,16],"damage_taken":[{"damage":0,"enemies":"Small Slimes","floor":1,"turns":1},{"damage":0,"enemies":"Cultist","floor":5,"turns":1},{"damage":0,"enemies":"Lagavulin","floor":6,"turns":2},{"damage":6,"enemies":"2 Louse","floor":7,"turns":3},{"damage":14,"enemies":"3 Sentries","floor":12,"turns":8},{"damage":13,"enemies":"Blue Slaver","floor":14,"turns":5},{"damage":64,"enemies":"The Guardian","floor":16,"turns":14},{"damage":32,"enemies":"3 Byrds","floor":18,"turns":6},{"damage":11,"enemies":"2 Thieves","floor":21,"turns":1}],"seed_played":"-6015181952026014115","potions_obtained":[{"floor":5,"key":"PowerPotion"},{"floor":6,"key":"SkillPotion"},{"floor":12,"key":"Explosive Potion"}],"is_trial":false,"path_per_floor":["M","$","?","$","M","E","M","$","T","?","T","E","R","M","R","B",null,"M","?","$","M"],"character_chosen":"IRONCLAD","items_purchased":["Spot Weakness","Armaments"],"campfire_rested":0,"item_purchase_floors":[2,8],"current_hp_per_floor":[74,74,74,74,75,75,75,75,75,75,75,70,70,67,67,9,64,38,38,38,27],"gold":129,"neow_bonus":"THREE_ENEMY_KILL","is_prod":false,"is_daily":false,"chose_seed":false,"campfire_upgraded":2,"win_rate":0,"timestamp":1552804199,"path_taken":["M","$","?","$","M","E","M","?","T","?","?","E","R","M","R","BOSS","M","?","?","M"],"build_version":"2019-01-23","purchased_purges":0,"victory":false,"max_hp_per_floor":[75,75,75,75,75,75,75,75,75,75,75,78,78,82,82,82,82,82,82,82,82],"card_choices":[{"not_picked":["Body Slam","Hemokinesis"],"picked":"Feel No Pain","floor":1},{"not_picked":["Sentinel","Disarm"],"picked":"Spot Weakness","floor":5},{"not_picked":["Thunderclap","Pommel Strike"],"picked":"Iron Wave","floor":6},{"not_picked":["Shrug It Off","Armaments"],"picked":"Feed","floor":7},{"not_picked":["Clothesline","Battle Trance"],"picked":"Cleave","floor":12},{"not_picked":["Twin Strike","Headbutt"],"picked":"Seeing Red","floor":14},{"not_picked":["Dark Embrace","Double Tap"],"picked":"Juggernaut","floor":16},{"not_picked":["Burning Pact","Thunderclap"],"picked":"Evolve","floor":18}],"player_experience":248357,"relics_obtained":[{"floor":6,"key":"War Paint"},{"floor":11,"key":"Ginger"},{"floor":12,"key":"Juzu Bracelet"}],"event_choices":[{"damage_healed":0,"gold_gain":0,"player_choice":"Trade","damage_taken":0,"relics_obtained":["NlothsMask"],"max_hp_gain":0,"max_hp_loss":0,"event_name":"FaceTrader","floor":3,"gold_loss":0},{"damage_healed":0,"gold_gain":66,"player_choice":"Gained Gold","damage_taken":0,"max_hp_gain":0,"max_hp_loss":0,"event_name":"Golden Wing","floor":10,"gold_loss":0},{"cards_removed":["Strike_R"],"damage_healed":0,"gold_gain":0,"player_choice":"Upgrade and Remove","damage_taken":0,"max_hp_gain":0,"max_hp_loss":0,"event_name":"Designer","floor":19,"gold_loss":110,"cards_upgraded":["Evolve"]}],"is_beta":false,"boss_relics":[{"not_picked":["Orrery","Fusion Hammer"],"picked":"Velvet Choker"}],"items_purged_floors":[],"is_endless":false,"potions_floor_spawned":[5,6,12],"killed_by":"2 Thieves","ascension_level":20}