{"gold_per_floor":[111,130,80,80,127,153,153,172,172,190,201,235,235,267,267,364,364,379,379,479,506,506,531,545,545,545,545,579,598,234,244,244,343,343,362,584,143,159,174,208,208,242,242,262,314,31,31,64,64,64],"floor_reached":51,"playtime":2194,"items_purged":["Strike_R","Flex","Defend_R"],"score":929,"play_id":"dbc4fee6-a8f5-4134-98ec-696f104c9e67","local_time":"20190213134201","is_ascension_mode":true,"campfire_choices":[{"data":"Uppercut","floor":7.0,"key":"SMITH"},{"data":"Double Tap","floor":13.0,"key":"SMITH"},{"data":"Inflame","floor":15.0,"key":"SMITH"},{"data":"Juggernaut","floor":25.0,"key":"SMITH"},{"data":"Rage","floor":27.0,"key":"SMITH"},{"data":"Metallicize","floor":32,"key":"SMITH"},{"data":"Defend_R","floor":41,"key":"PURGE"},{"data":"Metallicize","floor":49,"key":"SMITH"}],"neow_cost":"TEN_PERCENT_HP_LOSS","seed_source_timestamp":0,"circlet_count":0,"master_deck":["Defend_R","Defend_R","Bash","Reaper+1","Uppercut+1","Inflame+1","Thunderclap+1","Double Tap+1","Metallicize+1","Juggernaut+1","Sever Soul+1","Rage+1","Second Wind","Shrug It Off","Feel No Pain","Metallicize+1","Flame Barrier","Impervious","Hemokinesis+1","Demon Form+1","Sword Boomerang+1","Battle Trance+1","Iron Wave+1","Metallicize","Writhe","Ghostly Armor+1"],"special_seed":0,"relics":["Burning Blood","Orichalcum","Juzu Bracelet","Charon\u0027s Ashes","Peace Pipe","Dodecahedron","Mark of Pain","Turnip","Nunchaku","The Courier","Red Mask","Dream Catcher","Question Card","Singing Bowl","Bronze Scales","Strange Spoon","Astrolabe","Bag of Preparation","Whetstone","Art of War","Gremlin Horn","Happy Flower","Pantograph","Ice Cream","Oddly Smooth Stone","Centennial Puzzle"],"potions_floor_usage":[29,29,42,50],"damage_taken":[{"damage":8.0,"enemies":"Small Slimes","floor":1.0,"turns":4.0},{"damage":1.0,"enemies":"Jaw Worm","floor":2.0,"turns":5.0},{"damage":19.0,"enemies":"3 Sentries","floor":6.0,"turns":8.0},{"damage":0.0,"enemies":"Cultist","floor":8.0,"turns":3.0},{"damage":1.0,"enemies":"Exordium Thugs","floor":10.0,"turns":4.0},{"damage":2.0,"enemies":"Looter","floor":11.0,"turns":3.0},{"damage":6.0,"enemies":"Gremlin Nob","floor":12.0,"turns":3.0},{"damage":14.0,"enemies":"Lagavulin","floor":14.0,"turns":5.0},{"damage":37.0,"enemies":"Hexaghost","floor":16.0,"turns":8.0},{"damage":4.0,"enemies":"Chosen","floor":18.0,"turns":4.0},{"damage":8.0,"enemies":"Colosseum Slavers","floor":20.0,"turns":3.0},{"damage":27.0,"enemies":"Colosseum Nobs","floor":20.0,"turns":5.0},{"damage":16.0,"enemies":"Masked Bandits","floor":21.0,"turns":5.0},{"damage":27.0,"enemies":"Book of Stabbing","floor":23.0,"turns":5.0},{"damage":12.0,"enemies":"2 Thieves","floor":24.0,"turns":4.0},{"damage":23.0,"enemies":"Gremlin Leader","floor":28.0,"turns":6.0},{"damage":10,"enemies":"Shelled Parasite and Fungi","floor":29,"turns":4},{"damage":13,"enemies":"Snecko","floor":31,"turns":6},{"damage":38,"enemies":"Champ","floor":33,"turns":11},{"damage":0,"enemies":"3 Shapes","floor":35,"turns":3},{"damage":23,"enemies":"3 Darklings","floor":38,"turns":8},{"damage":39,"enemies":"Transient","floor":39,"turns":5},{"damage":9,"enemies":"Giant Head","floor":40,"turns":6},{"damage":26,"enemies":"Reptomancer","floor":42,"turns":6},{"damage":22,"enemies":"Jaw Worm Horde","floor":44,"turns":3},{"damage":27,"enemies":"2 Orb Walkers","floor":45,"turns":5},{"damage":0,"enemies":"Nemesis","floor":48,"turns":5},{"damage":25,"enemies":"Donu and Deca","floor":50,"turns":8}],"seed_played":"-7513499424546107617","potions_obtained":[{"floor":8.0,"key":"Energy Potion"},{"floor":12.0,"key":"LiquidBronze"},{"floor":14.0,"key":"Swift Potion"},{"floor":20.0,"key":"Ancient Potion"},{"floor":21.0,"key":"Strength Potion"},{"floor":23.0,"key":"SmokeBomb"},{"floor":24.0,"key":"Fire Potion"},{"floor":28.0,"key":"GamblersBrew"},{"floor":29,"key":"Block Potion"},{"floor":38,"key":"LiquidBronze"},{"floor":39,"key":"Weak Potion"},{"floor":40,"key":"AttackPotion"},{"floor":44,"key":"FairyPotion"}],"is_trial":false,"path_per_floor":["M","M","?","?","T","E","R","M","T","M","M","E","R","E","R","B",null,"M","?","?","?","?","E","M","R","T","R","E","M","$","M","R","B",null,"M","?","$","M","M","E","R","E","T","M","?","$","?","E","R","B",null],"character_chosen":"IRONCLAD","items_purchased":["Metallicize","Bronze Scales","Strange Spoon","Bag of Preparation","Whetstone","Art of War","Oddly Smooth Stone","Metallicize"],"campfire_rested":0,"item_purchase_floors":[30,30,30,37,37,37,46,46],"current_hp_per_floor":[72,72,72,77,77,77,77,77,77,77,77,77,77,69,69,58,77,77,77,54,56,77,62,60,60,60,60,53,57,57,62,62,39,79,81,81,81,83,62,70,70,69,69,73,64,64,86,89,89,89],"gold":64,"neow_bonus":"THREE_RARE_CARDS","is_prod":false,"is_daily":false,"chose_seed":false,"campfire_upgraded":7,"win_rate":0,"timestamp":1550061721,"path_taken":["M","M","?","?","?","E","R","M","T","M","M","E","R","E","R","BOSS","M","?","?","?","?","E","M","R","T","R","E","M","$","M","R","BOSS","M","?","$","M","M","E","R","E","T","M","?","$","?","E","R","BOSS"],"build_version":"2019-01-23","purchased_purges":3,"victory":true,"max_hp_per_floor":[72,72,72,77,77,77,77,77,77,77,77,77,77,77,77,77,77,77,77,77,77,77,77,77,77,77,77,77,79,79,79,79,79,79,81,81,81,83,83,85,85,87,87,89,89,89,89,89,89,89],"card_choices":[{"not_picked":["Limit Break","Brutality"],"picked":"Reaper","floor":0.0},{"not_picked":["Anger","Iron Wave"],"picked":"Uppercut","floor":1.0},{"not_picked":["Warcry","Headbutt"],"picked":"Inflame","floor":2.0},{"not_picked":["Heavy Blade","True Grit"],"picked":"Flex","floor":6.0},{"not_picked":["Blood for Blood","Headbutt"],"picked":"Thunderclap","floor":8.0},{"not_picked":["Pommel Strike","Blood for Blood","Sentinel"],"picked":"SKIP","floor":10.0},{"not_picked":["Headbutt","Second Wind"],"picked":"Double Tap","floor":11.0},{"not_picked":["Sentinel","Power Through"],"picked":"Metallicize","floor":12.0},{"not_picked":["Searing Blow","Twin Strike","True Grit"],"picked":"SKIP","floor":14.0},{"not_picked":["Limit Break","Reaper"],"picked":"Juggernaut","floor":16.0},{"not_picked":["Armaments","Carnage"],"picked":"Sever Soul+1","floor":18.0},{"not_picked":["Body Slam","Warcry"],"picked":"Rage","floor":20.0},{"not_picked":["Combust","Wild Strike"],"picked":"Second Wind","floor":23.0},{"not_picked":["Sever Soul","Corruption"],"picked":"Shrug It Off","floor":24.0},{"not_picked":["Entrench+1","Pommel Strike","Reckless Charge"],"picked":"Feel No Pain","floor":28.0},{"not_picked":["Pommel Strike","Combust","Berserk","Armaments"],"picked":"Singing Bowl","floor":29},{"not_picked":["Cleave","Headbutt+1","Twin Strike"],"picked":"Flame Barrier","floor":31},{"not_picked":["Double Tap","Bludgeon","Feed"],"picked":"Impervious","floor":33},{"not_picked":["Searing Blow+1","Cleave","Flex","Flame Barrier+1"],"picked":"Singing Bowl","floor":35},{"not_picked":["Wild Strike","Sword Boomerang+1","Carnage+1","Clash"],"picked":"Singing Bowl","floor":38},{"not_picked":["Shrug It Off","Rupture","Feel No Pain"],"picked":"Battle Trance+1","floor":39},{"not_picked":["Rage","Havoc+1","Infernal Blade","Cleave+1"],"picked":"Singing Bowl","floor":40},{"not_picked":["Combust+1","Pummel+1","Anger","Rage+1"],"picked":"Singing Bowl","floor":42},{"not_picked":["Sentinel","Intimidate","Wild Strike","Dropkick"],"picked":"Singing Bowl","floor":44},{"not_picked":["Burning Pact","Anger+1","True Grit"],"picked":"Iron Wave+1","floor":45},{"not_picked":["Perfected Strike","Bludgeon","Bloodletting"],"picked":"Ghostly Armor+1","floor":48}],"player_experience":1064011,"relics_obtained":[{"floor":5.0,"key":"Orichalcum"},{"floor":6.0,"key":"Juzu Bracelet"},{"floor":9.0,"key":"Charon\u0027s Ashes"},{"floor":12.0,"key":"Peace Pipe"},{"floor":14.0,"key":"Dodecahedron"},{"floor":20.0,"key":"Nunchaku"},{"floor":20.0,"key":"The Courier"},{"floor":21.0,"key":"Red Mask"},{"floor":23.0,"key":"Dream Catcher"},{"floor":26.0,"key":"Question Card"},{"floor":28.0,"key":"Singing Bowl"},{"floor":40,"key":"Gremlin Horn"},{"floor":42,"key":"Happy Flower"},{"floor":43,"key":"Pantograph"},{"floor":45,"key":"Ice Cream"},{"floor":48,"key":"Centennial Puzzle"}],"event_choices":[{"cards_removed":["Strike_R"],"damage_healed":0.0,"max_hp_gain":0.0,"max_hp_loss":0.0,"gold_gain":0.0,"event_name":"The Cleric","player_choice":"Card Removal","floor":3.0,"gold_loss":50.0,"damage_taken":0.0},{"damage_healed":0.0,"max_hp_gain":5.0,"max_hp_loss":0.0,"gold_gain":0.0,"event_name":"Big Fish","player_choice":"Donut","floor":4.0,"gold_loss":0.0,"damage_taken":0.0},{"damage_healed":0.0,"max_hp_gain":0.0,"max_hp_loss":0.0,"gold_gain":0.0,"event_name":"WeMeetAgain","player_choice":"Gave Potion","floor":19.0,"gold_loss":0.0,"damage_taken":0.0,"relics_obtained":["Turnip"]},{"damage_healed":0.0,"max_hp_gain":0.0,"max_hp_loss":0.0,"gold_gain":0.0,"event_name":"Colosseum","player_choice":"Fight","floor":20.0,"gold_loss":0.0,"damage_taken":0.0},{"damage_healed":0.0,"max_hp_gain":0.0,"max_hp_loss":0.0,"gold_gain":0.0,"event_name":"Colosseum","player_choice":"Fought Nobs","floor":20.0,"gold_loss":0.0,"damage_taken":0.0},{"damage_healed":0.0,"max_hp_gain":0.0,"max_hp_loss":0.0,"gold_gain":0.0,"event_name":"Masked Bandits","player_choice":"Fought Bandits","floor":21.0,"gold_loss":0.0,"damage_taken":0.0},{"damage_healed":25.0,"max_hp_gain":0.0,"max_hp_loss":0.0,"gold_gain":0.0,"event_name":"The Library","player_choice":"Heal","floor":22.0,"gold_loss":0.0,"damage_taken":0.0},{"damage_healed":0,"gold_gain":222,"player_choice":"Wore Mask","damage_taken":0,"max_hp_gain":0,"max_hp_loss":0,"event_name":"Tomb of Lord Red Mask","floor":36,"gold_loss":0},{"damage_healed":0,"gold_gain":0,"player_choice":"Fight","damage_taken":0,"max_hp_gain":0,"max_hp_loss":0,"event_name":"Mysterious Sphere","floor":45,"gold_loss":0},{"damage_healed":22,"gold_gain":0,"player_choice":"Writhe","damage_taken":0,"max_hp_gain":0,"max_hp_loss":0,"event_name":"Winding Halls","floor":47,"gold_loss":0,"cards_obtained":["Writhe"]}],"is_beta":false,"boss_relics":[{"not_picked":["Calling Bell","Black Blood"],"picked":"Mark of Pain"},{"not_picked":["Runic Cube","Lizard Tail"],"picked":"Astrolabe"}],"items_purged_floors":[30,37,46],"is_endless":false,"potions_floor_spawned":[8,12,14,20,21,23,24,28,29,38,39,40,44,48],"ascension_level":1}