{"gold_per_floor":[109,109,127,127,127,127,155,155,179,179,197,197,229,243,243,320,320,335,335,260,219,50,50,78,78,78,104,119,148,162,162,162,236,236,255,255,255,269,13,13,43,53,53,86,133,160,160,60,60,60],"floor_reached":51,"playtime":2273,"items_purged":["Writhe","Venomology"],"score":1661,"play_id":"2b652079-c46a-4287-bba9-47faf432bfd7","local_time":"20181003224926","is_ascension_mode":true,"campfire_choices":[{"data":"Neutralize","floor":6.0,"key":"SMITH"},{"data":"Corpse Explosion","floor":10.0,"key":"SMITH"},{"data":"Footwork","floor":12.0,"key":"SMITH"},{"data":"Malaise","floor":15.0,"key":"SMITH"},{"data":"Noxious Fumes","floor":23,"key":"SMITH"},{"data":"Backflip","floor":25,"key":"SMITH"},{"data":"Wraith Form v2","floor":32,"key":"SMITH"},{"data":"A Thousand Cuts","floor":40,"key":"SMITH"},{"data":"Prepared","floor":47,"key":"SMITH"},{"floor":49,"key":"REST"}],"neow_cost":"NONE","seed_source_timestamp":430119343242513,"circlet_count":0,"master_deck":["Defend_G","Defend_G","Defend_G","Defend_G","Defend_G","Strike_G+1","Strike_G+1","Strike_G","Strike_G","Survivor","Neutralize+1","AscendersBane","Corpse Explosion+1","Bouncing Flask+1","Deflect","Flying Knee","Footwork+1","Malaise+1","Backflip+1","Outmaneuver","Noxious Fumes+1","Concentrate+1","Wraith Form v2+1","Backstab","A Thousand Cuts+1","Prepared+1","Master of Strategy","Deadly Poison+1","PiercingWail","Slice"],"special_seed":0,"relics":["Ring of the Snake","Lantern","Dream Catcher","Ice Cream","Sozu","Meat on the Bone","Bronze Scales","FossilizedHelix","Gremlin Horn","Mummified Hand","Pocketwatch","Runic Pyramid","PreservedInsect","Potion Belt","Juzu Bracelet","Nunchaku","Turnip","Whetstone"],"potions_floor_usage":[16],"damage_taken":[{"damage":9.0,"enemies":"Jaw Worm","floor":1.0,"turns":5.0},{"damage":4.0,"enemies":"Cultist","floor":3.0,"turns":3.0},{"damage":30.0,"enemies":"Gremlin Nob","floor":7.0,"turns":5.0},{"damage":0.0,"enemies":"Small Slimes","floor":11.0,"turns":2.0},{"damage":26.0,"enemies":"3 Sentries","floor":13.0,"turns":8.0},{"damage":0.0,"enemies":"Blue Slaver","floor":14.0,"turns":4.0},{"damage":24,"enemies":"Slime Boss","floor":16,"turns":11},{"damage":13,"enemies":"Shell Parasite","floor":18,"turns":6},{"damage":30,"enemies":"Slavers","floor":24,"turns":3},{"damage":19,"enemies":"Book of Stabbing","floor":27,"turns":5},{"damage":0,"enemies":"3 Byrds","floor":28,"turns":3},{"damage":24,"enemies":"Gremlin Leader","floor":29,"turns":6},{"damage":0,"enemies":"Snake Plant","floor":30,"turns":4},{"damage":0,"enemies":"Colosseum Slavers","floor":31,"turns":3},{"damage":37,"enemies":"Champ","floor":33,"turns":13},{"damage":9,"enemies":"3 Darklings","floor":35,"turns":4},{"damage":11,"enemies":"3 Shapes","floor":38,"turns":3},{"damage":19,"enemies":"2 Orb Walkers","floor":41,"turns":3},{"damage":0,"enemies":"Maw","floor":42,"turns":7},{"damage":0,"enemies":"Giant Head","floor":44,"turns":8},{"damage":9,"enemies":"Mysterious Sphere","floor":45,"turns":4},{"damage":12,"enemies":"2 Orb Walkers","floor":46,"turns":3},{"damage":33,"enemies":"Awakened One","floor":50,"turns":14}],"seed_played":"1724300144642950940","potions_obtained":[{"floor":1.0,"key":"Block Potion"},{"floor":13.0,"key":"Regen Potion"}],"is_trial":false,"path_per_floor":["M","?","M","?","?","R","E","?","T","R","M","R","E","M","R","B",null,"M","?","?","$","$","R","E","R","T","E","M","E","M","?","R","B",null,"M","?","?","M","$","R","E","M","T","E","?","E","R","$","R","B"],"character_chosen":"THE_SILENT","items_purchased":["Noxious Fumes","Bronze Scales","PreservedInsect"],"campfire_rested":1,"item_purchase_floors":[21,22,39],"current_hp_per_floor":[50,50,46,39,61,61,31,66,66,66,66,66,40,40,40,31,57,44,44,44,44,44,44,26,26,26,19,31,19,31,43,43,18,54,45,58,58,47,47,47,40,40,40,40,43,43,43,43,62,41],"gold":60,"neow_bonus":"ONE_RANDOM_RARE_CARD","is_prod":false,"is_daily":false,"chose_seed":false,"campfire_upgraded":9,"win_rate":0,"timestamp":1538599766,"path_taken":["M","?","M","?","?","R","E","?","T","R","M","R","E","M","R","BOSS","M","?","?","?","$","R","E","R","T","E","?","E","M","?","R","BOSS","M","?","?","M","$","R","E","?","T","E","?","E","R","$","R","BOSS"],"build_version":"2018-09-27","purchased_purges":2,"victory":true,"max_hp_per_floor":[66,66,66,66,66,66,66,66,66,66,66,66,66,66,66,66,66,66,66,66,66,66,66,66,66,66,66,66,66,66,66,66,66,66,66,66,66,66,66,66,66,66,66,66,66,66,66,66,66,66],"card_choices":[{"not_picked":["Distraction","Catalyst"],"picked":"Bouncing Flask","floor":1.0},{"not_picked":["Expertise","Dagger Throw"],"picked":"Deflect","floor":3.0},{"not_picked":["Blade Dance","Acrobatics"],"picked":"Flying Knee","floor":7.0},{"not_picked":["Masterful Stab","Acrobatics"],"picked":"Footwork","floor":11.0},{"not_picked":["Setup","Dodge and Roll"],"picked":"Malaise","floor":13.0},{"not_picked":["Poisoned Stab","Quick Slash"],"picked":"Backflip","floor":14.0},{"not_picked":["Storm of Steel","Wraith Form v2"],"picked":"Venomology","floor":16},{"not_picked":["Dagger Spray+1","Acrobatics"],"picked":"Outmaneuver","floor":18},{"not_picked":["Blade Dance","Bane"],"picked":"Concentrate+1","floor":24},{"not_picked":["Calculated Gamble","Choke"],"picked":"Wraith Form v2","floor":27},{"not_picked":["Flying Knee","Sucker Punch","Dash"],"picked":"SKIP","floor":28},{"not_picked":["Outmaneuver","Envenom","Underhanded Strike+1"],"picked":"SKIP","floor":29},{"not_picked":["Outmaneuver","Accuracy"],"picked":"Backstab","floor":30},{"not_picked":["Malaise","Envenom"],"picked":"A Thousand Cuts","floor":33},{"not_picked":["Flying Knee","Predator"],"picked":"Prepared","floor":35},{"not_picked":["Trip","Thinking Ahead"],"picked":"Master of Strategy","floor":37},{"not_picked":["Poisoned Stab","Cloak And Dagger","Dagger Spray"],"picked":"SKIP","floor":38},{"not_picked":["Cloak And Dagger","Dagger Throw","Poisoned Stab"],"picked":"SKIP","floor":41},{"not_picked":["Dagger Spray+1","Quick Slash","Finisher"],"picked":"SKIP","floor":42},{"not_picked":["Finisher","Reflex"],"picked":"Deadly Poison+1","floor":44},{"not_picked":["Outmaneuver","Noxious Fumes"],"picked":"PiercingWail","floor":46},{"not_picked":["Quick Slash","Outmaneuver"],"picked":"Slice","floor":49}],"player_experience":806563,"relics_obtained":[{"floor":7.0,"key":"Lantern"},{"floor":9.0,"key":"Dream Catcher"},{"floor":13.0,"key":"Ice Cream"},{"floor":24,"key":"FossilizedHelix"},{"floor":26,"key":"Gremlin Horn"},{"floor":27,"key":"Mummified Hand"},{"floor":29,"key":"Pocketwatch"},{"floor":41,"key":"Potion Belt"},{"floor":43,"key":"Juzu Bracelet"},{"floor":44,"key":"Nunchaku"},{"floor":45,"key":"Turnip"},{"floor":46,"key":"Whetstone"}],"event_choices":[{"event_name":"Upgrade Shrine","player_choice":"Upgraded","floor":2.0,"damage_taken":0.0},{"event_name":"Golden Wing","player_choice":"Card Removal","floor":4.0,"damage_taken":0.0},{"event_name":"Big Fish","player_choice":"Banana","floor":5.0,"damage_taken":0.0},{"event_name":"Wheel of Change","player_choice":"Full Heal","floor":8.0,"damage_taken":0.0},{"event_name":"The Mausoleum","player_choice":"Yes","floor":19,"damage_taken":0},{"event_name":"Beggar","player_choice":"Gave Gold","floor":20,"damage_taken":0},{"event_name":"Colosseum","player_choice":"Fight","floor":31,"damage_taken":0},{"event_name":"Colosseum","player_choice":"Fled From Nobs","floor":31,"damage_taken":0},{"event_name":"Winding Halls","player_choice":"Writhe","floor":36,"damage_taken":0},{"event_name":"SensoryStone","player_choice":"Memory 1","floor":37,"damage_taken":0},{"event_name":"Mysterious Sphere","player_choice":"Fight","floor":45,"damage_taken":0}],"is_beta":false,"boss_relics":[{"not_picked":["Ectoplasm","Ring of the Serpent"],"picked":"Sozu"},{"not_picked":["Orrery","Eternal Feather"],"picked":"Runic Pyramid"}],"items_purged_floors":[39,48],"is_endless":false,"potions_floor_spawned":[1,13,24,27,28,38,42,46],"ascension_level":18}