{"gold_per_floor":[117,117,131,131,306,306,337,337,337,375,388,388,428,448,448,574,574,587,601,620,620,218,218,218,218,218,218,249,269,307,326,326,451,451,466,466,436,73,89,89,104,104,104,148,167,167,211,211,211,211,211,211,31,31],"floor_reached":54,"playtime":1999,"items_purged":["Doubt"],"score":1139,"play_id":"1aa951fb-c4f0-4b1d-b582-b6f9a42de077","local_time":"20190209161531","is_ascension_mode":true,"campfire_choices":[{"data":"Bash","floor":6,"key":"SMITH"},{"data":"1","floor":8,"key":"LIFT"},{"data":"2","floor":12,"key":"LIFT"},{"floor":15,"key":"REST"},{"data":"3","floor":23,"key":"LIFT"},{"data":"Spot Weakness","floor":25,"key":"SMITH"},{"data":"Infernal Blade","floor":27,"key":"SMITH"},{"data":"True Grit","floor":32,"key":"SMITH"},{"data":"Fiend Fire","floor":40,"key":"SMITH"},{"data":"Feel No Pain","floor":42,"key":"SMITH"},{"floor":46,"key":"REST"},{"floor":49,"key":"RECALL"},{"data":"Warcry","floor":52,"key":"SMITH"}],"neow_cost":"PERCENT_DAMAGE","seed_source_timestamp":564435757696310,"circlet_count":0,"master_deck":["AscendersBane","Strike_R+1","Strike_R+1","Strike_R+1","Strike_R+1","Strike_R+1","Defend_R+1","Defend_R+1","Defend_R+1","Defend_R+1","Bash+1","Uppercut+1","Feel No Pain+1","Metallicize","Sword Boomerang","Intimidate+1","Spot Weakness+1","Reckless Charge","Limit Break","Havoc+1","Shrug It Off+1","Infernal Blade+1","Finesse","Limit Break","True Grit+1","Warcry+1","Dropkick","Pummel","Thunderclap","Fiend Fire","Havoc+1","Metallicize","Fiend Fire+1","Disarm+1","Carnage+1","Corruption+1","Inflame","Regret","Rupture+1","True Grit+1","Clash+1","Demon Form"],"relics":["Burning Blood","Golden Idol","Girya","Torii","Blue Candle","Blood Vial","Mark of Pain","Paper Frog","Prayer Wheel","War Paint","Dodecahedron","Cursed Key","Incense Burner","Smiling Mask","Juzu Bracelet"],"potions_floor_usage":[10,14,16,28,30,33,37,41,41,44,48,50,50,50,54],"damage_taken":[{"damage":8,"enemies":"2 Louse","floor":1,"turns":3},{"damage":0,"enemies":"Small Slimes","floor":3,"turns":3},{"damage":30,"enemies":"Gremlin Nob","floor":7,"turns":5},{"damage":15,"enemies":"3 Sentries","floor":10,"turns":11},{"damage":1,"enemies":"Cultist","floor":11,"turns":3},{"damage":31,"enemies":"Lagavulin","floor":13,"turns":8},{"damage":10,"enemies":"Large Slime","floor":14,"turns":6},{"damage":37,"enemies":"The Guardian","floor":16,"turns":12},{"damage":26,"enemies":"2 Thieves","floor":18,"turns":5},{"damage":4,"enemies":"Shell Parasite","floor":19,"turns":4},{"damage":20,"enemies":"Shelled Parasite and Fungi","floor":20,"turns":4},{"damage":24,"enemies":"Slavers","floor":28,"turns":4},{"damage":0,"enemies":"Snake Plant","floor":29,"turns":2},{"damage":13,"enemies":"Gremlin Leader","floor":30,"turns":6},{"damage":2,"enemies":"Centurion and Healer","floor":31,"turns":4},{"damage":42,"enemies":"Collector","floor":33,"turns":8},{"damage":7,"enemies":"3 Darklings","floor":35,"turns":6},{"damage":9,"enemies":"Orb Walker","floor":39,"turns":3},{"damage":22,"enemies":"3 Darklings","floor":41,"turns":5},{"damage":30,"enemies":"Giant Head","floor":44,"turns":7},{"damage":19,"enemies":"Sphere and 2 Shapes","floor":45,"turns":6},{"damage":28,"enemies":"Reptomancer","floor":47,"turns":8},{"damage":39,"enemies":"Donu and Deca","floor":50,"turns":6},{"damage":84,"enemies":"Shield and Spear","floor":54,"turns":3}],"seed_played":"-5384590289802630624","potions_obtained":[{"floor":1,"key":"Energy Potion"},{"floor":13,"key":"Energy Potion"},{"floor":14,"key":"GamblersBrew"},{"floor":16,"key":"FairyPotion"},{"floor":18,"key":"GamblersBrew"},{"floor":20,"key":"Poison Potion"},{"floor":30,"key":"SteroidPotion"},{"floor":33,"key":"Weak Potion"},{"floor":37,"key":"Ancient Potion"},{"floor":37,"key":"Fruit Juice"},{"floor":39,"key":"Weak Potion"},{"floor":41,"key":"Weak Potion"},{"floor":47,"key":"Weak Potion"},{"floor":48,"key":"Fruit Juice"},{"floor":48,"key":"Regen Potion"},{"floor":48,"key":"EssenceOfSteel"}],"is_trial":false,"path_per_floor":["M","?","M","?","?","R","E","R","T","E","M","R","E","M","R","B",null,"M","M","M","?","$","R","?","R","T","R","E","M","E","M","R","B",null,"M","?","?","$","M","R","M","R","T","E","M","R","E","?","R","B",null,"R","$","E"],"character_chosen":"IRONCLAD","items_purchased":["Paper Frog","Finesse","Incense Burner","Fiend Fire","Block Potion","PowerPotion","GamblersBrew"],"campfire_rested":2,"item_purchase_floors":[22,22,38,38,53,53,53],"current_hp_per_floor":[65,65,71,71,71,71,47,47,47,38,43,43,18,16,42,13,70,52,56,44,44,44,44,44,44,44,44,28,36,31,37,37,14,70,71,71,76,76,75,75,61,61,61,39,28,55,35,40,40,24,77,77,77,0],"gold":31,"neow_bonus":"TWENTY_PERCENT_HP_BONUS","is_prod":false,"is_daily":false,"chose_seed":false,"campfire_upgraded":7,"win_rate":0,"timestamp":1549725331,"path_taken":["M","?","M","?","?","R","E","R","T","E","M","R","E","M","R","BOSS","M","M","M","?","$","R","?","R","T","R","E","M","E","?","R","BOSS","M","?","?","$","?","R","M","R","T","E","M","R","E","?","R","BOSS","R","$","E"],"build_version":"2019-01-23","purchased_purges":1,"victory":false,"max_hp_per_floor":[96,96,96,89,89,89,89,89,89,89,89,89,89,89,89,89,89,89,89,89,89,89,89,89,89,89,89,89,89,89,89,89,89,89,89,85,90,90,90,90,90,90,90,90,90,90,90,95,95,95,95,95,95,95],"card_choices":[{"not_picked":["Pommel Strike","Havoc"],"picked":"Uppercut","floor":1},{"not_picked":["Body Slam","Sword Boomerang"],"picked":"Feel No Pain","floor":3},{"not_picked":["Intimidate","Warcry"],"picked":"Metallicize","floor":7},{"not_picked":["Perfected Strike","Warcry"],"picked":"Sword Boomerang","floor":10},{"not_picked":["Clash","Heavy Blade"],"picked":"Intimidate","floor":11},{"not_picked":["Clash","Rupture"],"picked":"Spot Weakness","floor":13},{"not_picked":["Feel No Pain","Shrug It Off"],"picked":"Reckless Charge","floor":14},{"not_picked":["Fiend Fire","Brutality"],"picked":"Limit Break","floor":16},{"not_picked":["Intimidate+1","Combust"],"picked":"Havoc","floor":18},{"not_picked":["Twin Strike","Clothesline+1"],"picked":"Shrug It Off","floor":19},{"not_picked":["Havoc","Clothesline"],"picked":"Infernal Blade","floor":20},{"not_picked":["Berserk","Headbutt"],"picked":"Limit Break","floor":28},{"not_picked":["Heavy Blade","Cleave"],"picked":"True Grit","floor":29},{"not_picked":["Uppercut","Rupture"],"picked":"Warcry","floor":29},{"not_picked":["Headbutt","Body Slam"],"picked":"Dropkick","floor":30},{"not_picked":["Body Slam","Clash"],"picked":"Pummel","floor":31},{"not_picked":["Cleave+1","Pommel Strike+1"],"picked":"Thunderclap","floor":31},{"not_picked":["Berserk","Barricade"],"picked":"Fiend Fire","floor":33},{"not_picked":["Burning Pact","Thunderclap+1"],"picked":"Havoc+1","floor":35},{"not_picked":["Thunderclap+1","Spot Weakness"],"picked":"Metallicize","floor":35},{"not_picked":["Headbutt+1","Shrug It Off+1"],"picked":"Disarm+1","floor":39},{"not_picked":["Iron Wave+1","Thunderclap"],"picked":"Carnage+1","floor":39},{"not_picked":["Battle Trance","Havoc"],"picked":"Corruption+1","floor":41},{"not_picked":["Clothesline","Iron Wave+1"],"picked":"Inflame","floor":41},{"not_picked":["Whirlwind+1","Flex"],"picked":"Rupture+1","floor":44},{"not_picked":["Clash","Fire Breathing"],"picked":"True Grit+1","floor":45},{"not_picked":["Twin Strike","Shrug It Off"],"picked":"Clash+1","floor":45},{"not_picked":["Iron Wave","Perfected Strike"],"picked":"Demon Form","floor":47}],"player_experience":1012102,"relics_obtained":[{"floor":7,"key":"Girya"},{"floor":9,"key":"Torii"},{"floor":10,"key":"Blue Candle"},{"floor":13,"key":"Blood Vial"},{"floor":26,"key":"Prayer Wheel"},{"floor":28,"key":"War Paint"},{"floor":30,"key":"Dodecahedron"},{"floor":44,"key":"Smiling Mask"},{"floor":47,"key":"Juzu Bracelet"}],"event_choices":[{"damage_healed":0,"gold_gain":0,"player_choice":"Grow","damage_taken":0,"max_hp_gain":0,"max_hp_loss":0,"event_name":"Living Wall","floor":2,"gold_loss":0,"cards_upgraded":["Uppercut"]},{"damage_healed":0,"gold_gain":0,"player_choice":"Lose Max HP","damage_taken":0,"relics_obtained":["Golden Idol"],"max_hp_gain":0,"max_hp_loss":7,"event_name":"Golden Idol","floor":4,"gold_loss":0},{"damage_healed":0,"gold_gain":175,"player_choice":"AGREE","damage_taken":0,"max_hp_gain":0,"max_hp_loss":0,"event_name":"Liars Game","floor":5,"gold_loss":0,"cards_obtained":["Doubt"]},{"damage_healed":0,"gold_gain":0,"player_choice":"Simplicity","damage_taken":0,"max_hp_gain":0,"max_hp_loss":0,"event_name":"Back to Basics","floor":21,"gold_loss":0,"cards_upgraded":["Strike_R","Strike_R","Strike_R","Strike_R","Strike_R","Defend_R","Defend_R","Defend_R","Defend_R"]},{"damage_healed":0,"gold_gain":0,"player_choice":"Forge","damage_taken":0,"max_hp_gain":0,"max_hp_loss":0,"event_name":"Accursed Blacksmith","floor":24,"gold_loss":0,"cards_upgraded":["Havoc"]},{"damage_healed":0,"gold_gain":0,"player_choice":"Max HP","damage_taken":0,"max_hp_gain":0,"max_hp_loss":4,"event_name":"Winding Halls","floor":36,"gold_loss":0},{"damage_healed":0,"gold_gain":0,"player_choice":"Bought 2 Potions","damage_taken":0,"max_hp_gain":0,"max_hp_loss":0,"event_name":"The Woman in Blue","floor":37,"gold_loss":0},{"damage_healed":0,"gold_gain":0,"player_choice":"Got Potions","damage_taken":0,"max_hp_gain":0,"max_hp_loss":0,"event_name":"Lab","floor":48,"gold_loss":0}],"is_beta":false,"boss_relics":[{"not_picked":["Runic Cube","Snecko Eye"],"picked":"Mark of Pain"},{"not_picked":["Calling Bell","Fusion Hammer"],"picked":"Cursed Key"}],"items_purged_floors":[22],"is_endless":false,"potions_floor_spawned":[1,13,14,16,18,20,30,33,39,41,47],"killed_by":"Shield and Spear","ascension_level":10}