{"gold_per_floor":[10,10,28,28,28,28,62,74,167,179,202,226,256,295,307,391,403,427,458,18,18,32,32],"floor_reached":23,"playtime":734,"items_purged":["Strike_R"],"score":392,"play_id":"97607712-c064-41ae-a342-48c51909ea90","local_time":"20190127112024","is_ascension_mode":true,"campfire_choices":[{"data":"Wild Strike","floor":6,"key":"SMITH"},{"data":"Cleave","floor":8,"key":"SMITH"},{"data":"Bash","floor":10,"key":"SMITH"},{"data":"Disarm","floor":15,"key":"SMITH"}],"neow_cost":"NO_GOLD","seed_source_timestamp":1526980668483690,"circlet_count":0,"master_deck":["AscendersBane","Strike_R","Strike_R","Strike_R","Strike_R","Defend_R","Defend_R","Defend_R","Defend_R","Bash+1","Disarm+1","Wild Strike+1","Cleave+1","Searing Blow+1","Thunderclap+1","Offering+1","Twin Strike+1","Hemokinesis+1","Decay","Second Wind+1"],"special_seed":0,"relics":["Burning Blood","Du-Vu Doll","MawBank","Molten Egg 2","Toxic Egg 2","Runic Cube","Toolbox"],"potions_floor_usage":[7,7,16,20,23,23],"damage_taken":[{"damage":6,"enemies":"Jaw Worm","floor":1,"turns":4},{"damage":1,"enemies":"Cultist","floor":3,"turns":4},{"damage":10,"enemies":"Lagavulin","floor":7,"turns":4},{"damage":6,"enemies":"Small Slimes","floor":11,"turns":2},{"damage":8,"enemies":"3 Louse","floor":12,"turns":3},{"damage":2,"enemies":"2 Fungi Beasts","floor":13,"turns":2},{"damage":30,"enemies":"3 Sentries","floor":14,"turns":7},{"damage":41,"enemies":"Hexaghost","floor":16,"turns":10},{"damage":33,"enemies":"2 Thieves","floor":18,"turns":3},{"damage":18,"enemies":"Chosen","floor":19,"turns":4},{"damage":10,"enemies":"Snecko","floor":22,"turns":2},{"damage":31,"enemies":"Book of Stabbing","floor":23,"turns":3}],"seed_played":"-405673644913999001","potions_obtained":[{"floor":1,"key":"Swift Potion"},{"floor":2,"key":"SpeedPotion"},{"floor":2,"key":"Strength Potion"},{"floor":3,"key":"AttackPotion"},{"floor":12,"key":"Weak Potion"},{"floor":19,"key":"BloodPotion"},{"floor":22,"key":"Dexterity Potion"}],"is_trial":false,"path_per_floor":["M","?","M","$","?","R","E","R","T","R","M","M","M","E","R","B",null,"M","M","$","?","M","E"],"character_chosen":"IRONCLAD","items_purchased":["Hemokinesis+1","Toolbox","Fruit Juice"],"campfire_rested":0,"item_purchase_floors":[20,20,20],"current_hp_per_floor":[68,68,73,73,73,73,69,69,69,69,69,67,71,47,47,12,59,32,20,25,25,21,0],"gold":32,"neow_bonus":"ONE_RARE_RELIC","is_prod":false,"is_daily":false,"chose_seed":false,"campfire_upgraded":4,"win_rate":0,"timestamp":1548584424,"path_taken":["M","?","M","?","?","R","E","R","T","R","M","M","M","E","R","BOSS","M","M","$","?","M","E"],"build_version":"2019-01-23","purchased_purges":1,"victory":false,"max_hp_per_floor":[75,75,75,75,75,75,75,75,75,75,75,75,75,75,75,75,75,75,75,80,80,80,80],"card_choices":[{"not_picked":["Headbutt","Infernal Blade"],"picked":"Disarm","floor":1},{"not_picked":["Combust","Pommel Strike"],"picked":"Wild Strike","floor":3},{"not_picked":["Headbutt","Havoc"],"picked":"Cleave","floor":7},{"not_picked":["Body Slam+1","True Grit","Havoc"],"picked":"SKIP","floor":11},{"not_picked":["Dropkick+1","Burning Pact"],"picked":"Searing Blow+1","floor":12},{"not_picked":["Searing Blow+1","Barricade","Spot Weakness"],"picked":"SKIP","floor":13},{"not_picked":["Power Through","Entrench"],"picked":"Thunderclap+1","floor":14},{"not_picked":["Barricade","Limit Break+1"],"picked":"Offering+1","floor":16},{"not_picked":["Flame Barrier+1","Perfected Strike+1"],"picked":"Twin Strike+1","floor":18},{"not_picked":["Wild Strike+1","Thunderclap+1","Twin Strike+1"],"picked":"SKIP","floor":19},{"not_picked":["Clothesline+1","Battle Trance+1"],"picked":"Second Wind+1","floor":22}],"player_experience":945757,"relics_obtained":[{"floor":7,"key":"MawBank"},{"floor":9,"key":"Molten Egg 2"},{"floor":14,"key":"Toxic Egg 2"}],"event_choices":[{"damage_healed":0,"gold_gain":0,"player_choice":"Got Potions","damage_taken":0,"max_hp_gain":0,"max_hp_loss":0,"event_name":"Lab","floor":2,"gold_loss":0},{"damage_healed":0,"gold_gain":0,"player_choice":"Leave","damage_taken":0,"max_hp_gain":0,"max_hp_loss":0,"event_name":"The Cleric","floor":5,"gold_loss":0},{"damage_healed":0,"gold_gain":0,"player_choice":"Smashed Altar","damage_taken":0,"max_hp_gain":0,"max_hp_loss":0,"event_name":"Forgotten Altar","floor":21,"gold_loss":0,"cards_obtained":["Decay"]}],"is_beta":false,"boss_relics":[{"not_picked":["Black Star","Tiny House"],"picked":"Runic Cube"}],"items_purged_floors":[20],"is_endless":false,"potions_floor_spawned":[1,3,12,19,22],"killed_by":"Book of Stabbing","ascension_level":19}