{"gold_per_floor":[113,213,231,245,255,255,286,286,331,101,113,127,127,147,147,147],"floor_reached":16,"playtime":937,"items_purged":[],"score":104,"play_id":"ccf69cb3-b13c-4c22-af3a-c8251d2c74d5","local_time":"20190207213049","is_ascension_mode":false,"campfire_choices":[{"data":"Infinite Blades","floor":6,"key":"SMITH"},{"floor":8,"key":"REST"},{"floor":15,"key":"REST"}],"neow_cost":"NONE","seed_source_timestamp":96843518572384,"circlet_count":0,"master_deck":["Defend_G","Defend_G+1","Defend_G+1","Defend_G","Defend_G","Strike_G","Strike_G","Strike_G","Strike_G","Strike_G","Survivor","Neutralize","Die Die Die","Infinite Blades+1","Footwork","Bouncing Flask","Footwork","Bouncing Flask"],"relics":["Ring of the Snake","Blue Candle","Orichalcum","War Paint"],"potions_floor_usage":[7,16],"damage_taken":[{"damage":2,"enemies":"Small Slimes","floor":1,"turns":2},{"damage":0,"enemies":"Cultist","floor":3,"turns":3},{"damage":7,"enemies":"2 Louse","floor":4,"turns":3},{"damage":5,"enemies":"Blue Slaver","floor":5,"turns":4},{"damage":27,"enemies":"Lagavulin","floor":7,"turns":6},{"damage":11,"enemies":"3 Louse","floor":11,"turns":3},{"damage":9,"enemies":"Gremlin Gang","floor":12,"turns":4},{"damage":9,"enemies":"Lots of Slimes","floor":14,"turns":4},{"damage":44,"enemies":"Slime Boss","floor":16,"turns":10}],"seed_played":"7690567921261541003","potions_obtained":[{"floor":3,"key":"SmokeBomb"},{"floor":5,"key":"FearPotion"},{"floor":11,"key":"Regen Potion"},{"floor":14,"key":"Energy Potion"}],"is_trial":false,"path_per_floor":["M","?","M","M","M","R","E","R","T","$","M","M","?","M","R","B"],"character_chosen":"THE_SILENT","items_purchased":["War Paint","Footwork"],"campfire_rested":2,"item_purchase_floors":[10,10],"current_hp_per_floor":[68,68,68,61,56,56,29,50,50,50,39,30,30,21,42,0],"gold":147,"neow_bonus":"ONE_RANDOM_RARE_CARD","is_prod":false,"is_daily":false,"chose_seed":false,"campfire_upgraded":1,"win_rate":0.0,"timestamp":1549535449,"path_taken":["M","?","M","M","M","R","E","R","T","$","M","?","?","M","R","BOSS"],"build_version":"2019-01-23","purchased_purges":0,"victory":false,"max_hp_per_floor":[70,70,70,70,70,70,70,70,70,70,70,70,70,70,70,70],"card_choices":[{"not_picked":["Quick Slash","Cloak And Dagger"],"picked":"Infinite Blades","floor":1},{"not_picked":["Backflip","PiercingWail","Prepared"],"picked":"SKIP","floor":3},{"not_picked":["Dodge and Roll","Poisoned Stab"],"picked":"Footwork","floor":4},{"not_picked":["Crippling Poison","Eviscerate","Flying Knee"],"picked":"SKIP","floor":5},{"not_picked":["Flying Knee","Bane"],"picked":"Bouncing Flask","floor":7},{"not_picked":["Outmaneuver","Phantasmal Killer","Dash"],"picked":"SKIP","floor":11},{"not_picked":["Deflect","Slice","All Out Attack"],"picked":"SKIP","floor":12},{"not_picked":["Outmaneuver","Tactician"],"picked":"Bouncing Flask","floor":14}],"player_experience":155814,"relics_obtained":[{"floor":7,"key":"Blue Candle"},{"floor":9,"key":"Orichalcum"}],"event_choices":[{"damage_healed":0,"gold_gain":100,"player_choice":"Pray","damage_taken":0,"max_hp_gain":0,"max_hp_loss":0,"event_name":"Golden Shrine","floor":2,"gold_loss":0},{"damage_healed":0,"gold_gain":0,"player_choice":"Ignored","damage_taken":0,"max_hp_gain":0,"max_hp_loss":0,"event_name":"Liars Game","floor":13,"gold_loss":0}],"is_beta":false,"boss_relics":[],"items_purged_floors":[],"is_endless":false,"potions_floor_spawned":[3,5,11,14],"killed_by":"Slime Boss","ascension_level":0}