{"gold_per_floor":[110,125,125,151,167,167,180,28,28,28,28,28,55,73,73,178,178,193,203,203,103,119,148,148,148],"floor_reached":25,"playtime":2137,"items_purged":["Strike_G","Strike_G"],"score":246,"play_id":"edf9fc1e-10a1-4a38-aab7-ac8440036ae9","local_time":"20180630005139","is_ascension_mode":false,"campfire_choices":[{"data":"Neutralize","floor":6,"key":"SMITH"},{"data":"Noxious Fumes","floor":11,"key":"SMITH"},{"floor":15,"key":"REST"},{"floor":24,"key":"REST"}],"neow_cost":"","seed_source_timestamp":1461798788351993,"circlet_count":0,"master_deck":["Defend_G","Defend_G","Defend_G","Defend_G","Defend_G","Strike_G","Survivor","Neutralize+1","Bouncing Flask","Dagger Spray","Poisoned Stab","Poisoned Stab","Noxious Fumes+1","Poisoned Stab","Poisoned Stab"],"relics":["Ring of the Snake","Bronze Scales","Blood Vial","Shovel","The Specimen","Empty Cage","Ice Cream"],"potions_floor_usage":[23,23,23,25],"damage_taken":[{"damage":2,"enemies":"2 Louse","floor":1,"turns":3},{"damage":0,"enemies":"Jaw Worm","floor":2,"turns":3},{"damage":0,"enemies":"Small Slimes","floor":5,"turns":4},{"damage":4,"enemies":"Exordium Thugs","floor":7,"turns":4},{"damage":22,"enemies":"Gremlin Nob","floor":13,"turns":4},{"damage":0,"enemies":"Large Slime","floor":14,"turns":5},{"damage":17,"enemies":"Slime Boss","floor":16,"turns":9},{"damage":0,"enemies":"Chosen","floor":18,"turns":4},{"damage":10,"enemies":"Spheric Guardian","floor":19,"turns":4},{"damage":37,"enemies":"3 Cultists","floor":22,"turns":5},{"damage":24,"enemies":"Slavers","floor":23,"turns":4},{"damage":33,"enemies":"Gremlin Leader","floor":25,"turns":4}],"seed_played":"-630314547774499262","potions_obtained":[{"floor":5,"key":"FearPotion"},{"floor":13,"key":"Strength Potion"},{"floor":20,"key":"GhostInAJar"},{"floor":20,"key":"Block Potion"},{"floor":20,"key":"Explosive Potion"},{"floor":23,"key":"SteroidPotion"}],"is_trial":false,"path_per_floor":["M","M","?","T","M","R","M","$","T","?","R","$","E","M","R","B",null,"M","M","?","$","M","E","R"],"character_chosen":"THE_SILENT","items_purchased":["Noxious Fumes"],"campfire_rested":2,"item_purchase_floors":[8],"current_hp_per_floor":[68,68,56,56,58,58,56,56,56,61,61,61,41,43,65,50,75,75,65,65,65,30,8,30,0],"gold":148,"neow_bonus":"","is_prod":false,"is_daily":false,"chose_seed":false,"campfire_upgraded":2,"win_rate":0.0,"timestamp":1530334299,"path_taken":["M","M","?","?","M","R","M","$","T","?","R","?","E","M","R","BOSS","M","M","?","$","M","E","R","E"],"build_version":"2018-06-28","purchased_purges":2,"victory":false,"max_hp_per_floor":[70,70,70,70,70,70,70,70,70,75,75,75,75,75,75,75,75,75,75,75,75,75,75,75,75],"card_choices":[{"not_picked":["Slice","Cloak And Dagger"],"picked":"Bouncing Flask","floor":1},{"not_picked":["Acrobatics","Poisoned Stab"],"picked":"Dagger Spray","floor":2},{"not_picked":["Terror","Prepared"],"picked":"Poisoned Stab","floor":5},{"not_picked":["Prepared","Masterful Stab"],"picked":"Poisoned Stab","floor":7},{"not_picked":["Heel Hook","Infinite Blades"],"picked":"Poisoned Stab","floor":13},{"not_picked":["Backflip","Dodge and Roll","Quick Slash"],"picked":"SKIP","floor":14},{"not_picked":["Cloak And Dagger","Infinite Blades","Backflip"],"picked":"SKIP","floor":18},{"not_picked":["Expertise","Dodge and Roll","Dagger Throw+1"],"picked":"SKIP","floor":19},{"not_picked":["Dagger Throw","Terror"],"picked":"Poisoned Stab","floor":22},{"not_picked":["Caltrops","Underhanded Strike","Masterful Stab"],"picked":"SKIP","floor":23}],"player_experience":68492,"relics_obtained":[{"floor":4,"key":"Blood Vial"},{"floor":9,"key":"Shovel"},{"floor":13,"key":"The Specimen"},{"floor":23,"key":"Ice Cream"}],"event_choices":[{"event_name":"Scrap Ooze","player_choice":"success","floor":3,"damage_taken":12},{"event_name":"Big Fish","player_choice":"Donut","floor":10,"damage_taken":0},{"event_name":"The Lab","player_choice":"Got Potions","floor":20,"damage_taken":0}],"boss_relics":[{"not_picked":["Runic Pyramid","Snecko Eye"],"picked":"Empty Cage"}],"items_purged_floors":[8,21],"is_endless":false,"potions_floor_spawned":[5,13,23],"killed_by":"Gremlin Leader","ascension_level":0}