{"gold_per_floor":[112,62,62,62,62,96,96,128,128,146,157,183,183,183,183,288,288,302,317,317,333,345,345,356,356,356,373,373,373,373],"floor_reached":30,"playtime":1227,"items_purged":[],"score":412,"play_id":"7d0f50e2-6f15-4b02-b4d8-fc831de39ba4","local_time":"20180809231549","is_ascension_mode":true,"campfire_choices":[{"data":"Bash","floor":7,"key":"SMITH"},{"data":"Metallicize","floor":13,"key":"SMITH"},{"data":"Inflame","floor":15,"key":"SMITH"},{"data":"Limit Break","floor":23,"key":"SMITH"},{"floor":25,"key":"REST"}],"neow_cost":"NONE","seed_source_timestamp":69638620950896,"circlet_count":0,"master_deck":["Strike_R","Strike_R","Strike_R","Strike_R","Defend_R","Defend_R","Defend_R","Defend_R","Bash+1","Clash","Inflame+1","Metallicize+1","Limit Break+1","Flex+1","Heavy Blade","Shrug It Off"],"relics":["Burning Blood","NeowsBlessing","Strawberry","Bag of Preparation","Ice Cream","Frozen Egg 2","Ornamental Fan","Lizard Tail","Ancient Tea Set","Champion Belt"],"potions_floor_usage":[12,21,21,21,22,24,30],"damage_taken":[{"damage":0,"enemies":"Cultist","floor":1,"turns":1},{"damage":0,"enemies":"Gremlin Nob","floor":6,"turns":1},{"damage":0,"enemies":"Lagavulin","floor":8,"turns":1},{"damage":4,"enemies":"Jaw Worm","floor":10,"turns":3},{"damage":0,"enemies":"Small Slimes","floor":11,"turns":3},{"damage":33,"enemies":"3 Sentries","floor":12,"turns":10},{"damage":46,"enemies":"Slime Boss","floor":16,"turns":10},{"damage":29,"enemies":"Chosen","floor":18,"turns":5},{"damage":18,"enemies":"3 Byrds","floor":19,"turns":6},{"damage":60,"enemies":"Sentry and Sphere","floor":21,"turns":9},{"damage":17,"enemies":"Snecko","floor":22,"turns":5},{"damage":29,"enemies":"Centurion and Healer","floor":24,"turns":4},{"damage":27,"enemies":"Chosen and Byrds","floor":27,"turns":5},{"damage":17,"enemies":"3 Cultists","floor":30,"turns":4}],"seed_played":"1995091291705764985","potions_obtained":[{"floor":10,"key":"BloodPotion"},{"floor":11,"key":"Regen Potion"},{"floor":19,"key":"EntropicBrew"},{"floor":22,"key":"BloodPotion"},{"floor":27,"key":"Weak Potion"}],"is_trial":false,"path_per_floor":["M","?","$","?","?","E","R","E","T","M","M","E","R","?","R","B",null,"M","M","T","M","M","R","M","R","T","M","?","?"],"character_chosen":"IRONCLAD","items_purchased":[],"campfire_rested":1,"item_purchase_floors":[],"current_hp_per_floor":[78,78,78,67,67,73,73,79,79,81,87,75,75,80,80,40,79,56,44,44,52,41,41,27,54,54,33,15,15,0],"gold":373,"neow_bonus":"THREE_ENEMY_KILL","is_prod":false,"is_daily":false,"chose_seed":false,"campfire_upgraded":4,"win_rate":0,"timestamp":1533870949,"path_taken":["M","?","$","?","?","E","R","E","T","M","M","E","R","?","R","BOSS","M","M","?","M","M","R","?","R","T","M","?","?","M"],"build_version":"2018-08-09","purchased_purges":0,"victory":false,"max_hp_per_floor":[80,80,80,87,87,87,87,87,87,87,87,87,87,92,92,92,92,92,92,92,92,92,92,92,92,92,92,97,97,97],"card_choices":[{"not_picked":["Havoc","True Grit"],"picked":"Clash","floor":1},{"not_picked":["Reckless Charge","Warcry"],"picked":"Inflame","floor":6},{"not_picked":["Perfected Strike","Anger"],"picked":"Metallicize","floor":8},{"not_picked":["Shrug It Off","Headbutt","Disarm"],"picked":"SKIP","floor":10},{"not_picked":["Rage","Clothesline","Battle Trance"],"picked":"SKIP","floor":11},{"not_picked":["Havoc","Entrench","Rage"],"picked":"SKIP","floor":12},{"not_picked":["Feed","Bludgeon"],"picked":"Limit Break","floor":16},{"not_picked":["Heavy Blade","Clash","Twin Strike"],"picked":"SKIP","floor":18},{"not_picked":["Feel No Pain+1","Shockwave"],"picked":"Flex+1","floor":19},{"not_picked":["Bloodletting","Feel No Pain+1"],"picked":"Heavy Blade","floor":21},{"not_picked":["Havoc+1","Rage","Iron Wave"],"picked":"SKIP","floor":22},{"not_picked":["Havoc","Reaper","Evolve+1"],"picked":"SKIP","floor":24},{"not_picked":["Thunderclap+1","Heavy Blade"],"picked":"Shrug It Off","floor":27}],"player_experience":177936,"relics_obtained":[{"floor":6,"key":"Bag of Preparation"},{"floor":8,"key":"Ice Cream"},{"floor":9,"key":"Frozen Egg 2"},{"floor":12,"key":"Ornamental Fan"},{"floor":20,"key":"Ancient Tea Set"},{"floor":26,"key":"Champion Belt"}],"event_choices":[{"event_name":"The Cleric","player_choice":"Card Removal","floor":2,"damage_taken":0},{"event_name":"Scrap Ooze","player_choice":"success","floor":4,"damage_taken":18},{"event_name":"Liars Game","player_choice":"disagreed","floor":5,"damage_taken":0},{"event_name":"Big Fish","player_choice":"Donut","floor":14,"damage_taken":0},{"event_name":"Forgotten Altar","player_choice":"Shed Blood","floor":28,"damage_taken":0},{"event_name":"Cursed Tome","player_choice":"Ignored","floor":29,"damage_taken":0}],"is_beta":false,"boss_relics":[{"not_picked":["Astrolabe","Orrery"],"picked":"Lizard Tail"}],"items_purged_floors":[],"is_endless":false,"potions_floor_spawned":[10,11,19,22,27],"killed_by":"3 Cultists","ascension_level":6}