{"gold_per_floor":[114,64,64,74,94,127,140,157,212,222,222,240,240,286,286,387,387,397,410,325,250,260,272,272,302,355,355],"floor_reached":27,"playtime":1896,"items_purged":["Defend_B"],"score":287,"play_id":"2c5341b9-fee3-49a2-8860-feee6bf62cc4","local_time":"20180716174622","is_ascension_mode":false,"campfire_choices":[{"floor":11,"key":"REST"},{"floor":13,"key":"REST"},{"data":"Zap","floor":15,"key":"SMITH"},{"data":"Dualcast","floor":24,"key":"SMITH"}],"neow_cost":"TEN_PERCENT_HP_LOSS","seed_source_timestamp":167456747751342,"circlet_count":0,"master_deck":["Strike_B+1","Strike_B","Strike_B","Defend_B+1","Defend_B","Defend_B","Zap+1","Dualcast+1","Consume+1","Compile Driver","Cold Snap","Streamline","Conserve Battery+1","Redo","Machine Learning","Glacier+1","Coolheaded+1"],"relics":["FrozenCore","Du-Vu Doll","Bag of Marbles","Tiny Chest","Centennial Puzzle","Boot","Blood Vial","War Paint"],"potions_floor_usage":[16,16,25,27],"damage_taken":[{"damage":1,"enemies":"Jaw Worm","floor":1,"turns":3},{"damage":2,"enemies":"Small Slimes","floor":4,"turns":3},{"damage":0,"enemies":"Cultist","floor":5,"turns":3},{"damage":25,"enemies":"Gremlin Nob","floor":6,"turns":4},{"damage":10,"enemies":"Looter","floor":7,"turns":4},{"damage":11,"enemies":"Lots of Slimes","floor":8,"turns":5},{"damage":1,"enemies":"Exordium Wildlife","floor":10,"turns":3},{"damage":9,"enemies":"Exordium Thugs","floor":12,"turns":6},{"damage":0,"enemies":"Slime Boss","floor":16,"turns":10},{"damage":5,"enemies":"Spheric Guardian","floor":18,"turns":6},{"damage":3,"enemies":"Shell Parasite","floor":19,"turns":9},{"damage":7,"enemies":"Snecko","floor":22,"turns":7},{"damage":20,"enemies":"3 Cultists","floor":23,"turns":9},{"damage":35,"enemies":"Book of Stabbing","floor":25,"turns":12},{"damage":47,"enemies":"Cultist and Chosen","floor":27,"turns":7}],"seed_played":"4212161368952605099","potions_obtained":[{"floor":4,"key":"Strength Potion"},{"floor":6,"key":"PowerPotion"},{"floor":8,"key":"FearPotion"},{"floor":10,"key":"FairyPotion"},{"floor":16,"key":"Strength Potion"},{"floor":23,"key":"Regen Potion"},{"floor":25,"key":"FairyPotion"}],"is_trial":false,"path_per_floor":["M","?","?","M","M","E","M","M","T","M","R","M","R","T","R","B",null,"M","M","?","$","M","M","R","E","T"],"character_chosen":"DEFECT","items_purchased":[],"campfire_rested":2,"item_purchase_floors":[],"current_hp_per_floor":[67,67,53,51,51,26,16,5,5,4,24,15,35,35,35,35,68,63,60,60,60,53,33,33,13,13,0],"gold":355,"neow_bonus":"ONE_RARE_RELIC","is_prod":false,"is_daily":false,"chose_seed":false,"campfire_upgraded":2,"win_rate":0.0,"timestamp":1531777582,"path_taken":["M","?","?","M","M","E","M","M","T","M","R","M","R","?","R","BOSS","M","?","?","?","M","M","R","E","T","M"],"build_version":"2018-07-12","purchased_purges":1,"victory":false,"max_hp_per_floor":[68,68,68,68,68,68,68,68,68,68,68,68,68,68,68,68,68,68,68,68,68,68,68,68,68,68,68],"card_choices":[{"not_picked":["Rebound","Gash"],"picked":"Consume","floor":1},{"not_picked":["Conserve Battery","Chaos","Steam"],"picked":"SKIP","floor":4},{"not_picked":["Turbo","Blizzard"],"picked":"Compile Driver","floor":5},{"not_picked":["Beam Cell","Barrage","Storm"],"picked":"SKIP","floor":6},{"not_picked":["Barrage","Skim"],"picked":"Cold Snap","floor":7},{"not_picked":["Beam Cell","Heatsinks"],"picked":"Streamline","floor":8},{"not_picked":["Lockon","Sunder"],"picked":"Conserve Battery","floor":10},{"not_picked":["Creative AI","Leap"],"picked":"Redo","floor":12},{"not_picked":["Reboot","Meteor Strike"],"picked":"Machine Learning","floor":16},{"not_picked":["Barrage+1","Redo","Ball Lightning"],"picked":"SKIP","floor":18},{"not_picked":["Leap+1","Ball Lightning"],"picked":"Glacier+1","floor":19},{"not_picked":["Hello World","Barrage+1","Steam"],"picked":"SKIP","floor":22},{"not_picked":["Redo+1","Rebound"],"picked":"Coolheaded+1","floor":23},{"not_picked":["Meteor Strike","Static Discharge","Beam Cell"],"picked":"SKIP","floor":25}],"player_experience":51501,"relics_obtained":[{"floor":6,"key":"Bag of Marbles"},{"floor":9,"key":"Tiny Chest"},{"floor":14,"key":"Centennial Puzzle"},{"floor":25,"key":"Blood Vial"},{"floor":26,"key":"War Paint"}],"event_choices":[{"event_name":"The Cleric","player_choice":"Card Removal","floor":2,"damage_taken":0},{"event_name":"Shining Light","player_choice":"Entered Light","floor":3,"damage_taken":0},{"event_name":"Addict","player_choice":"Obtained Relic","floor":20,"damage_taken":0}],"boss_relics":[{"not_picked":["Sozu","Snecko Eye"],"picked":"FrozenCore"}],"items_purged_floors":[21],"is_endless":false,"potions_floor_spawned":[4,6,8,10,16,23,25],"killed_by":"Cultist and Chosen","ascension_level":0}