{"gold_per_floor":[116,116,135,135,8,42,42,73,73,111,111],"floor_reached":11,"playtime":590,"items_purged":[],"score":138,"play_id":"73bba0c5-6329-4812-a9a7-583a8a998999","local_time":"20190307211851","is_ascension_mode":true,"campfire_choices":[{"floor":7.0,"key":"REST"}],"neow_cost":"CURSE","seed_source_timestamp":1815014885158919,"circlet_count":0,"master_deck":["AscendersBane","Strike_B","Strike_B","Defend_B","Defend_B","Defend_B","Defend_B","Zap","Dualcast","Cold Snap","Buffer","Streamline","Cold Snap","Hyperbeam","Redo","White Noise","Rebound"],"special_seed":0,"relics":["Cracked Core","Golden Idol","Letter Opener","Question Card","Pen Nib","Bottled Flame"],"potions_floor_usage":[],"damage_taken":[{"damage":13.0,"enemies":"Small Slimes","floor":1.0,"turns":4.0},{"damage":2.0,"enemies":"2 Louse","floor":3.0,"turns":2.0},{"damage":6.0,"enemies":"Lagavulin","floor":6.0,"turns":5.0},{"damage":25.0,"enemies":"3 Sentries","floor":8.0,"turns":6.0},{"damage":16,"enemies":"Gremlin Nob","floor":10,"turns":5},{"damage":12,"enemies":"Jaw Worm","floor":11,"turns":1}],"seed_played":"-4432500206683234352","potions_obtained":[{"floor":1.0,"key":"FocusPotion"},{"floor":6.0,"key":"Strength Potion"},{"floor":10,"key":"PowerPotion"}],"is_trial":false,"path_per_floor":["M","?","M","?","$","E","R","E","T","E","M"],"character_chosen":"DEFECT","items_purchased":["Hyperbeam","AttackPotion"],"campfire_rested":1,"item_purchase_floors":[5,5],"current_hp_per_floor":[55,37,35,28,28,22,44,19,19,3,0],"gold":111,"neow_bonus":"TRANSFORM_TWO_CARDS","is_prod":false,"is_daily":false,"chose_seed":false,"campfire_upgraded":0,"win_rate":0,"timestamp":1552011531,"path_taken":["M","?","M","?","$","E","R","E","T","E","M"],"build_version":"2019-01-23","purchased_purges":0,"victory":false,"max_hp_per_floor":[75,75,75,75,75,75,75,75,75,75,75],"card_choices":[{"not_picked":["Rip and Tear","Stack"],"picked":"Streamline","floor":1.0},{"not_picked":["Undo","Storm"],"picked":"Cold Snap","floor":3.0},{"not_picked":["Go for the Eyes","Self Repair"],"picked":"Redo","floor":6.0},{"not_picked":["Buffer","Sunder"],"picked":"White Noise","floor":8.0},{"not_picked":["Buffer","Doom and Gloom","Compile Driver"],"picked":"Rebound","floor":10}],"player_experience":645938,"relics_obtained":[{"floor":6.0,"key":"Letter Opener"},{"floor":8.0,"key":"Question Card"},{"floor":9.0,"key":"Pen Nib"},{"floor":10,"key":"Bottled Flame"}],"event_choices":[{"damage_healed":0.0,"max_hp_gain":0.0,"max_hp_loss":0.0,"gold_gain":0.0,"event_name":"Golden Idol","player_choice":"Take Damage","floor":2.0,"gold_loss":0.0,"damage_taken":18.0,"relics_obtained":["Golden Idol"]},{"cards_removed":["Regret"],"damage_healed":0.0,"max_hp_gain":0.0,"max_hp_loss":0.0,"gold_gain":0.0,"event_name":"Golden Wing","player_choice":"Card Removal","floor":4.0,"gold_loss":0.0,"damage_taken":7.0}],"is_beta":false,"boss_relics":[],"items_purged_floors":[],"is_endless":false,"potions_floor_spawned":[1,6,10],"killed_by":"Jaw Worm","ascension_level":11}