{"gold_per_floor":[112,124,124,124,138,167,167,202,247,247,261,294,304,338,338,441,441,441,441,441,150,150,150,150,150,150,150,24,24,24,24,24,24,24,24,24,24,24,24,24,24,24,24,24,24,24,24,24,24,24,24,24,24,24,24],"floor_reached":56,"playtime":2981,"items_purged":["Strike_G"],"score":1908,"play_id":"998be7f9-9964-4d33-856c-2f07b06aaec4","local_time":"20190210161041","is_ascension_mode":true,"campfire_choices":[{"data":"Choke","floor":7.0,"key":"SMITH"},{"data":"Caltrops","floor":15.0,"key":"SMITH"},{"data":"A Thousand Cuts","floor":23.0,"key":"SMITH"},{"data":"Dash","floor":25.0,"key":"SMITH"},{"floor":32,"key":"RECALL"},{"data":"Wraith Form v2","floor":41,"key":"SMITH"},{"floor":49,"key":"REST"},{"data":"Bouncing Flask","floor":52,"key":"SMITH"}],"neow_cost":"CURSE","seed_source_timestamp":649499344832962,"circlet_count":0,"master_deck":["AscendersBane","Defend_G","Defend_G","Defend_G","Defend_G","Defend_G","Strike_G","Strike_G","Strike_G","Survivor","Neutralize","Adrenaline+1","Well Laid Plans","Masterful Stab+1","Choke+1","PiercingWail","Backflip","Bouncing Flask+1","Caltrops+1","A Thousand Cuts+1","Cloak And Dagger+1","Blade Dance+1","Blur+1","Prepared+1","Skewer+1","Dash+1","PiercingWail+1","Footwork+1","Wraith Form v2+1","Outmaneuver+1","Regret","Discovery+1","Prepared+1","Finisher+1","Leg Sweep+1","Prepared+1","Bullet Time+1","Cloak And Dagger+1","Neutralize","Wraith Form v2"],"special_seed":0,"relics":["Ring of the Snake","Pantograph","Smiling Mask","Potion Belt","Kunai","Toxic Egg 2","Ectoplasm","Bronze Scales","Letter Opener","Question Card","Juzu Bracelet","Runic Pyramid","Happy Flower","Old Coin","Pear","Dead Branch","Ornamental Fan","Nunchaku","Mercury Hourglass"],"potions_floor_usage":[30,44,50,50,55,55],"damage_taken":[{"damage":1.0,"enemies":"Cultist","floor":1.0,"turns":5.0},{"damage":0.0,"enemies":"Jaw Worm","floor":2.0,"turns":4.0},{"damage":0.0,"enemies":"Small Slimes","floor":5.0,"turns":3.0},{"damage":7.0,"enemies":"Lagavulin","floor":6.0,"turns":7.0},{"damage":4.0,"enemies":"3 Sentries","floor":8.0,"turns":7.0},{"damage":0.0,"enemies":"Blue Slaver","floor":11.0,"turns":4.0},{"damage":16.0,"enemies":"Lagavulin","floor":12.0,"turns":6.0},{"damage":0.0,"enemies":"Gremlin Gang","floor":13.0,"turns":4.0},{"damage":0.0,"enemies":"Gremlin Nob","floor":14.0,"turns":3.0},{"damage":19.0,"enemies":"Hexaghost","floor":16.0,"turns":9.0},{"damage":0.0,"enemies":"Chosen","floor":18.0,"turns":3.0},{"damage":0.0,"enemies":"Spheric Guardian","floor":19.0,"turns":2.0},{"damage":12.0,"enemies":"Chosen and Byrds","floor":20.0,"turns":6.0},{"damage":2.0,"enemies":"Centurion and Healer","floor":22.0,"turns":5.0},{"damage":21.0,"enemies":"Gremlin Leader","floor":24.0,"turns":7.0},{"damage":3,"enemies":"Slavers","floor":27,"turns":4},{"damage":5,"enemies":"Book of Stabbing","floor":30,"turns":5},{"damage":25,"enemies":"Automaton","floor":33,"turns":10},{"damage":0,"enemies":"3 Shapes","floor":35,"turns":2},{"damage":4,"enemies":"Orb Walker","floor":39,"turns":4},{"damage":11,"enemies":"Reptomancer","floor":40,"turns":7},{"damage":1,"enemies":"Nemesis","floor":42,"turns":5},{"damage":16,"enemies":"2 Orb Walkers","floor":44,"turns":5},{"damage":3,"enemies":"Giant Head","floor":46,"turns":9},{"damage":0,"enemies":"Nemesis","floor":48,"turns":5},{"damage":4,"enemies":"Donu and Deca","floor":50,"turns":6},{"damage":4,"enemies":"Shield and Spear","floor":54,"turns":6},{"damage":55,"enemies":"The Heart","floor":55,"turns":10}],"seed_played":"2003486002105671196","potions_obtained":[{"floor":2.0,"key":"Poison Potion"},{"floor":5.0,"key":"GamblersBrew"},{"floor":6.0,"key":"PowerPotion"},{"floor":13.0,"key":"Explosive Potion"},{"floor":14.0,"key":"Swift Potion"},{"floor":19.0,"key":"GamblersBrew"},{"floor":24.0,"key":"Ancient Potion"},{"floor":33,"key":"Block Potion"},{"floor":35,"key":"Swift Potion"},{"floor":46,"key":"GhostInAJar"}],"is_trial":false,"path_per_floor":["M","M","?","?","M","E","R","E","T","?","M","E","M","E","R","B",null,"M","M","M","$","M","R","E","R","T","E","$","?","E","?","R","B",null,"M","?","$","?","M","E","R","E","T","?","?","E","?","E","R","B",null,"R","$","E","B",null],"character_chosen":"THE_SILENT","items_purchased":["Bronze Scales","Blur+1","Prepared+1","Regen Potion","PowerPotion"],"campfire_rested":1,"item_purchase_floors":[21,21,21,28,28],"current_hp_per_floor":[62,62,55,55,55,48,48,44,44,44,44,28,28,28,28,34,61,61,61,49,49,47,47,26,26,26,23,23,23,32,32,32,32,61,61,61,61,61,57,46,46,45,55,39,39,36,36,36,60,76,79,79,79,75,25],"gold":24,"neow_bonus":"THREE_RARE_CARDS","is_prod":false,"is_daily":false,"chose_seed":false,"campfire_upgraded":6,"win_rate":0,"timestamp":1549811441,"path_taken":["M","M","?","?","?","E","R","E","T","?","M","E","M","E","R","BOSS","M","M","?","$","M","R","E","R","T","E","$","?","E","?","R","BOSS","M","?","?","?","M","E","R","E","T","?","?","E","?","E","R","BOSS","R","$","E","BOSS"],"build_version":"2019-01-23","purchased_purges":1,"victory":true,"max_hp_per_floor":[70,70,70,70,70,70,70,70,70,70,70,70,70,70,70,70,70,70,70,70,70,70,70,70,70,70,70,70,70,70,70,70,70,70,70,70,70,70,70,70,70,70,80,80,80,80,80,80,80,80,80,80,80,80,80],"card_choices":[{"not_picked":["Phantasmal Killer","Glass Knife"],"picked":"Adrenaline","floor":0.0},{"not_picked":["PiercingWail","Acrobatics"],"picked":"Well Laid Plans","floor":1.0},{"not_picked":["Cloak And Dagger","Underhanded Strike"],"picked":"Masterful Stab","floor":2.0},{"not_picked":["PiercingWail","Underhanded Strike"],"picked":"Choke","floor":5.0},{"not_picked":["Dagger Spray","Quick Slash"],"picked":"PiercingWail","floor":6.0},{"not_picked":["Reflex","Tactician"],"picked":"Backflip","floor":8.0},{"not_picked":["Quick Slash","Acrobatics"],"picked":"Bouncing Flask","floor":11.0},{"not_picked":["PiercingWail","Deadly Poison"],"picked":"Caltrops","floor":12.0},{"not_picked":["Deflect","Poisoned Stab","Heel Hook"],"picked":"SKIP","floor":13.0},{"not_picked":["Quick Slash","Dagger Throw","Predator"],"picked":"SKIP","floor":14.0},{"not_picked":["Storm of Steel+1","Bullet Time+1"],"picked":"A Thousand Cuts","floor":16.0},{"not_picked":["Acrobatics+1","Bane"],"picked":"Poisoned Stab+1","floor":18.0},{"not_picked":["Quick Slash","Backflip+1"],"picked":"Cloak And Dagger+1","floor":19.0},{"not_picked":["Quick Slash","Footwork"],"picked":"Blade Dance+1","floor":20.0},{"not_picked":["Dagger Throw","Slice"],"picked":"Skewer+1","floor":22.0},{"not_picked":["Flying Knee","Infinite Blades"],"picked":"Dash","floor":24.0},{"not_picked":["Phantasmal Killer+1","Acrobatics+1"],"picked":"PiercingWail+1","floor":27},{"not_picked":["Sucker Punch+1","Prepared+1","A Thousand Cuts"],"picked":"Footwork+1","floor":30},{"not_picked":["A Thousand Cuts","Die Die Die","Bullet Time+1"],"picked":"Wraith Form v2","floor":33},{"not_picked":["Acrobatics+1","Poisoned Stab+1","Dagger Throw"],"picked":"Outmaneuver+1","floor":35},{"not_picked":["Transmutation+1","Madness+1","The Bomb+1"],"picked":"Discovery+1","floor":38},{"not_picked":["Finisher","Quick Slash","Dagger Spray"],"picked":"Prepared+1","floor":39},{"not_picked":["PiercingWail+1","Dagger Throw","Dagger Spray+1"],"picked":"Finisher+1","floor":40},{"not_picked":["Choke+1","Acrobatics+1","Dagger Throw"],"picked":"Leg Sweep+1","floor":42},{"not_picked":["Sucker Punch","Dagger Throw+1","Quick Slash+1"],"picked":"Prepared+1","floor":44},{"not_picked":["Expertise+1","Leg Sweep+1","Flying Knee"],"picked":"Bullet Time+1","floor":46},{"not_picked":["Slice+1","Reflex+1","PiercingWail+1","Deadly Poison+1"],"picked":"SKIP","floor":48},{"not_picked":["Sucker Punch","Deadly Poison+1","Underhanded Strike+1"],"picked":"Wraith Form v2","floor":54}],"player_experience":1022591,"relics_obtained":[{"floor":6.0,"key":"Pantograph"},{"floor":8.0,"key":"Smiling Mask"},{"floor":9.0,"key":"Potion Belt"},{"floor":12.0,"key":"Kunai"},{"floor":14.0,"key":"Toxic Egg 2"},{"floor":24.0,"key":"Letter Opener"},{"floor":27,"key":"Question Card"},{"floor":30,"key":"Juzu Bracelet"},{"floor":40,"key":"Happy Flower"},{"floor":42,"key":"Old Coin"},{"floor":43,"key":"Pear"},{"floor":44,"key":"Dead Branch"},{"floor":46,"key":"Ornamental Fan"},{"floor":48,"key":"Nunchaku"},{"floor":54,"key":"Mercury Hourglass"}],"event_choices":[{"cards_removed":["Doubt"],"damage_healed":0.0,"max_hp_gain":0.0,"max_hp_loss":0.0,"gold_gain":0.0,"event_name":"Golden Wing","player_choice":"Card Removal","floor":3.0,"gold_loss":0.0,"damage_taken":7.0},{"damage_healed":0.0,"max_hp_gain":0.0,"max_hp_loss":0.0,"gold_gain":0.0,"event_name":"Accursed Blacksmith","player_choice":"Forge","floor":4.0,"gold_loss":0.0,"damage_taken":0.0,"cards_upgraded":["Adrenaline"]},{"damage_healed":0.0,"max_hp_gain":0.0,"max_hp_loss":0.0,"gold_gain":0.0,"event_name":"Upgrade Shrine","player_choice":"Upgraded","floor":10.0,"gold_loss":0.0,"damage_taken":0.0,"cards_upgraded":["Masterful Stab"]},{"damage_healed":0,"gold_gain":0,"player_choice":"Ignored","damage_taken":0,"max_hp_gain":0,"max_hp_loss":0,"event_name":"Beggar","floor":29,"gold_loss":0},{"cards_removed":["Strike_G"],"damage_healed":0,"gold_gain":0,"player_choice":"Purged","damage_taken":0,"max_hp_gain":0,"max_hp_loss":0,"event_name":"Purifier","floor":31,"gold_loss":0},{"damage_healed":0,"gold_gain":275,"player_choice":"Desecrate","damage_taken":0,"max_hp_gain":0,"max_hp_loss":0,"event_name":"Golden Shrine","floor":36,"gold_loss":0,"cards_obtained":["Regret"]},{"damage_healed":0,"gold_gain":0,"player_choice":"Memory 1","damage_taken":0,"max_hp_gain":0,"max_hp_loss":0,"event_name":"SensoryStone","floor":38,"gold_loss":0},{"damage_healed":0,"gold_gain":0,"player_choice":"Fight","damage_taken":0,"max_hp_gain":0,"max_hp_loss":0,"event_name":"Mysterious Sphere","floor":44,"gold_loss":0},{"cards_removed":["Poisoned Stab"],"damage_healed":0,"gold_gain":0,"player_choice":"Removed Attack","damage_taken":0,"max_hp_gain":0,"max_hp_loss":0,"event_name":"Falling","floor":45,"gold_loss":0},{"damage_healed":0,"gold_gain":0,"player_choice":"2 cards matched","damage_taken":0,"max_hp_gain":0,"max_hp_loss":0,"event_name":"Match and Keep!","floor":47,"gold_loss":0,"cards_obtained":["Cloak And Dagger","Neutralize"]}],"is_beta":false,"boss_relics":[{"not_picked":["Runic Dome","Fusion Hammer"],"picked":"Ectoplasm"},{"not_picked":["Ring of the Serpent","Calling Bell"],"picked":"Runic Pyramid"}],"items_purged_floors":[21],"is_endless":false,"potions_floor_spawned":[2,5,6,13,14,19,24,33,35,46],"ascension_level":10}