{"gold_per_floor":[117,127,177,177,188,188,218,229,256,271,271,306,317,351,351,351],"floor_reached":16,"playtime":570,"items_purged":[],"score":279,"play_id":"a6c4cd98-6f4b-43d2-a40e-7f69913d2792","local_time":"20181003200128","is_ascension_mode":true,"campfire_choices":[{"data":"Neutralize","floor":6,"key":"SMITH"},{"floor":11,"key":"REST"},{"data":"Cloak And Dagger","floor":15,"key":"SMITH"}],"neow_cost":"","seed_source_timestamp":422046091123542,"circlet_count":0,"master_deck":["Defend_G","Defend_G","Defend_G","Defend_G","Defend_G","Strike_G","Strike_G","Strike_G","Strike_G","Strike_G","Survivor","Neutralize+1","AscendersBane","Slice+1","Dagger Spray","Venomology","Choke","Backflip","Cloak And Dagger+1"],"relics":["Ring of the Snake","Snake Skull","Strawberry","Orichalcum","Bag of Marbles","Vajra"],"potions_floor_usage":[7,8,12,12,13,13,14,14,16,16],"damage_taken":[{"damage":11,"enemies":"Cultist","floor":1,"turns":6},{"damage":7,"enemies":"Jaw Worm","floor":2,"turns":6},{"damage":2,"enemies":"2 Louse","floor":5,"turns":3},{"damage":22,"enemies":"3 Sentries","floor":7,"turns":8},{"damage":12,"enemies":"Looter","floor":8,"turns":4},{"damage":6,"enemies":"3 Louse","floor":10,"turns":3},{"damage":0,"enemies":"Gremlin Nob","floor":12,"turns":3},{"damage":3,"enemies":"Large Slime","floor":13,"turns":7},{"damage":21,"enemies":"Lagavulin","floor":14,"turns":7},{"damage":7,"enemies":"Slime Boss","floor":16,"turns":6}],"seed_played":"-8292842928231802788","potions_obtained":[{"floor":2,"key":"LiquidBronze"},{"floor":7,"key":"Dexterity Potion"},{"floor":12,"key":"Energy Potion"},{"floor":14,"key":"Block Potion"}],"is_trial":false,"path_per_floor":["M","M","T","?","M","R","E","M","T","M","R","E","M","E","R"],"character_chosen":"THE_SILENT","items_purchased":[],"campfire_rested":1,"item_purchase_floors":[],"current_hp_per_floor":[48,41,41,41,39,39,24,12,12,6,27,27,24,3,3,0],"gold":351,"neow_bonus":"","is_prod":false,"is_daily":false,"chose_seed":false,"campfire_upgraded":2,"win_rate":0,"timestamp":1538589688,"path_taken":["M","M","?","?","M","R","E","M","T","M","R","E","M","E","R","BOSS"],"build_version":"2018-09-27","purchased_purges":0,"victory":false,"max_hp_per_floor":[66,66,66,66,66,66,73,73,73,73,73,73,73,73,73,73],"card_choices":[{"not_picked":["Bane","Calculated Gamble"],"picked":"Slice","floor":1},{"not_picked":["Deadly Poison","Reflex"],"picked":"Dagger Spray","floor":2},{"not_picked":["Calculated Gamble","Caltrops","Flechettes"],"picked":"SKIP","floor":5},{"not_picked":["Predator","Flechettes"],"picked":"Venomology","floor":7},{"not_picked":["Dagger Spray","Distraction"],"picked":"Choke","floor":8},{"not_picked":["Poisoned Stab","Flying Knee","Tactician"],"picked":"SKIP","floor":10},{"not_picked":["Quick Slash","Acrobatics"],"picked":"Backflip","floor":12},{"not_picked":["All Out Attack","Slice","Bane"],"picked":"SKIP","floor":13},{"not_picked":["Infinite Blades","Blur"],"picked":"Cloak And Dagger","floor":14}],"player_experience":804592,"relics_obtained":[{"floor":3,"key":"Snake Skull"},{"floor":7,"key":"Strawberry"},{"floor":9,"key":"Orichalcum"},{"floor":12,"key":"Bag of Marbles"},{"floor":14,"key":"Vajra"}],"event_choices":[{"event_name":"Living Wall","player_choice":"Grow","floor":4,"damage_taken":0}],"is_beta":false,"boss_relics":[],"items_purged_floors":[],"is_endless":false,"potions_floor_spawned":[2,7,12,14],"killed_by":"Slime Boss","ascension_level":18}