{"gold_per_floor":[116,21,21,21,21,54,54,79,134,153,173,173,192,220,220,293,293,306,306,326,326],"floor_reached":21,"playtime":576,"items_purged":[],"score":494,"play_id":"fc5a67f5-bde4-400d-8abe-9414032626e4","local_time":"20181214203358","is_ascension_mode":true,"campfire_choices":[{"data":"Defragment","floor":7.0,"key":"SMITH"},{"data":"Zap","floor":12.0,"key":"SMITH"},{"data":"Rainbow","floor":15.0,"key":"SMITH"}],"neow_cost":"NONE","seed_source_timestamp":182000166076786,"circlet_count":0,"master_deck":["AscendersBane","Strike_B","Strike_B","Strike_B","Strike_B","Defend_B","Defend_B","Defend_B","Zap+1","Dualcast","BootSequence","Defragment+1","Redo","Turbo","Cold Snap","Rainbow+1","Electrodynamics","Compile Driver","Scrape"],"special_seed":0,"relics":["Cracked Core","NeowsBlessing","Juzu Bracelet","Incense Burner","Oddly Smooth Stone","Tiny Chest","Dream Catcher","Cursed Key"],"potions_floor_usage":[16,18,18],"damage_taken":[{"damage":0.0,"enemies":"Small Slimes","floor":1.0,"turns":1.0},{"damage":0.0,"enemies":"Lagavulin","floor":6.0,"turns":1.0},{"damage":0.0,"enemies":"3 Sentries","floor":8.0,"turns":1.0},{"damage":0.0,"enemies":"Cultist","floor":10.0,"turns":3.0},{"damage":1.0,"enemies":"Jaw Worm","floor":11.0,"turns":3.0},{"damage":0.0,"enemies":"Red Slaver","floor":13.0,"turns":2.0},{"damage":29.0,"enemies":"Gremlin Nob","floor":14.0,"turns":5.0},{"damage":15,"enemies":"Hexaghost","floor":16,"turns":9},{"damage":9,"enemies":"2 Thieves","floor":18,"turns":4},{"damage":39,"enemies":"3 Byrds","floor":20,"turns":4},{"damage":10,"enemies":"Masked Bandits","floor":21,"turns":2}],"seed_played":"-1668187164296727229","potions_obtained":[{"floor":8.0,"key":"Energy Potion"},{"floor":13.0,"key":"GamblersBrew"},{"floor":14.0,"key":"SteroidPotion"},{"floor":16,"key":"LiquidBronze"},{"floor":20,"key":"Energy Potion"}],"is_trial":false,"path_per_floor":["M","?","?","$","?","E","R","E","T","M","M","R","M","E","R","B",null,"M","?","M","?"],"character_chosen":"DEFECT","items_purchased":[],"campfire_rested":0,"item_purchase_floors":[],"current_hp_per_floor":[64,64,64,64,64,64,64,64,64,64,63,63,63,34,34,19,58,49,49,10,0],"gold":326,"neow_bonus":"THREE_ENEMY_KILL","is_prod":false,"is_daily":false,"chose_seed":false,"campfire_upgraded":3,"win_rate":0,"timestamp":1544816038,"path_taken":["M","?","?","$","?","E","R","E","T","M","M","R","M","E","R","BOSS","M","?","M","?"],"build_version":"2018-12-13","purchased_purges":0,"victory":false,"max_hp_per_floor":[71,71,71,71,71,71,71,71,71,71,71,71,71,71,71,71,71,71,71,71,71],"card_choices":[{"not_picked":["Compile Driver","Redo"],"picked":"BootSequence","floor":1.0},{"not_picked":["Beam Cell","Melter"],"picked":"Defragment","floor":6.0},{"not_picked":["Coolheaded","Aggregate"],"picked":"Redo","floor":8.0},{"not_picked":["Consume","Stack"],"picked":"Turbo","floor":10.0},{"not_picked":["Redo","Heatsinks"],"picked":"Cold Snap","floor":11.0},{"not_picked":["Skim","Gash","Leap"],"picked":"SKIP","floor":13.0},{"not_picked":["Ball Lightning","Genetic Algorithm"],"picked":"Rainbow","floor":14.0},{"not_picked":["Amplify","Buffer"],"picked":"Electrodynamics","floor":16},{"not_picked":["Reprogram","Steam"],"picked":"Compile Driver","floor":18},{"not_picked":["Sweeping Beam","Stack"],"picked":"Scrape","floor":20}],"player_experience":896037,"relics_obtained":[{"floor":6.0,"key":"Incense Burner"},{"floor":8.0,"key":"Oddly Smooth Stone"},{"floor":9.0,"key":"Tiny Chest"},{"floor":14.0,"key":"Dream Catcher"}],"event_choices":[{"damage_healed":0.0,"max_hp_gain":0.0,"max_hp_loss":0.0,"gold_gain":0.0,"event_name":"WeMeetAgain","player_choice":"Paid Gold","floor":2.0,"gold_loss":95.0,"damage_taken":0.0,"relics_obtained":["Juzu Bracelet"]},{"cards_removed":["Defend_B"],"damage_healed":0.0,"max_hp_gain":0.0,"max_hp_loss":0.0,"gold_gain":0.0,"event_name":"Bonfire Elementals","player_choice":"Offered Basic","floor":3.0,"gold_loss":0.0,"damage_taken":0.0},{"damage_healed":0.0,"max_hp_gain":0.0,"max_hp_loss":0.0,"gold_gain":0.0,"event_name":"The Cleric","player_choice":"Leave","floor":5.0,"gold_loss":0.0,"damage_taken":0.0},{"damage_healed":0,"gold_gain":0,"player_choice":"Ignored","damage_taken":0,"max_hp_gain":0,"max_hp_loss":0,"event_name":"N\u0027loth","floor":19,"gold_loss":0},{"damage_healed":0,"gold_gain":0,"player_choice":"Fought Bandits","damage_taken":0,"max_hp_gain":0,"max_hp_loss":0,"event_name":"Masked Bandits","floor":21,"gold_loss":0}],"is_beta":false,"boss_relics":[{"not_picked":["White Beast Statue","Lizard Tail"],"picked":"Cursed Key"}],"items_purged_floors":[],"is_endless":false,"potions_floor_spawned":[8,13,14,16,20],"killed_by":"Masked Bandits","ascension_level":20}