{"gold_per_floor":[112,92,17,37,49,49,76,93,93,93,121,121,139,39,39,111,111,122,135,135,135],"floor_reached":21,"playtime":583,"items_purged":["Strike_B","Strike_B"],"score":378,"play_id":"d3b3e6fe-17ad-499c-b883-fc2ea496cc92","local_time":"20190312020627","is_ascension_mode":true,"campfire_choices":[{"data":"Sunder","floor":6,"key":"SMITH"},{"data":"Zap","floor":12,"key":"SMITH"},{"data":"Rainbow","floor":15,"key":"SMITH"}],"neow_cost":"NONE","seed_source_timestamp":1162995824589272,"circlet_count":0,"master_deck":["AscendersBane","Strike_B","Strike_B","Defend_B","Defend_B","Defend_B","Zap+1","Dualcast","Ball Lightning","Sunder+1","Steam","Cold Snap","Rainbow+1","Self Repair","Echo Form","BootSequence","Glacier"],"relics":["Cracked Core","NeowsBlessing","Strawberry","Lantern","Pear","Inserter","Enchiridion"],"potions_floor_usage":[7,8,16,16],"damage_taken":[{"damage":0,"enemies":"Small Slimes","floor":1,"turns":1},{"damage":0,"enemies":"Cultist","floor":4,"turns":1},{"damage":0,"enemies":"2 Louse","floor":5,"turns":1},{"damage":28,"enemies":"Gremlin Nob","floor":7,"turns":4},{"damage":9,"enemies":"Gremlin Gang","floor":8,"turns":3},{"damage":21,"enemies":"3 Sentries","floor":11,"turns":6},{"damage":2,"enemies":"3 Louse","floor":13,"turns":2},{"damage":13,"enemies":"The Guardian","floor":16,"turns":9},{"damage":31,"enemies":"Shell Parasite","floor":18,"turns":5},{"damage":29,"enemies":"2 Thieves","floor":19,"turns":4},{"damage":17,"enemies":"Masked Bandits","floor":21,"turns":3}],"seed_played":"5029399760415908296","potions_obtained":[{"floor":1,"key":"Strength Potion"},{"floor":2,"key":"Ancient Potion"},{"floor":11,"key":"FocusPotion"},{"floor":13,"key":"Strength Potion"},{"floor":16,"key":"Strength Potion"},{"floor":19,"key":"Strength Potion"}],"is_trial":false,"path_per_floor":["M","?","$","M","M","R","E","M","T","?","E","R","M","$","R","B",null,"M","M","?","?"],"character_chosen":"DEFECT","items_purchased":[],"campfire_rested":0,"item_purchase_floors":[],"current_hp_per_floor":[64,64,64,64,64,64,43,34,34,34,23,23,21,21,21,15,70,53,31,10,0],"gold":135,"neow_bonus":"THREE_ENEMY_KILL","is_prod":false,"is_daily":false,"chose_seed":false,"campfire_upgraded":3,"win_rate":0,"timestamp":1552352787,"path_taken":["M","?","$","?","M","R","E","M","T","?","E","R","?","$","R","BOSS","M","M","?","?"],"build_version":"2019-01-23","purchased_purges":2,"victory":false,"max_hp_per_floor":[71,71,71,71,71,71,78,78,78,78,88,88,88,88,88,88,88,88,88,88,88],"card_choices":[{"not_picked":["Coolheaded","Static Discharge"],"picked":"Ball Lightning","floor":1},{"not_picked":["Hologram","Coolheaded"],"picked":"Sunder","floor":4},{"not_picked":["Gash","Compile Driver"],"picked":"Steam","floor":5},{"not_picked":["Steam","Meteor Strike","Consume"],"picked":"SKIP","floor":7},{"not_picked":["Beam Cell","Fusion"],"picked":"Cold Snap","floor":8},{"not_picked":["Lockon","Turbo"],"picked":"Rainbow","floor":11},{"not_picked":["Go for the Eyes","Lockon"],"picked":"Self Repair","floor":13},{"not_picked":["Thunder Strike","Reboot"],"picked":"Echo Form","floor":16},{"not_picked":["Heatsinks+1","Rip and Tear"],"picked":"BootSequence","floor":18},{"not_picked":["Ball Lightning","Chill"],"picked":"Glacier","floor":19}],"player_experience":1179189,"relics_obtained":[{"floor":7,"key":"Strawberry"},{"floor":9,"key":"Lantern"},{"floor":11,"key":"Pear"},{"floor":20,"key":"Enchiridion"}],"event_choices":[{"damage_healed":0,"gold_gain":0,"player_choice":"Bought 1 Potion","damage_taken":0,"max_hp_gain":0,"max_hp_loss":0,"event_name":"The Woman in Blue","floor":2,"gold_loss":0},{"cards_removed":["Defend_B"],"damage_healed":0,"gold_gain":0,"player_choice":"Offered Basic","damage_taken":0,"max_hp_gain":0,"max_hp_loss":0,"event_name":"Bonfire Elementals","floor":10,"gold_loss":0},{"damage_healed":0,"gold_gain":0,"player_choice":"Obtained Book","damage_taken":21,"max_hp_gain":0,"max_hp_loss":0,"event_name":"Cursed Tome","floor":20,"gold_loss":0},{"damage_healed":0,"gold_gain":0,"player_choice":"Fought Bandits","damage_taken":0,"max_hp_gain":0,"max_hp_loss":0,"event_name":"Masked Bandits","floor":21,"gold_loss":0}],"is_beta":false,"boss_relics":[{"not_picked":["Empty Cage","Fusion Hammer"],"picked":"Inserter"}],"items_purged_floors":[3,14],"is_endless":false,"potions_floor_spawned":[1,11,13,16,19],"killed_by":"Masked Bandits","ascension_level":20}