{"gold_per_floor":[110,110,12,22,97,97,131,31,56,56,21,51,51,81,81,155,155,173,191,191,202,218,218,252,252,252,252,281,306,306,318,318,318],"floor_reached":33,"playtime":1343,"items_purged":["Strike_R","Strike_R"],"score":548,"play_id":"a1fb9e2e-bbb7-4da0-af0c-41a916eaf4fa","local_time":"20181021072402","is_ascension_mode":true,"campfire_choices":[{"data":"Havoc","floor":6.0,"key":"SMITH"},{"data":"Metallicize","floor":15,"key":"SMITH"},{"floor":23,"key":"REST"},{"data":"Uppercut","floor":25,"key":"SMITH"},{"data":"Pommel Strike","floor":27,"key":"SMITH"},{"floor":32,"key":"REST"}],"neow_cost":"NONE","seed_source_timestamp":828762411856892,"circlet_count":0,"master_deck":["Strike_R","Strike_R+1","Strike_R+1","Defend_R","Defend_R","Defend_R","Defend_R","Bash","AscendersBane","Inflame","Havoc+1","Metallicize+1","Headbutt","Uppercut+1","Impervious","Heavy Blade+1","Warcry","Havoc+1","Pommel Strike+1","Rampage","Metallicize+1","Flex+1"],"special_seed":0,"relics":["Burning Blood","Anchor","Bag of Preparation","Pen Nib","Mango","Sozu","Ancient Tea Set","Blue Candle","Toxic Egg 2","Red Mask"],"potions_floor_usage":[12,16],"damage_taken":[{"damage":1.0,"enemies":"Cultist","floor":1.0,"turns":3.0},{"damage":4.0,"enemies":"Small Slimes","floor":4.0,"turns":4.0},{"damage":32.0,"enemies":"3 Sentries","floor":7.0,"turns":11.0},{"damage":12,"enemies":"Lagavulin","floor":12,"turns":5},{"damage":17,"enemies":"Gremlin Nob","floor":14,"turns":4},{"damage":25,"enemies":"The Guardian","floor":16,"turns":10},{"damage":10,"enemies":"Shell Parasite","floor":18,"turns":5},{"damage":0,"enemies":"Chosen","floor":19,"turns":3},{"damage":30,"enemies":"Sentry and Sphere","floor":21,"turns":5},{"damage":22,"enemies":"Shelled Parasite and Fungi","floor":22,"turns":6},{"damage":34,"enemies":"Book of Stabbing","floor":24,"turns":6},{"damage":18,"enemies":"Slavers","floor":28,"turns":7},{"damage":11,"enemies":"Masked Bandits","floor":29,"turns":4},{"damage":6,"enemies":"Centurion and Healer","floor":31,"turns":4},{"damage":51,"enemies":"Automaton","floor":33,"turns":6}],"seed_played":"5713998113936202335","potions_obtained":[{"floor":1.0,"key":"Block Potion"},{"floor":7.0,"key":"AttackPotion"},{"floor":14,"key":"SpeedPotion"}],"is_trial":false,"path_per_floor":["M","?","$","M","?","R","E","$","T","$","?","E","$","E","R","B",null,"M","M","$","M","M","R","E","R","T","R","E","?","?","M","R"],"character_chosen":"IRONCLAD","items_purchased":["Havoc"],"campfire_rested":2,"item_purchase_floors":[3],"current_hp_per_floor":[80,55,55,57,46,46,20,20,20,20,40,34,34,37,37,18,77,73,79,79,55,39,67,39,39,39,39,27,22,22,22,50,0],"gold":318,"neow_bonus":"TEN_PERCENT_HP_BONUS","is_prod":false,"is_daily":false,"chose_seed":false,"campfire_upgraded":4,"win_rate":0,"timestamp":1540099442,"path_taken":["M","?","?","M","?","R","E","?","T","$","?","E","$","E","R","BOSS","M","M","$","M","M","R","E","R","T","R","E","?","?","M","R","BOSS"],"build_version":"2018-10-18","purchased_purges":2,"victory":false,"max_hp_per_floor":[82,82,82,82,82,82,82,82,82,82,82,82,82,96,96,96,96,96,96,96,96,96,96,96,96,96,96,96,96,96,96,96,96],"card_choices":[{"not_picked":["Blood for Blood","Shrug It Off"],"picked":"Inflame","floor":1.0},{"not_picked":["Uppercut","Flex"],"picked":"Metallicize","floor":4.0},{"not_picked":["Seeing Red","Rupture"],"picked":"Headbutt","floor":7.0},{"not_picked":["Sentinel","Anger","Juggernaut"],"picked":"SKIP","floor":12},{"not_picked":["Shrug It Off","Thunderclap"],"picked":"Uppercut","floor":14},{"not_picked":["Exhume","Barricade"],"picked":"Impervious","floor":16},{"not_picked":["Iron Wave","Body Slam"],"picked":"Heavy Blade+1","floor":18},{"not_picked":["Perfected Strike","Heavy Blade+1","Second Wind"],"picked":"SKIP","floor":19},{"not_picked":["Wild Strike","Iron Wave"],"picked":"Warcry","floor":21},{"not_picked":["Anger+1","Fire Breathing"],"picked":"Havoc+1","floor":22},{"not_picked":["Reckless Charge","Clothesline"],"picked":"Pommel Strike","floor":24},{"not_picked":["Thunderclap+1","Armaments"],"picked":"Rampage","floor":28},{"not_picked":["Warcry+1","Heavy Blade"],"picked":"Flex+1","floor":31}],"player_experience":848029,"relics_obtained":[{"floor":7.0,"key":"Anchor"},{"floor":9.0,"key":"Bag of Preparation"},{"floor":12,"key":"Pen Nib"},{"floor":14,"key":"Mango"},{"floor":24,"key":"Ancient Tea Set"},{"floor":26,"key":"Blue Candle"},{"floor":28,"key":"Toxic Egg 2"},{"floor":29,"key":"Red Mask"}],"event_choices":[{"damage_healed":0.0,"max_hp_gain":0.0,"max_hp_loss":0.0,"gold_gain":0.0,"event_name":"Shining Light","player_choice":"Entered Light","floor":2.0,"gold_loss":0.0,"damage_taken":25.0,"cards_upgraded":["Strike_R","Strike_R"]},{"damage_healed":0.0,"max_hp_gain":0.0,"max_hp_loss":0.0,"gold_gain":75.0,"event_name":"World of Goop","player_choice":"Gather Gold","floor":5.0,"gold_loss":0.0,"damage_taken":11.0},{"damage_healed":20.0,"max_hp_gain":0.0,"max_hp_loss":0.0,"gold_gain":0.0,"event_name":"The Cleric","player_choice":"Healed","floor":11.0,"gold_loss":35.0,"damage_taken":0.0},{"damage_healed":0,"gold_gain":0,"player_choice":"Fought Bandits","damage_taken":0,"max_hp_gain":0,"max_hp_loss":0,"event_name":"Masked Bandits","floor":29,"gold_loss":0},{"damage_healed":0,"gold_gain":0,"player_choice":"Copied","damage_taken":0,"max_hp_gain":0,"max_hp_loss":0,"event_name":"Duplicator","floor":30,"gold_loss":0,"cards_obtained":["Metallicize"]}],"is_beta":false,"boss_relics":[{"not_picked":["Velvet Choker","Eternal Feather"],"picked":"Sozu"}],"items_purged_floors":[3,8],"is_endless":false,"potions_floor_spawned":[1,7,14,19,22,29],"killed_by":"Automaton","ascension_level":15}