{"gold_per_floor":[113,113,113,127,152,152,152,196,219,234,234,278,278,258,258,258],"floor_reached":16,"playtime":585,"items_purged":[],"score":189,"play_id":"a00be8e4-1915-4f58-83e3-8720b068c493","local_time":"20190316005023","is_ascension_mode":true,"campfire_choices":[{"data":"Dualcast","floor":6,"key":"SMITH"},{"data":"Sunder","floor":11,"key":"SMITH"},{"data":"Go for the Eyes","floor":13,"key":"SMITH"},{"floor":15,"key":"REST"}],"neow_cost":"NONE","seed_source_timestamp":16000290774615,"circlet_count":0,"master_deck":["AscendersBane","Strike_B","Strike_B","Strike_B","Strike_B","Defend_B","Defend_B+1","Defend_B+1","Defend_B","Zap+1","Dualcast+1","Melter","Injury","Sunder+1","Go for the Eyes+1","Cold Snap","Glacier"],"relics":["Cracked Core","Centennial Puzzle","Golden Idol","Blood Vial","War Paint","Unceasing Top"],"potions_floor_usage":[10,12,16],"damage_taken":[{"damage":5,"enemies":"Small Slimes","floor":1,"turns":3},{"damage":12,"enemies":"Jaw Worm","floor":4,"turns":2},{"damage":0,"enemies":"Cultist","floor":5,"turns":2},{"damage":16,"enemies":"Gremlin Nob","floor":8,"turns":3},{"damage":3,"enemies":"Large Slime","floor":10,"turns":4},{"damage":13,"enemies":"Lagavulin","floor":12,"turns":5},{"damage":42,"enemies":"Slime Boss","floor":16,"turns":7}],"seed_played":"2101971302498347451","potions_obtained":[{"floor":1,"key":"GamblersBrew"},{"floor":5,"key":"Swift Potion"},{"floor":10,"key":"Poison Potion"},{"floor":14,"key":"SkillPotion"}],"is_trial":false,"path_per_floor":["M","?","?","M","M","R","?","E","T","M","R","E","R","?","R","B"],"character_chosen":"DEFECT","items_purchased":[],"campfire_rested":1,"item_purchase_floors":[],"current_hp_per_floor":[59,59,59,47,47,47,47,31,31,30,30,19,19,19,40,0],"gold":258,"neow_bonus":"RANDOM_COMMON_RELIC","is_prod":false,"is_daily":false,"chose_seed":false,"campfire_upgraded":3,"win_rate":0,"timestamp":1552711823,"path_taken":["M","?","?","?","M","R","?","E","T","?","R","E","R","?","R","BOSS"],"build_version":"2019-01-23","purchased_purges":0,"victory":false,"max_hp_per_floor":[71,71,71,71,71,71,71,71,71,71,71,71,71,71,71,71],"card_choices":[{"not_picked":["Tempest","Heatsinks"],"picked":"Melter","floor":1},{"not_picked":["Beam Cell","Hologram"],"picked":"Sunder","floor":4},{"not_picked":["Redo","Darkness"],"picked":"Go for the Eyes","floor":5},{"not_picked":["Redo","Double Energy","Turbo"],"picked":"SKIP","floor":8},{"not_picked":["Stack","Rebound"],"picked":"Cold Snap","floor":10},{"not_picked":["Storm","Barrage"],"picked":"Glacier","floor":12}],"player_experience":728793,"relics_obtained":[{"floor":8,"key":"Blood Vial"},{"floor":9,"key":"War Paint"},{"floor":12,"key":"Unceasing Top"}],"event_choices":[{"damage_healed":0,"gold_gain":0,"player_choice":"Grow","damage_taken":0,"max_hp_gain":0,"max_hp_loss":0,"event_name":"Living Wall","floor":2,"gold_loss":0,"cards_upgraded":["Zap"]},{"damage_healed":0,"gold_gain":0,"player_choice":"Take Wound","damage_taken":0,"relics_obtained":["Golden Idol"],"max_hp_gain":0,"max_hp_loss":0,"event_name":"Golden Idol","floor":3,"gold_loss":0,"cards_obtained":["Injury"]},{"damage_healed":0,"gold_gain":0,"player_choice":"Got Potions","damage_taken":0,"max_hp_gain":0,"max_hp_loss":0,"event_name":"Lab","floor":7,"gold_loss":0},{"damage_healed":0,"gold_gain":0,"player_choice":"Bought 1 Potion","damage_taken":0,"max_hp_gain":0,"max_hp_loss":0,"event_name":"The Woman in Blue","floor":14,"gold_loss":0}],"is_beta":false,"boss_relics":[],"items_purged_floors":[],"is_endless":false,"potions_floor_spawned":[1,5,10],"killed_by":"Slime Boss","ascension_level":15}