{"gold_per_floor":[109,109,123,123,123,123,72,72,72,103,134,157,169,197,209,326,338,360,287,316,328,360,372,384,396,408,446,458,11,23,23,23,23],"floor_reached":33,"playtime":1128,"items_purged":[],"score":308,"play_id":"98c0e0e8-fda2-4a54-93dc-10d122b4ca69","local_time":"20190217123947","is_ascension_mode":true,"campfire_choices":[{"data":"Zap","floor":6.0,"key":"SMITH"},{"data":"Ball Lightning","floor":13.0,"key":"SMITH"},{"data":"Beam Cell","floor":15.0,"key":"SMITH"},{"floor":23.0,"key":"REST"},{"floor":25.0,"key":"REST"},{"floor":28.0,"key":"REST"},{"data":"Multi-Cast","floor":32,"key":"SMITH"}],"neow_cost":"NONE","seed_source_timestamp":0,"circlet_count":0,"master_deck":["Strike_B+1","Strike_B+1","Strike_B+1","Defend_B+1","Defend_B+1","Defend_B+1","Defend_B+1","Zap+1","Dualcast","Beam Cell+1","Ball Lightning+1","Heatsinks","Sunder+1","Conserve Battery","Multi-Cast+1","Auto Shields","Static Discharge+1"],"special_seed":0,"relics":["Cracked Core","NeowsBlessing","Bag of Preparation","Molten Egg 2","MawBank","Nuclear Battery","Omamori","Enchiridion","Du-Vu Doll","Bag of Marbles","Membership Card","Frozen Egg 2","Sundial"],"potions_floor_usage":[33],"damage_taken":[{"damage":0.0,"enemies":"Small Slimes","floor":1.0,"turns":1.0},{"damage":0.0,"enemies":"Jaw Worm","floor":3.0,"turns":1.0},{"damage":0.0,"enemies":"3 Sentries","floor":10.0,"turns":1.0},{"damage":6.0,"enemies":"2 Louse","floor":11.0,"turns":2.0},{"damage":6.0,"enemies":"Looter","floor":12.0,"turns":2.0},{"damage":0.0,"enemies":"Gremlin Gang","floor":14.0,"turns":3.0},{"damage":35.0,"enemies":"Slime Boss","floor":16.0,"turns":9.0},{"damage":35.0,"enemies":"2 Thieves","floor":18.0,"turns":4.0},{"damage":12.0,"enemies":"Chosen","floor":20.0,"turns":3.0},{"damage":22.0,"enemies":"Shelled Parasite and Fungi","floor":22.0,"turns":4.0},{"damage":4.0,"enemies":"Cultist and Chosen","floor":30.0,"turns":3.0},{"damage":68,"enemies":"Automaton","floor":33,"turns":6}],"seed_played":"-3465056099556274184","potions_obtained":[{"floor":3.0,"key":"FairyPotion"},{"floor":11.0,"key":"SneckoOil"},{"floor":12.0,"key":"SpeedPotion"}],"is_trial":false,"path_per_floor":["M","?","M","?","$","R","$","$","T","E","M","M","R","M","R","B",null,"M","?","M","?","M","R","?","R","T","T","R","$","M","?","R","B"],"character_chosen":"DEFECT","items_purchased":["Ball Lightning","Membership Card","Frozen Egg 2","Static Discharge+1","Sundial"],"campfire_rested":3,"item_purchase_floors":[7,29,29,29,29],"current_hp_per_floor":[75,72,72,65,65,65,65,65,65,65,59,53,53,53,53,18,75,40,40,28,12,5,27,27,49,49,49,71,71,67,67,67,0],"gold":23,"neow_bonus":"THREE_ENEMY_KILL","is_prod":false,"is_daily":false,"chose_seed":false,"campfire_upgraded":4,"win_rate":0,"timestamp":1550367587,"path_taken":["M","?","M","?","$","R","?","$","T","E","?","M","R","M","R","BOSS","M","?","M","?","M","R","?","R","T","?","R","?","?","?","R","BOSS"],"build_version":"2019-01-23","purchased_purges":0,"victory":false,"max_hp_per_floor":[75,75,75,75,75,75,75,75,75,75,75,75,75,75,75,75,75,75,75,75,75,75,75,75,75,75,75,75,75,75,75,75,75],"card_choices":[{"not_picked":["Leap","Fusion"],"picked":"Beam Cell","floor":1.0},{"not_picked":["Coolheaded","Redo","Genetic Algorithm"],"picked":"SKIP","floor":3.0},{"not_picked":["Genetic Algorithm","Redo"],"picked":"Heatsinks","floor":10.0},{"not_picked":["Coolheaded","Barrage+1"],"picked":"Sunder+1","floor":11.0},{"not_picked":["Stack","Undo","Leap"],"picked":"SKIP","floor":12.0},{"not_picked":["Rebound+1","Heatsinks"],"picked":"Conserve Battery","floor":14.0},{"not_picked":["Rainbow","Amplify"],"picked":"Multi-Cast","floor":16.0},{"not_picked":["Chill","Rip and Tear+1","Compile Driver+1"],"picked":"SKIP","floor":18.0},{"not_picked":["Redo","Barrage+1"],"picked":"Auto Shields","floor":20.0},{"not_picked":["Streamline+1","Go for the Eyes+1","Seek"],"picked":"SKIP","floor":22.0},{"not_picked":["Streamline+1","Go for the Eyes+1","Leap"],"picked":"SKIP","floor":30.0}],"player_experience":189447,"relics_obtained":[{"floor":9.0,"key":"Molten Egg 2"},{"floor":10.0,"key":"MawBank"},{"floor":21.0,"key":"Enchiridion"},{"floor":26.0,"key":"Du-Vu Doll"},{"floor":27.0,"key":"Bag of Marbles"}],"event_choices":[{"damage_healed":0.0,"max_hp_gain":0.0,"max_hp_loss":0.0,"gold_gain":0.0,"event_name":"Scrap Ooze","player_choice":"Success","floor":2.0,"gold_loss":0.0,"damage_taken":3.0,"relics_obtained":["Bag of Preparation"]},{"cards_removed":["Strike_B"],"damage_healed":0.0,"max_hp_gain":0.0,"max_hp_loss":0.0,"gold_gain":0.0,"event_name":"Golden Wing","player_choice":"Card Removal","floor":4.0,"gold_loss":0.0,"damage_taken":7.0},{"damage_healed":0.0,"max_hp_gain":0.0,"max_hp_loss":0.0,"gold_gain":0.0,"event_name":"Addict","player_choice":"Obtained Relic","floor":19.0,"gold_loss":85.0,"damage_taken":0.0,"relics_obtained":["Omamori"]},{"damage_healed":0.0,"max_hp_gain":0.0,"max_hp_loss":0.0,"gold_gain":0.0,"event_name":"Cursed Tome","player_choice":"Obtained Book","floor":21.0,"gold_loss":0.0,"damage_taken":16.0},{"damage_healed":0.0,"max_hp_gain":0.0,"max_hp_loss":0.0,"gold_gain":0.0,"event_name":"Back to Basics","player_choice":"Simplicity","floor":24.0,"gold_loss":0.0,"damage_taken":0.0,"cards_upgraded":["Strike_B","Strike_B","Strike_B","Defend_B","Defend_B","Defend_B","Defend_B"]},{"damage_healed":0.0,"max_hp_gain":0.0,"max_hp_loss":0.0,"gold_gain":0.0,"event_name":"Vampires","player_choice":"Ignored","floor":31.0,"gold_loss":0.0,"damage_taken":0.0}],"is_beta":false,"boss_relics":[{"not_picked":["FrozenCore","Tiny House"],"picked":"Nuclear Battery"}],"items_purged_floors":[],"is_endless":false,"potions_floor_spawned":[3,11,12,20],"killed_by":"Automaton","ascension_level":3}