{"gold_per_floor":[115,128,139,158,174,207,207,234,234,234,199,216,228,28,28,127,127,139,139,159,159,170,197,211,211,211,229,229,260,279,308,308,407,407,422,422,433,35,35,67,67],"floor_reached":41,"playtime":4843,"items_purged":[],"score":718,"play_id":"b2fd9a57-ba00-450f-9425-13d49a6de352","local_time":"20190222223158","is_ascension_mode":true,"campfire_choices":[{"floor":7.0,"key":"REST"},{"floor":10.0,"key":"REST"},{"data":"Zap","floor":15.0,"key":"SMITH"},{"data":"Double Energy","floor":25.0,"key":"SMITH"},{"floor":28.0,"key":"REST"},{"floor":32.0,"key":"REST"}],"neow_cost":"NONE","seed_source_timestamp":0,"circlet_count":0,"master_deck":["Strike_B","Strike_B","Strike_B","Strike_B","Defend_B","Defend_B","Defend_B","Defend_B","Zap+1","Dualcast","Double Energy+1","Beam Cell","All For One","Melter","Gash","Auto Shields","Ball Lightning","Turbo","All For One","Beam Cell","Go for the Eyes","Compile Driver","Go for the Eyes","Steam","Electrodynamics","Compile Driver+1","Reprogram","Scrape+1","Chill+1","Redo+1","Capacitor+1","Skim+1","Meteor Strike","Hologram+1","Steam+1","Aggregate+1","Conserve Battery+1","Enlightenment+1","Barrage+1"],"special_seed":0,"relics":["Cracked Core","Gambling Chip","Pantograph","Symbiotic Virus","Omamori","Orrery","WarpedTongs","Potion Belt","Toxic Egg 2","Bottled Lightning","Bird Faced Urn","Smiling Mask","Philosopher\u0027s Stone","Membership Card","Mummified Hand","Ancient Tea Set"],"potions_floor_usage":[],"damage_taken":[{"damage":1.0,"enemies":"Cultist","floor":1.0,"turns":4.0},{"damage":5.0,"enemies":"2 Louse","floor":2.0,"turns":3.0},{"damage":2.0,"enemies":"Small Slimes","floor":3.0,"turns":3.0},{"damage":9.0,"enemies":"2 Fungi Beasts","floor":4.0,"turns":2.0},{"damage":7.0,"enemies":"Looter","floor":5.0,"turns":3.0},{"damage":33.0,"enemies":"3 Sentries","floor":6.0,"turns":5.0},{"damage":30.0,"enemies":"Lagavulin","floor":8.0,"turns":5.0},{"damage":10.0,"enemies":"3 Louse","floor":12.0,"turns":3.0},{"damage":18.0,"enemies":"Large Slime","floor":13.0,"turns":4.0},{"damage":47.0,"enemies":"Hexaghost","floor":16.0,"turns":9.0},{"damage":0.0,"enemies":"Chosen","floor":18.0,"turns":3.0},{"damage":1.0,"enemies":"Shell Parasite","floor":20.0,"turns":3.0},{"damage":0.0,"enemies":"3 Cultists","floor":22.0,"turns":3.0},{"damage":9.0,"enemies":"Book of Stabbing","floor":23.0,"turns":3.0},{"damage":2.0,"enemies":"Snecko","floor":24.0,"turns":3.0},{"damage":10.0,"enemies":"Centurion and Healer","floor":27.0,"turns":2.0},{"damage":8.0,"enemies":"Gremlin Leader","floor":29.0,"turns":4.0},{"damage":16.0,"enemies":"Snake Plant","floor":30.0,"turns":3.0},{"damage":14.0,"enemies":"Book of Stabbing","floor":31.0,"turns":4.0},{"damage":36.0,"enemies":"Automaton","floor":33.0,"turns":8.0},{"damage":7.0,"enemies":"Orb Walker","floor":35.0,"turns":3.0},{"damage":0.0,"enemies":"3 Shapes","floor":37.0,"turns":3.0},{"damage":23.0,"enemies":"Giant Head","floor":40.0,"turns":7.0},{"damage":65,"enemies":"Spire Growth","floor":41,"turns":4}],"seed_played":"-695965347744208379","potions_obtained":[{"floor":0.0,"key":"Regen Potion"},{"floor":0.0,"key":"FairyPotion"},{"floor":0.0,"key":"Strength Potion"},{"floor":4.0,"key":"Explosive Potion"},{"floor":6.0,"key":"Strength Potion"},{"floor":8.0,"key":"Explosive Potion"},{"floor":16.0,"key":"Energy Potion"},{"floor":24.0,"key":"FearPotion"},{"floor":27.0,"key":"Poison Potion"},{"floor":29.0,"key":"GamblersBrew"},{"floor":30.0,"key":"FocusPotion"},{"floor":35.0,"key":"Block Potion"}],"is_trial":false,"path_per_floor":["M","M","M","M","M","E","R","E","T","R","?","M","M","$","R","B",null,"M","?","M","?","M","E","M","R","T","M","R","E","M","E","R","B",null,"M","?","M","$","?","E","M"],"character_chosen":"DEFECT","items_purchased":["Turbo","Omamori","Membership Card","Aggregate+1","Mummified Hand","Conserve Battery+1"],"campfire_rested":4,"item_purchase_floors":[14,14,38,38,38,38],"current_hp_per_floor":[67,62,60,51,44,25,47,17,17,39,57,47,29,29,29,7,58,58,58,57,57,57,48,46,46,46,36,58,50,34,22,44,37,66,61,61,63,63,63,44,0],"gold":67,"neow_bonus":"THREE_SMALL_POTIONS","is_prod":false,"is_daily":false,"chose_seed":false,"campfire_upgraded":2,"win_rate":0,"timestamp":1550892718,"path_taken":["M","M","M","M","M","E","R","E","T","R","?","M","M","$","R","BOSS","M","?","?","?","M","E","M","R","T","M","R","E","M","E","R","BOSS","M","?","M","$","?","E","M"],"build_version":"2019-01-23","purchased_purges":0,"victory":false,"max_hp_per_floor":[75,75,75,75,75,75,75,75,75,75,75,75,75,75,75,75,75,75,75,75,75,75,75,75,75,75,75,75,75,75,75,75,75,75,75,75,75,75,75,75,75],"card_choices":[{"not_picked":["Compile Driver","Gash"],"picked":"Double Energy","floor":1.0},{"not_picked":["Compile Driver","Loop"],"picked":"Beam Cell","floor":2.0},{"not_picked":["Leap","Gash","Beam Cell"],"picked":"SKIP","floor":3.0},{"not_picked":["Leap","Skim","Double Energy"],"picked":"SKIP","floor":4.0},{"not_picked":["Go for the Eyes","Beam Cell"],"picked":"All For One","floor":5.0},{"not_picked":["Reboot","Rebound"],"picked":"Melter","floor":6.0},{"not_picked":["Amplify","Turbo"],"picked":"Gash","floor":8.0},{"not_picked":["Chill","Stack"],"picked":"Auto Shields","floor":12.0},{"not_picked":["Fusion","Conserve Battery"],"picked":"Ball Lightning","floor":13.0},{"not_picked":["Fission","Biased Cognition"],"picked":"All For One","floor":16.0},{"not_picked":["Sweeping Beam","Compile Driver"],"picked":"Beam Cell","floor":17.0},{"not_picked":["Beam Cell","Consume"],"picked":"Go for the Eyes","floor":17.0},{"not_picked":["Recycle","Force Field"],"picked":"Compile Driver","floor":17.0},{"not_picked":["Hologram","Double Energy"],"picked":"Go for the Eyes","floor":17.0},{"not_picked":["Beam Cell","Rebound"],"picked":"Steam","floor":17.0},{"not_picked":["Redo","Steam+1"],"picked":"Electrodynamics","floor":18.0},{"not_picked":["Ball Lightning+1","Stack"],"picked":"Compile Driver+1","floor":20.0},{"not_picked":["Recycle","Cold Snap+1"],"picked":"Reprogram","floor":22.0},{"not_picked":["Conserve Battery","Cold Snap"],"picked":"Scrape+1","floor":23.0},{"not_picked":["Conserve Battery+1","Leap+1","Darkness+1"],"picked":"SKIP","floor":24.0},{"not_picked":["Lockon+1","Beam Cell"],"picked":"Chill+1","floor":27.0},{"not_picked":["Static Discharge","Electrodynamics"],"picked":"Redo+1","floor":29.0},{"not_picked":["Fusion+1","Stack+1"],"picked":"Capacitor+1","floor":30.0},{"not_picked":["Cold Snap","Darkness+1"],"picked":"Skim+1","floor":31.0},{"not_picked":["Rainbow+1","Thunder Strike"],"picked":"Meteor Strike","floor":33.0},{"not_picked":["Go for the Eyes+1","Beam Cell+1"],"picked":"Hologram+1","floor":35.0},{"not_picked":["Barrage+1","Rebound"],"picked":"Steam+1","floor":37.0},{"not_picked":["PanicButton+1","Discovery+1"],"picked":"Enlightenment+1","floor":39.0},{"not_picked":["Cold Snap","Reinforced Body+1"],"picked":"Barrage+1","floor":40.0}],"player_experience":547536,"relics_obtained":[{"floor":6.0,"key":"Gambling Chip"},{"floor":8.0,"key":"Pantograph"},{"floor":9.0,"key":"Symbiotic Virus"},{"floor":23.0,"key":"Toxic Egg 2"},{"floor":26.0,"key":"Bottled Lightning"},{"floor":29.0,"key":"Bird Faced Urn"},{"floor":31.0,"key":"Smiling Mask"},{"floor":40.0,"key":"Ancient Tea Set"}],"event_choices":[{"damage_healed":18.0,"max_hp_gain":0.0,"max_hp_loss":0.0,"gold_gain":0.0,"event_name":"The Cleric","player_choice":"Healed","floor":11.0,"gold_loss":35.0,"damage_taken":0.0},{"damage_healed":0.0,"max_hp_gain":0.0,"max_hp_loss":0.0,"gold_gain":0.0,"event_name":"Accursed Blacksmith","player_choice":"Rummage","floor":19.0,"gold_loss":0.0,"damage_taken":0.0,"relics_obtained":["WarpedTongs"],"cards_obtained":["Pain"]},{"damage_healed":0.0,"max_hp_gain":0.0,"max_hp_loss":0.0,"gold_gain":0.0,"event_name":"Addict","player_choice":"Stole Relic","floor":21.0,"gold_loss":0.0,"damage_taken":0.0,"relics_obtained":["Potion Belt"],"cards_obtained":["Shame"]},{"damage_healed":0.0,"max_hp_gain":0.0,"max_hp_loss":0.0,"gold_gain":0.0,"event_name":"Tomb of Lord Red Mask","player_choice":"Ignored","floor":36.0,"gold_loss":0.0,"damage_taken":0.0},{"damage_healed":0.0,"max_hp_gain":0.0,"max_hp_loss":0.0,"gold_gain":0.0,"event_name":"SensoryStone","player_choice":"Memory 1","floor":39.0,"gold_loss":0.0,"damage_taken":0.0}],"is_beta":false,"boss_relics":[{"not_picked":["White Beast Statue","Busted Crown"],"picked":"Orrery"},{"not_picked":["Lizard Tail","Runic Pyramid"],"picked":"Philosopher\u0027s Stone"}],"items_purged_floors":[],"is_endless":false,"potions_floor_spawned":[4,6,8,16,20,24,27,29,30,35],"killed_by":"Spire Growth","ascension_level":8}