{"gold_per_floor":[119,119,133,133,133,133,161,161,161,180,191,191,223,0,0,97,97,109,209,484,30,48,48,79,91,129,141,90,137,160,189,201,310,322,344,375,487,515,527,574,602,639,676,706,718,759,788,811,823,835,847,859,24,54,54],"floor_reached":55,"playtime":2716,"items_purged":["Pain"],"score":1433,"play_id":"41e83d71-b6a1-4c48-9735-1dd870fc3d4f","local_time":"20190211005744","is_ascension_mode":true,"campfire_choices":[{"data":"Tempest","floor":6.0,"key":"SMITH"},{"data":"Zap","floor":8.0,"key":"SMITH"},{"data":"Dualcast","floor":12.0,"key":"SMITH"},{"floor":15.0,"key":"REST"},{"floor":23.0,"key":"REST"},{"data":"Defragment","floor":25.0,"key":"SMITH"},{"data":"Buffer","floor":27.0,"key":"SMITH"},{"data":"Loop","floor":32.0,"key":"SMITH"},{"data":"Blizzard","floor":45.0,"key":"SMITH"},{"floor":49.0,"key":"RECALL"},{"floor":52.0,"key":"REST"}],"neow_cost":"CURSE","seed_source_timestamp":681280209466752,"circlet_count":0,"master_deck":["AscendersBane","Strike_B+1","Defend_B","Defend_B","Defend_B","Defend_B","Zap+1","Dualcast+1","Loop+1","Blizzard+1","Conserve Battery","Tempest+1","Cold Snap","Defragment+1","Electrodynamics","Cold Snap+1","Buffer+1","Chill+1","Glacier","Cold Snap","Coolheaded","Core Surge","BootSequence+1","Coolheaded+1","Undo+1","Redo+1","Clumsy","Parasite","Biased Cognition","Cold Snap+1","Rebound+1","Hologram"],"special_seed":0,"relics":["Cracked Core","WarpedTongs","Nunchaku","Symbiotic Virus","Omamori","Vajra","Cursed Key","Incense Burner","Kunai","Whetstone","Bag of Preparation","MawBank","Pen Nib","Anchor","Bronze Scales","Nuclear Battery","Girya","Potion Belt","Smiling Mask","Art of War","ClockworkSouvenir","Sundial","Strawberry","Dodecahedron"],"potions_floor_usage":[55,55,55,55],"damage_taken":[{"damage":4.0,"enemies":"Small Slimes","floor":1.0,"turns":4.0},{"damage":1.0,"enemies":"2 Louse","floor":3.0,"turns":3.0},{"damage":33.0,"enemies":"Gremlin Nob","floor":7.0,"turns":4.0},{"damage":1.0,"enemies":"Cultist","floor":10.0,"turns":3.0},{"damage":1.0,"enemies":"3 Louse","floor":11.0,"turns":2.0},{"damage":20.0,"enemies":"Lagavulin","floor":13.0,"turns":6.0},{"damage":23.0,"enemies":"Hexaghost","floor":16.0,"turns":11.0},{"damage":2.0,"enemies":"Spheric Guardian","floor":18.0,"turns":3.0},{"damage":11.0,"enemies":"Colosseum Slavers","floor":19.0,"turns":3.0},{"damage":27.0,"enemies":"Colosseum Nobs","floor":19.0,"turns":4.0},{"damage":7.0,"enemies":"2 Thieves","floor":22.0,"turns":3.0},{"damage":3.0,"enemies":"Gremlin Leader","floor":24.0,"turns":5.0},{"damage":0.0,"enemies":"Book of Stabbing","floor":29.0,"turns":6.0},{"damage":0.0,"enemies":"Chosen and Byrds","floor":30.0,"turns":3.0},{"damage":3.0,"enemies":"Snecko","floor":31.0,"turns":4.0},{"damage":0.0,"enemies":"Collector","floor":33.0,"turns":11.0},{"damage":0.0,"enemies":"Orb Walker","floor":35.0,"turns":3.0},{"damage":0.0,"enemies":"3 Shapes","floor":36.0,"turns":4.0},{"damage":0.0,"enemies":"Mind Bloom Boss Battle","floor":37.0,"turns":7.0},{"damage":0.0,"enemies":"Sphere and 2 Shapes","floor":38.0,"turns":4.0},{"damage":22.0,"enemies":"Reptomancer","floor":40.0,"turns":7.0},{"damage":0.0,"enemies":"Jaw Worm Horde","floor":41.0,"turns":4.0},{"damage":0.0,"enemies":"Nemesis","floor":42.0,"turns":17.0},{"damage":0.0,"enemies":"Writhing Mass","floor":44.0,"turns":5.0},{"damage":0.0,"enemies":"Reptomancer","floor":46.0,"turns":7.0},{"damage":14.0,"enemies":"Maw","floor":47.0,"turns":9.0},{"damage":0.0,"enemies":"4 Shapes","floor":48.0,"turns":4.0},{"damage":21.0,"enemies":"Awakened One","floor":50.0,"turns":18.0},{"damage":52.0,"enemies":"Shield and Spear","floor":54.0,"turns":7.0},{"damage":43,"enemies":"The Heart","floor":55,"turns":8}],"seed_played":"-4960825020234638407","potions_obtained":[{"floor":1.0,"key":"FairyPotion"},{"floor":3.0,"key":"Swift Potion"},{"floor":7.0,"key":"Explosive Potion"},{"floor":13.0,"key":"EssenceOfSteel"},{"floor":16.0,"key":"Weak Potion"},{"floor":22.0,"key":"FocusPotion"},{"floor":24.0,"key":"Regen Potion"},{"floor":30.0,"key":"FocusPotion"},{"floor":33.0,"key":"Strength Potion"},{"floor":37.0,"key":"Block Potion"},{"floor":40.0,"key":"Block Potion"},{"floor":42.0,"key":"EssenceOfSteel"},{"floor":44.0,"key":"Ancient Potion"}],"is_trial":false,"path_per_floor":["M","?","M","?","?","R","E","R","T","M","M","R","E","$","R","B",null,"M","?","?","$","M","R","E","R","T","R","?","E","M","M","R","B",null,"M","M","?","M","?","E","M","E","T","M","R","E","M","M","R","B",null,"R","$","E","B"],"character_chosen":"DEFECT","items_purchased":["Defragment","Vajra","Whetstone","Bag of Preparation","FocusPotion","ClockworkSouvenir","Sundial","Strawberry","Fruit Juice","Fire Potion","SpeedPotion","Hologram"],"campfire_rested":3,"item_purchase_floors":[14,14,21,21,21,53,53,53,53,53,53,53],"current_hp_per_floor":[64,57,56,61,61,61,28,28,28,27,26,26,6,6,30,7,62,60,22,22,22,15,39,36,36,36,36,36,51,51,48,48,48,72,72,72,72,72,72,50,50,50,50,50,50,50,36,36,36,15,64,80,92,40,0],"gold":54,"neow_bonus":"TRANSFORM_TWO_CARDS","is_prod":false,"is_daily":false,"chose_seed":false,"campfire_upgraded":7,"win_rate":0,"timestamp":1549843064,"path_taken":["M","?","M","?","?","R","E","R","T","M","M","R","E","$","R","BOSS","M","?","?","$","?","R","E","R","T","R","?","E","?","M","R","BOSS","M","M","?","M","?","E","M","E","T","M","R","E","M","M","R","BOSS","R","$","E","BOSS"],"build_version":"2019-01-23","purchased_purges":1,"victory":false,"max_hp_per_floor":[75,75,75,80,80,80,80,80,80,80,80,80,80,80,80,80,80,80,80,80,80,80,80,80,80,80,80,80,80,80,80,80,80,80,80,80,80,80,80,80,80,80,80,80,80,80,80,80,80,80,80,80,92,92,92],"card_choices":[{"not_picked":["Static Discharge","Compile Driver"],"picked":"Conserve Battery","floor":1.0},{"not_picked":["Recycle","Loop"],"picked":"Tempest","floor":3.0},{"not_picked":["Hello World","Rebound","Undo"],"picked":"SKIP","floor":7.0},{"not_picked":["Stack","Leap"],"picked":"Cold Snap","floor":10.0},{"not_picked":["Stack","Sweeping Beam","Hologram"],"picked":"SKIP","floor":11.0},{"not_picked":["Consume","Sweeping Beam","Rebound"],"picked":"SKIP","floor":13.0},{"not_picked":["Reboot","Meteor Strike"],"picked":"Electrodynamics","floor":16.0},{"not_picked":["Capacitor+1","Leap","Ball Lightning"],"picked":"SKIP","floor":18.0},{"not_picked":["Compile Driver+1","Go for the Eyes"],"picked":"Cold Snap","floor":19.0},{"not_picked":["Leap","Sweeping Beam+1"],"picked":"Buffer","floor":22.0},{"not_picked":["Coolheaded","Scrape"],"picked":"Chill+1","floor":24.0},{"not_picked":["Hologram","Turbo"],"picked":"Glacier","floor":29.0},{"not_picked":["Conserve Battery","Ball Lightning"],"picked":"Cold Snap","floor":30.0},{"not_picked":["Barrage","Stack"],"picked":"Coolheaded","floor":31.0},{"not_picked":["Thunder Strike","Meteor Strike"],"picked":"Core Surge","floor":33.0},{"not_picked":["Gash","Go for the Eyes"],"picked":"BootSequence+1","floor":35.0},{"not_picked":["Streamline+1","Skim+1"],"picked":"Coolheaded+1","floor":36.0},{"not_picked":["Turbo","Go for the Eyes+1"],"picked":"Undo+1","floor":37.0},{"not_picked":["Sweeping Beam","All For One","Genetic Algorithm"],"picked":"SKIP","floor":38.0},{"not_picked":["Rebound+1","Capacitor"],"picked":"Redo+1","floor":40.0},{"not_picked":["Leap+1","Rebound","Go for the Eyes+1"],"picked":"SKIP","floor":41.0},{"not_picked":["Steam Power+1","Conserve Battery+1","Hello World+1"],"picked":"SKIP","floor":42.0},{"not_picked":["Darkness","Double Energy+1","Redo"],"picked":"SKIP","floor":44.0},{"not_picked":["Auto Shields","Redo+1"],"picked":"Biased Cognition","floor":46.0},{"not_picked":["Leap","Loop"],"picked":"Cold Snap+1","floor":47.0},{"not_picked":["Scrape+1","BootSequence+1"],"picked":"Rebound+1","floor":48.0},{"not_picked":["Electrodynamics","Turbo+1","Barrage+1"],"picked":"SKIP","floor":54.0}],"player_experience":1037914,"relics_obtained":[{"floor":7.0,"key":"Nunchaku"},{"floor":9.0,"key":"Symbiotic Virus"},{"floor":13.0,"key":"Omamori"},{"floor":19.0,"key":"Incense Burner"},{"floor":19.0,"key":"Kunai"},{"floor":24.0,"key":"MawBank"},{"floor":26.0,"key":"Pen Nib"},{"floor":29.0,"key":"Bronze Scales"},{"floor":37.0,"key":"Girya"},{"floor":40.0,"key":"Potion Belt"},{"floor":42.0,"key":"Smiling Mask"},{"floor":46.0,"key":"Art of War"},{"floor":54.0,"key":"Dodecahedron"}],"event_choices":[{"cards_removed":["Clumsy"],"damage_healed":0.0,"max_hp_gain":0.0,"max_hp_loss":0.0,"gold_gain":0.0,"event_name":"Golden Wing","player_choice":"Card Removal","floor":2.0,"gold_loss":0.0,"damage_taken":7.0},{"damage_healed":0.0,"max_hp_gain":5.0,"max_hp_loss":0.0,"gold_gain":0.0,"event_name":"Big Fish","player_choice":"Donut","floor":4.0,"gold_loss":0.0,"damage_taken":0.0},{"damage_healed":0.0,"max_hp_gain":0.0,"max_hp_loss":0.0,"gold_gain":0.0,"event_name":"Accursed Blacksmith","player_choice":"Rummage","floor":5.0,"gold_loss":0.0,"damage_taken":0.0,"relics_obtained":["WarpedTongs"],"cards_obtained":["Pain"]},{"damage_healed":0.0,"max_hp_gain":0.0,"max_hp_loss":0.0,"gold_gain":0.0,"event_name":"Colosseum","player_choice":"Fight","floor":19.0,"gold_loss":0.0,"damage_taken":0.0},{"damage_healed":0.0,"max_hp_gain":0.0,"max_hp_loss":0.0,"gold_gain":0.0,"event_name":"Colosseum","player_choice":"Fought Nobs","floor":19.0,"gold_loss":0.0,"damage_taken":0.0},{"damage_healed":0.0,"max_hp_gain":0.0,"max_hp_loss":0.0,"gold_gain":275.0,"event_name":"Golden Shrine","player_choice":"Desecrate","floor":20.0,"gold_loss":0.0,"damage_taken":0.0,"cards_obtained":["Regret"]},{"damage_healed":0.0,"max_hp_gain":0.0,"max_hp_loss":0.0,"gold_gain":0.0,"event_name":"WeMeetAgain","player_choice":"Paid Gold","floor":28.0,"gold_loss":63.0,"damage_taken":0.0,"relics_obtained":["Anchor"]},{"damage_healed":0.0,"max_hp_gain":0.0,"max_hp_loss":0.0,"gold_gain":0.0,"event_name":"MindBloom","player_choice":"Fight","floor":37.0,"gold_loss":0.0,"damage_taken":0.0},{"cards_removed":["Strike_B"],"damage_healed":0.0,"max_hp_gain":0.0,"max_hp_loss":0.0,"gold_gain":0.0,"event_name":"Bonfire Elementals","player_choice":"Offered Basic","floor":39.0,"gold_loss":0.0,"damage_taken":0.0}],"is_beta":false,"boss_relics":[{"not_picked":["FrozenCore","Tiny House"],"picked":"Cursed Key"},{"not_picked":["Calling Bell","Coffee Dripper"],"picked":"Nuclear Battery"}],"items_purged_floors":[21],"is_endless":false,"potions_floor_spawned":[1,3,7,13,16,22,24,30,33,36,37,40,42,44],"killed_by":"The Heart","ascension_level":10}