{"gold_per_floor":[364,31,31,50,50,50,66,98,122,122,122,138,152,169,169,243,243,260,260,275,200,150,150,175,175,175,175,186,521,541,541],"floor_reached":31,"playtime":869,"items_purged":["Clumsy"],"score":675,"play_id":"3312add7-9bea-4382-a7e3-863ce8704fb1","local_time":"20181018115947","is_ascension_mode":true,"campfire_choices":[{"data":"Defragment","floor":6.0,"key":"SMITH"},{"floor":11.0,"key":"REST"},{"data":"Loop","floor":15.0,"key":"SMITH"},{"data":"Tempest","floor":23.0,"key":"SMITH"},{"floor":25.0,"key":"REST"},{"data":"Dualcast","floor":27.0,"key":"SMITH"}],"neow_cost":"CURSE","seed_source_timestamp":0,"circlet_count":0,"master_deck":["Strike_B","Strike_B+1","Defend_B","Defend_B","Defend_B+1","Defend_B","Zap+1","Dualcast+1","AscendersBane","Tempest+1","Defragment+1","Cold Snap","Ball Lightning","Rainbow","Loop+1","Leap","Rainbow","FTL","Conserve Battery","Hologram+1"],"special_seed":0,"relics":["Cracked Core","DataDisk","Anchor","Bronze Scales","White Beast Statue","Oddly Smooth Stone","Ornamental Fan","Old Coin"],"potions_floor_usage":[31,31],"damage_taken":[{"damage":5.0,"enemies":"Small Slimes","floor":1.0,"turns":4.0},{"damage":4.0,"enemies":"Jaw Worm","floor":4.0,"turns":3.0},{"damage":0.0,"enemies":"Cultist","floor":7.0,"turns":3.0},{"damage":9.0,"enemies":"Gremlin Nob","floor":8.0,"turns":3.0},{"damage":8.0,"enemies":"Blue Slaver","floor":12.0,"turns":3.0},{"damage":0.0,"enemies":"Looter","floor":13.0,"turns":2.0},{"damage":0.0,"enemies":"Exordium Wildlife","floor":14.0,"turns":3.0},{"damage":0.0,"enemies":"Slime Boss","floor":16.0,"turns":5.0},{"damage":10.0,"enemies":"Chosen","floor":18.0,"turns":3.0},{"damage":10.0,"enemies":"2 Thieves","floor":20.0,"turns":4.0},{"damage":28.0,"enemies":"Gremlin Leader","floor":24.0,"turns":5.0},{"damage":0.0,"enemies":"Snake Plant","floor":28.0,"turns":3.0},{"damage":30.0,"enemies":"Book of Stabbing","floor":29.0,"turns":4.0},{"damage":1.0,"enemies":"3 Cultists","floor":30.0,"turns":4.0},{"damage":16,"enemies":"Slavers","floor":31,"turns":2}],"seed_played":"4212992003649277053","potions_obtained":[{"floor":8.0,"key":"EssenceOfSteel"},{"floor":13.0,"key":"AttackPotion"},{"floor":16.0,"key":"Regen Potion"},{"floor":18.0,"key":"Weak Potion"},{"floor":20.0,"key":"SkillPotion"},{"floor":24.0,"key":"Weak Potion"},{"floor":28.0,"key":"Fire Potion"},{"floor":29.0,"key":"Swift Potion"},{"floor":30.0,"key":"Explosive Potion"}],"is_trial":false,"path_per_floor":["M","$","?","M","?","R","M","E","T","?","R","M","M","M","R","B",null,"M","?","M","?","?","R","E","R","T","R","M","E","M"],"character_chosen":"DEFECT","items_purchased":["DataDisk","Defragment"],"campfire_rested":2,"item_purchase_floors":[2,2],"current_hp_per_floor":[59,59,59,55,34,34,34,25,25,25,46,38,38,38,38,38,63,61,61,51,51,51,51,23,44,44,44,44,14,13,0],"gold":541,"neow_bonus":"TWO_FIFTY_GOLD","is_prod":false,"is_daily":false,"chose_seed":false,"campfire_upgraded":4,"win_rate":0,"timestamp":1539856787,"path_taken":["M","$","?","?","?","R","M","E","T","?","R","M","?","M","R","BOSS","M","?","M","?","?","R","E","R","T","R","M","E","M","E"],"build_version":"2018-10-11","purchased_purges":1,"victory":false,"max_hp_per_floor":[71,71,71,71,71,71,71,71,71,71,71,71,71,71,71,71,71,71,71,71,71,71,71,71,71,71,71,71,71,71,71],"card_choices":[{"not_picked":["Go for the Eyes","Force Field"],"picked":"Tempest","floor":1.0},{"not_picked":["Hologram","Streamline"],"picked":"Cold Snap","floor":4.0},{"not_picked":["Darkness","Stack"],"picked":"Ball Lightning","floor":7.0},{"not_picked":["FTL","Rebound"],"picked":"Rainbow","floor":8.0},{"not_picked":["Double Energy","Doom and Gloom","Lockon"],"picked":"SKIP","floor":12.0},{"not_picked":["Barrage","Rip and Tear"],"picked":"Leap","floor":13.0},{"not_picked":["Double Energy","Gash","Cold Snap"],"picked":"SKIP","floor":14.0},{"not_picked":["Meteor Strike","Fission"],"picked":"Rainbow","floor":16.0},{"not_picked":["Hologram","Gash","Blizzard"],"picked":"SKIP","floor":18.0},{"not_picked":["Blizzard+1","Turbo","Rip and Tear"],"picked":"SKIP","floor":20.0},{"not_picked":["Storm","Stack"],"picked":"FTL","floor":24.0},{"not_picked":["Redo","Steam"],"picked":"Conserve Battery","floor":28.0},{"not_picked":["Heatsinks","Stack"],"picked":"Hologram+1","floor":29.0},{"not_picked":["Cold Snap","Redo","Ball Lightning"],"picked":"SKIP","floor":30.0}],"player_experience":840940,"relics_obtained":[{"floor":8.0,"key":"Anchor"},{"floor":9.0,"key":"Bronze Scales"},{"floor":24.0,"key":"Oddly Smooth Stone"},{"floor":26.0,"key":"Ornamental Fan"},{"floor":29.0,"key":"Old Coin"}],"event_choices":[{"event_name":"Living Wall","player_choice":"Grow","floor":3.0,"damage_taken":0.0},{"event_name":"Shining Light","player_choice":"Entered Light","floor":5.0,"damage_taken":0.0},{"event_name":"Transmorgrifier","player_choice":"Transform","floor":10.0,"damage_taken":0.0},{"event_name":"Vampires","player_choice":"Ignored","floor":19.0,"damage_taken":0.0},{"event_name":"Beggar","player_choice":"Gave Gold","floor":21.0,"damage_taken":0.0},{"event_name":"The Joust","player_choice":"Bet on Murderer","floor":22.0,"damage_taken":0.0}],"is_beta":false,"boss_relics":[{"not_picked":["Astrolabe","Philosopher\u0027s Stone"],"picked":"White Beast Statue"}],"items_purged_floors":[2],"is_endless":false,"potions_floor_spawned":[8,13,16,18,20,24,28,29,30],"killed_by":"Slavers","ascension_level":20}