{"gold_per_floor":[15,25,40,54,69,69,69,69,69,84,84],"floor_reached":11,"playtime":310,"items_purged":[],"score":127,"play_id":"65a9880c-546c-464e-ac69-9248855bb316","local_time":"20181003111254","is_ascension_mode":true,"campfire_choices":[{"data":"Creative AI","floor":6,"key":"SMITH"},{"floor":8,"key":"REST"}],"neow_cost":"NO_GOLD","seed_source_timestamp":390592392081407,"circlet_count":0,"master_deck":["Strike_B","Strike_B","Strike_B","Defend_B","Defend_B","Defend_B","Defend_B","Zap","Dualcast","AscendersBane","Go for the Eyes","Beam Cell","Steam","Rebound","Creative AI+1","Hologram"],"relics":["Cracked Core","Letter Opener"],"potions_floor_usage":[11,11],"damage_taken":[{"damage":1,"enemies":"Cultist","floor":1,"turns":3},{"damage":8,"enemies":"2 Louse","floor":2,"turns":3},{"damage":7,"enemies":"Small Slimes","floor":3,"turns":3},{"damage":9,"enemies":"Blue Slaver","floor":4,"turns":3},{"damage":26,"enemies":"Gremlin Gang","floor":5,"turns":5},{"damage":27,"enemies":"Exordium Thugs","floor":10,"turns":4},{"damage":36,"enemies":"Gremlin Nob","floor":11,"turns":3}],"seed_played":"5251786545782078483","potions_obtained":[{"floor":5,"key":"GamblersBrew"},{"floor":10,"key":"FocusPotion"}],"is_trial":false,"path_per_floor":["M","M","M","M","M","R","?","R","T","M"],"character_chosen":"DEFECT","items_purchased":[],"campfire_rested":1,"item_purchase_floors":[],"current_hp_per_floor":[77,69,62,53,27,27,20,45,45,18,0],"gold":84,"neow_bonus":"TWENTY_PERCENT_HP_BONUS","is_prod":false,"is_daily":false,"chose_seed":false,"campfire_upgraded":1,"win_rate":0,"timestamp":1538557974,"path_taken":["M","M","M","?","M","R","?","R","T","M","E"],"build_version":"2018-09-27","purchased_purges":0,"victory":false,"max_hp_per_floor":[85,85,85,85,85,85,85,85,85,85,85],"card_choices":[{"not_picked":["Streamline","Gash"],"picked":"Go for the Eyes","floor":1},{"not_picked":["Leap","Stack"],"picked":"Beam Cell","floor":2},{"not_picked":["Biased Cognition","Leap"],"picked":"Steam","floor":3},{"not_picked":["Conserve Battery","Ball Lightning"],"picked":"Rebound","floor":4},{"not_picked":["Steam","Conserve Battery"],"picked":"Creative AI","floor":5},{"not_picked":["Darkness","Streamline"],"picked":"Hologram","floor":10}],"player_experience":803690,"relics_obtained":[{"floor":9,"key":"Letter Opener"}],"event_choices":[{"event_name":"Golden Wing","player_choice":"Card Removal","floor":7,"damage_taken":0}],"is_beta":false,"boss_relics":[],"items_purged_floors":[],"is_endless":false,"potions_floor_spawned":[5,10],"killed_by":"Gremlin Nob","ascension_level":18}