{"gold_per_floor":[111,186,186,76,176,201,201,213,239,92,92,126,151,178,190,304,316,343,355,380,409,437,449,493,79,79,144,144,171,171,197,197,299,299,316,316,333,360,49,81,81,81,153,186,206,234,234,266,266,266,266,266,59,93,93],"floor_reached":55,"playtime":5678,"items_purged":["Strike_G","Defend_G","Defend_G"],"score":1302,"play_id":"4a4e72ac-028f-4d87-9d08-8e467dcf9f91","local_time":"20190313183122","is_ascension_mode":true,"campfire_choices":[{"data":"Noxious Fumes","floor":7,"key":"SMITH"},{"data":"Dash","floor":11,"key":"SMITH"},{"data":"Footwork","floor":15,"key":"SMITH"},{"data":"RitualDagger","floor":23,"key":"SMITH"},{"floor":28,"key":"REST"},{"floor":32,"key":"REST"},{"floor":42,"key":"RECALL"},{"data":"Apotheosis","floor":47,"key":"SMITH"},{"floor":49,"key":"REST"},{"data":"Footwork","floor":52,"key":"SMITH"}],"neow_cost":"NONE","seed_source_timestamp":311115786291687,"circlet_count":0,"master_deck":["Defend_G","Strike_G+1","Strike_G+1","Survivor","Neutralize","Dash+1","Footwork+1","Noxious Fumes+1","Footwork+1","Prepared","Bane","Malaise","RitualDagger+1","Catalyst+1","Leg Sweep","Backflip","Apotheosis+1","Adrenaline","Flying Knee","Underhanded Strike","Adrenaline","Deflect+1","Backflip+1","Terror+1","Noxious Fumes+1","Backflip"],"relics":["Ring of the Snake","NeowsBlessing","Singing Bowl","Omamori","Potion Belt","Whetstone","MawBank","Black Star","Snake Skull","Gremlin Horn","Pear","Matryoshka","Tiny Chest","Boot","Lantern","Oddly Smooth Stone","Meat on the Bone","The Courier","Empty Cage","Sundial","Bronze Scales","Tough Bandages","Smiling Mask","Strawberry","Dodecahedron","Happy Flower","Dead Branch","Pantograph","Molten Egg 2","Pen Nib","Bottled Lightning","Bag of Preparation","Vajra","Blood Vial"],"potions_floor_usage":[20,24,24,27,27,45,55,55,55],"damage_taken":[{"damage":0,"enemies":"Jaw Worm","floor":1,"turns":1},{"damage":0,"enemies":"Gremlin Nob","floor":6,"turns":1},{"damage":0,"enemies":"Small Slimes","floor":8,"turns":1},{"damage":8,"enemies":"3 Sentries","floor":12,"turns":8},{"damage":1,"enemies":"Cultist","floor":13,"turns":5},{"damage":0,"enemies":"3 Louse","floor":14,"turns":4},{"damage":18,"enemies":"Hexaghost","floor":16,"turns":11},{"damage":2,"enemies":"Chosen","floor":18,"turns":8},{"damage":15,"enemies":"Spheric Guardian","floor":20,"turns":8},{"damage":3,"enemies":"Centurion and Healer","floor":21,"turns":9},{"damage":1,"enemies":"Cultist and Chosen","floor":22,"turns":7},{"damage":35,"enemies":"Book of Stabbing","floor":24,"turns":9},{"damage":16,"enemies":"Slavers","floor":27,"turns":8},{"damage":5,"enemies":"Book of Stabbing","floor":31,"turns":8},{"damage":16,"enemies":"Collector","floor":33,"turns":9},{"damage":0,"enemies":"3 Shapes","floor":35,"turns":5},{"damage":0,"enemies":"3 Darklings","floor":37,"turns":7},{"damage":24,"enemies":"Nemesis","floor":40,"turns":11},{"damage":12,"enemies":"Reptomancer","floor":44,"turns":8},{"damage":0,"enemies":"Spire Growth","floor":45,"turns":8},{"damage":9,"enemies":"Giant Head","floor":46,"turns":10},{"damage":0,"enemies":"Reptomancer","floor":48,"turns":6},{"damage":1,"enemies":"Time Eater","floor":50,"turns":15},{"damage":88,"enemies":"Shield and Spear","floor":54,"turns":6},{"damage":54,"enemies":"The Heart","floor":55,"turns":8}],"seed_played":"5685823864965664789","potions_obtained":[{"floor":1,"key":"FairyPotion"},{"floor":8,"key":"Block Potion"},{"floor":12,"key":"Swift Potion"},{"floor":16,"key":"Explosive Potion"},{"floor":18,"key":"AttackPotion"},{"floor":24,"key":"Fire Potion"},{"floor":31,"key":"SteroidPotion"},{"floor":35,"key":"SkillPotion"},{"floor":45,"key":"Energy Potion"},{"floor":46,"key":"Explosive Potion"},{"floor":48,"key":"SpeedPotion"}],"is_trial":false,"path_per_floor":["M","?","?","$","?","E","R","M","T","$","R","E","M","M","R","B",null,"M","?","M","M","M","R","E","$","T","E","R","T","?","E","R","B",null,"M","?","M","T","$","E","T","R","T","E","M","E","R","E","R","B",null,"R","$","E","B"],"character_chosen":"THE_SILENT","items_purchased":["Footwork","Whetstone","Pear","Apotheosis","Tough Bandages","Bag of Preparation","Backflip"],"campfire_rested":3,"item_purchase_floors":[4,10,25,25,39,53,53],"current_hp_per_floor":[63,52,45,45,45,45,45,45,45,45,45,39,38,38,38,20,59,59,53,38,37,36,36,1,11,11,8,33,33,33,30,56,52,79,79,79,79,79,79,64,64,64,64,52,54,59,59,59,89,100,101,101,101,27,0],"gold":93,"neow_bonus":"THREE_ENEMY_KILL","is_prod":false,"is_daily":false,"chose_seed":false,"campfire_upgraded":6,"win_rate":0,"timestamp":1552498282,"path_taken":["M","?","?","?","?","E","R","?","T","$","R","E","M","M","R","BOSS","M","?","M","M","M","R","E","$","T","E","R","?","?","E","R","BOSS","M","?","M","?","$","E","?","R","T","E","M","E","R","E","R","BOSS","R","$","E","BOSS"],"build_version":"2019-01-23","purchased_purges":3,"victory":false,"max_hp_per_floor":[70,70,70,70,70,70,70,70,70,70,70,72,72,72,72,72,72,74,74,74,76,76,76,76,86,86,86,86,86,86,88,88,88,88,88,88,88,88,88,97,97,97,97,97,99,101,101,101,101,101,101,101,101,103,103],"card_choices":[{"not_picked":["Cloak And Dagger","Catalyst"],"picked":"Dash","floor":1},{"not_picked":["Outmaneuver","Masterful Stab"],"picked":"Noxious Fumes","floor":6},{"not_picked":["Crippling Poison","Eviscerate"],"picked":"Footwork","floor":8},{"not_picked":["All Out Attack","Underhanded Strike","Flying Knee"],"picked":"Singing Bowl","floor":12},{"not_picked":["Flechettes","Sucker Punch"],"picked":"Prepared","floor":13},{"not_picked":["Flying Knee","Reflex"],"picked":"Bane","floor":14},{"not_picked":["Phantasmal Killer","Storm of Steel"],"picked":"Malaise","floor":16},{"not_picked":["Quick Slash","Bane","Slice"],"picked":"Singing Bowl","floor":18},{"not_picked":["Dagger Spray","All Out Attack"],"picked":"Catalyst+1","floor":20},{"not_picked":["Underhanded Strike","Predator","Slice"],"picked":"Singing Bowl","floor":21},{"not_picked":["Blade Dance","Dash"],"picked":"Leg Sweep","floor":22},{"not_picked":["Outmaneuver","Flying Knee"],"picked":"Backflip","floor":24},{"not_picked":["Die Die Die","Expertise+1"],"picked":"Adrenaline","floor":27},{"not_picked":["Underhanded Strike","PiercingWail","Sucker Punch+1"],"picked":"Singing Bowl","floor":31},{"not_picked":["Malaise","Wraith Form v2"],"picked":"Adrenaline","floor":33},{"not_picked":["Slice","Riddle With Holes+1"],"picked":"Deflect+1","floor":35},{"not_picked":["Calculated Gamble","Skewer+1"],"picked":"Backflip+1","floor":37},{"not_picked":["Slice+1","Night Terror","Endless Agony+1"],"picked":"Singing Bowl","floor":40},{"not_picked":["Flying Knee","Dodge and Roll"],"picked":"Terror+1","floor":44},{"not_picked":["Reflex","Dagger Throw+1","Dash"],"picked":"Singing Bowl","floor":45},{"not_picked":["Flechettes+1","Crippling Poison+1","Reflex"],"picked":"Singing Bowl","floor":46},{"not_picked":["Blade Dance","Bouncing Flask"],"picked":"Noxious Fumes+1","floor":48},{"not_picked":["Sucker Punch+1","Heel Hook+1","Dodge and Roll+1"],"picked":"Singing Bowl","floor":54}],"player_experience":485279,"relics_obtained":[{"floor":6,"key":"Omamori"},{"floor":9,"key":"Potion Belt"},{"floor":12,"key":"MawBank"},{"floor":24,"key":"Snake Skull"},{"floor":24,"key":"Gremlin Horn"},{"floor":26,"key":"Matryoshka"},{"floor":27,"key":"Tiny Chest"},{"floor":27,"key":"Boot"},{"floor":29,"key":"Lantern"},{"floor":29,"key":"Oddly Smooth Stone"},{"floor":31,"key":"Meat on the Bone"},{"floor":31,"key":"The Courier"},{"floor":38,"key":"Sundial"},{"floor":38,"key":"Bronze Scales"},{"floor":40,"key":"Smiling Mask"},{"floor":40,"key":"Strawberry"},{"floor":43,"key":"Dodecahedron"},{"floor":44,"key":"Happy Flower"},{"floor":44,"key":"Dead Branch"},{"floor":46,"key":"Pantograph"},{"floor":46,"key":"Molten Egg 2"},{"floor":48,"key":"Pen Nib"},{"floor":48,"key":"Bottled Lightning"},{"floor":54,"key":"Vajra"},{"floor":54,"key":"Blood Vial"}],"event_choices":[{"damage_healed":0,"gold_gain":75,"player_choice":"Gather Gold","damage_taken":11,"max_hp_gain":0,"max_hp_loss":0,"event_name":"World of Goop","floor":2,"gold_loss":0},{"damage_healed":0,"gold_gain":0,"player_choice":"Success","damage_taken":7,"relics_obtained":["Singing Bowl"],"max_hp_gain":0,"max_hp_loss":0,"event_name":"Scrap Ooze","floor":3,"gold_loss":0},{"damage_healed":0,"gold_gain":100,"player_choice":"Gold","damage_taken":0,"max_hp_gain":0,"max_hp_loss":0,"event_name":"Wheel of Change","floor":5,"gold_loss":0},{"damage_healed":0,"gold_gain":0,"player_choice":"Joined the Cult","damage_taken":6,"max_hp_gain":0,"max_hp_loss":0,"event_name":"Nest","floor":19,"gold_loss":0,"cards_obtained":["RitualDagger"]},{"damage_healed":0,"gold_gain":0,"cards_transformed":["Defend_G","Strike_G"],"player_choice":"Became Test Subject","damage_taken":0,"max_hp_gain":0,"max_hp_loss":0,"event_name":"Drug Dealer","floor":30,"gold_loss":0,"cards_obtained":["Flying Knee","Underhanded Strike"]},{"damage_healed":0,"gold_gain":0,"player_choice":"Ignored","damage_taken":0,"max_hp_gain":0,"max_hp_loss":0,"event_name":"Tomb of Lord Red Mask","floor":36,"gold_loss":0}],"is_beta":false,"boss_relics":[{"not_picked":["Runic Dome","Astrolabe"],"picked":"Black Star"},{"not_picked":["Eternal Feather","Velvet Choker"],"picked":"Empty Cage"}],"items_purged_floors":[4,39,53],"is_endless":false,"potions_floor_spawned":[1,8,12,16,18,24,31,35,45,46,48],"killed_by":"The Heart","ascension_level":7}