{"gold_per_floor":[114,114,125,200,213,246,0,35,35,0,28,28,60,77,77,77],"floor_reached":16,"playtime":1017,"items_purged":[],"score":192,"play_id":"60f71b17-d261-44d7-bd76-43e6cee92a52","local_time":"20190213003004","is_ascension_mode":true,"campfire_choices":[{"floor":15,"key":"REST"}],"neow_cost":"NONE","seed_source_timestamp":1397018614453598,"circlet_count":0,"master_deck":["AscendersBane","Strike_R","Strike_R","Strike_R","Strike_R","Defend_R","Defend_R","Defend_R","Defend_R","Bash","Flex","Anger","Shrug It Off","Heavy Blade","Cleave","Corruption"],"special_seed":0,"relics":["Burning Blood","NeowsBlessing","Art of War","PreservedInsect","Darkstone Periapt","Strawberry","Mummified Hand","Meat on the Bone"],"potions_floor_usage":[14,16],"damage_taken":[{"damage":0.0,"enemies":"Jaw Worm","floor":1.0,"turns":1.0},{"damage":0.0,"enemies":"2 Louse","floor":3.0,"turns":1.0},{"damage":0.0,"enemies":"Small Slimes","floor":5.0,"turns":2.0},{"damage":25.0,"enemies":"3 Sentries","floor":6.0,"turns":9.0},{"damage":21.0,"enemies":"Gremlin Nob","floor":8.0,"turns":4.0},{"damage":17.0,"enemies":"3 Sentries","floor":11.0,"turns":7.0},{"damage":32.0,"enemies":"Lagavulin","floor":13.0,"turns":5.0},{"damage":7,"enemies":"2 Fungi Beasts","floor":14,"turns":3},{"damage":83,"enemies":"The Guardian","floor":16,"turns":10}],"seed_played":"8470665882773886311","potions_obtained":[{"floor":3.0,"key":"FearPotion"},{"floor":5.0,"key":"Explosive Potion"},{"floor":6.0,"key":"Regen Potion"},{"floor":14,"key":"Energy Potion"}],"is_trial":false,"path_per_floor":["M","?","M","?","M","E","$","E","T","?","E","$","E","M","R","B"],"character_chosen":"IRONCLAD","items_purchased":["PreservedInsect","Strength Potion","Swift Potion"],"campfire_rested":1,"item_purchase_floors":[7,7,7],"current_hp_per_floor":[78,71,77,66,72,53,53,38,45,66,55,55,29,40,66,0],"gold":77,"neow_bonus":"THREE_ENEMY_KILL","is_prod":false,"is_daily":false,"chose_seed":false,"campfire_upgraded":0,"win_rate":0,"timestamp":1550035804,"path_taken":["M","?","M","?","M","E","$","E","T","?","E","$","E","M","R","BOSS"],"build_version":"2019-01-23","purchased_purges":0,"victory":false,"max_hp_per_floor":[80,80,80,80,80,80,80,80,87,87,87,87,87,87,87,87],"card_choices":[{"not_picked":["Shrug It Off","Whirlwind"],"picked":"Flex","floor":1.0},{"not_picked":["Ghostly Armor","Evolve","Perfected Strike"],"picked":"SKIP","floor":3.0},{"not_picked":["Evolve","Burning Pact"],"picked":"Anger","floor":5.0},{"not_picked":["Fire Breathing","Corruption"],"picked":"Shrug It Off","floor":6.0},{"not_picked":["Shrug It Off","Perfected Strike"],"picked":"Heavy Blade","floor":8.0},{"not_picked":["Burning Pact","Armaments","Reckless Charge"],"picked":"SKIP","floor":11.0},{"not_picked":["Perfected Strike","Searing Blow"],"picked":"Cleave","floor":13.0},{"not_picked":["Heavy Blade","Corruption","Headbutt"],"picked":"SKIP","floor":14},{"not_picked":["Heavy Blade","Headbutt"],"picked":"Corruption","floor":14}],"player_experience":446447,"relics_obtained":[{"floor":6.0,"key":"Art of War"},{"floor":8.0,"key":"Darkstone Periapt"},{"floor":9.0,"key":"Strawberry"},{"floor":11.0,"key":"Mummified Hand"},{"floor":13.0,"key":"Meat on the Bone"}],"event_choices":[{"cards_removed":["Strike_R"],"damage_healed":0.0,"max_hp_gain":0.0,"max_hp_loss":0.0,"gold_gain":0.0,"event_name":"Golden Wing","player_choice":"Card Removal","floor":2.0,"gold_loss":0.0,"damage_taken":7.0},{"damage_healed":0.0,"max_hp_gain":0.0,"max_hp_loss":0.0,"gold_gain":75.0,"event_name":"World of Goop","player_choice":"Gather Gold","floor":4.0,"gold_loss":0.0,"damage_taken":11.0},{"damage_healed":21.0,"max_hp_gain":0.0,"max_hp_loss":0.0,"gold_gain":0.0,"event_name":"The Cleric","player_choice":"Healed","floor":10.0,"gold_loss":35.0,"damage_taken":0.0}],"is_beta":false,"boss_relics":[],"items_purged_floors":[],"is_endless":false,"potions_floor_spawned":[3,5,6,14],"killed_by":"The Guardian","ascension_level":10}