{"gold_per_floor":[118,68,68,84,100,100,114,114,138,63,63,91,66,91,103,212,224,255,278,306,348,360,397,409,26,81,97,117,134,169,189,189,289,289,300,315,339,339,439,439,160,160,160,10,10,56,278,103,103,103],"floor_reached":51,"playtime":3037,"items_purged":["Strike_R","Writhe","Strike_R","Strike_R","Defend_R"],"score":781,"play_id":"5c1f50d4-72d4-4d76-8987-1827a4c1487e","local_time":"20181106015722","is_ascension_mode":false,"campfire_choices":[{"data":"Bash","floor":6,"key":"SMITH"},{"data":"Clash","floor":8,"key":"SMITH"},{"data":"Shrug It Off","floor":15,"key":"SMITH"},{"data":"Defend_R","floor":32,"key":"PURGE"},{"data":"Pommel Strike","floor":40,"key":"SMITH"},{"data":"Shrug It Off","floor":42,"key":"SMITH"},{"data":"Shrug It Off","floor":49,"key":"SMITH"}],"neow_cost":"NONE","seed_source_timestamp":8259493716035,"circlet_count":0,"master_deck":["Strike_R","Defend_R+1","Defend_R+1","Bash+1","Clash+1","Shrug It Off+1","Shrug It Off+1","Body Slam+1","Headbutt+1","True Grit+1","Body Slam+1","Pommel Strike+1","Shrug It Off+1"],"relics":["Burning Blood","Vajra","Bronze Scales","Pear","Odd Mushroom","MawBank","Sozu","Red Mask","Red Skull","Bag of Marbles","Strawberry","Ancient Tea Set","War Paint","Peace Pipe","Coffee Dripper","Juzu Bracelet","StoneCalendar","Anchor","Singing Bowl","Shuriken","Magic Flower"],"potions_floor_usage":[50,50,50],"damage_taken":[{"damage":6,"enemies":"Small Slimes","floor":1,"turns":3},{"damage":0,"enemies":"2 Louse","floor":4,"turns":3},{"damage":1,"enemies":"Jaw Worm","floor":5,"turns":3},{"damage":6,"enemies":"Large Slime","floor":7,"turns":5},{"damage":11,"enemies":"The Mushroom Lair","floor":12,"turns":4},{"damage":14,"enemies":"3 Sentries","floor":14,"turns":12},{"damage":60,"enemies":"Slime Boss","floor":16,"turns":19},{"damage":0,"enemies":"Shell Parasite","floor":18,"turns":5},{"damage":8,"enemies":"3 Byrds","floor":19,"turns":4},{"damage":4,"enemies":"3 Cultists","floor":20,"turns":4},{"damage":2,"enemies":"Masked Bandits","floor":21,"turns":4},{"damage":2,"enemies":"Book of Stabbing","floor":23,"turns":3},{"damage":0,"enemies":"Snecko","floor":27,"turns":3},{"damage":10,"enemies":"Snake Plant","floor":28,"turns":3},{"damage":0,"enemies":"Centurion and Healer","floor":29,"turns":4},{"damage":15,"enemies":"Slavers","floor":30,"turns":4},{"damage":6,"enemies":"Chosen and Byrds","floor":31,"turns":3},{"damage":20,"enemies":"Champ","floor":33,"turns":9},{"damage":3,"enemies":"Orb Walker","floor":35,"turns":2},{"damage":0,"enemies":"3 Shapes","floor":36,"turns":3},{"damage":35,"enemies":"Mind Bloom Boss Battle","floor":39,"turns":4},{"damage":0,"enemies":"2 Orb Walkers","floor":46,"turns":3},{"damage":34,"enemies":"Time Eater","floor":50,"turns":7}],"seed_played":"-628191650443993838","potions_obtained":[{"floor":1,"key":"Dexterity Potion"},{"floor":5,"key":"Strength Potion"},{"floor":7,"key":"EntropicBrew"},{"floor":12,"key":"Strength Potion"}],"is_trial":false,"path_per_floor":["M","?","?","M","M","R","M","R","T","$","T","?","$","E","R","B",null,"M","M","M","?","?","E","?","$","T","M","M","M","E","M","R","B",null,"M","M","T","?","?","R","$","R","T","$","T","?","?","$","R","B",null],"character_chosen":"IRONCLAD","items_purchased":["Shrug It Off","Strawberry","Ancient Tea Set","Anchor"],"campfire_rested":0,"item_purchase_floors":[13,25,25,41],"current_hp_per_floor":[80,80,80,80,80,80,80,80,80,80,90,85,85,77,77,23,90,90,88,90,90,72,76,76,83,83,89,85,91,82,82,82,68,102,102,102,102,97,68,68,68,68,68,68,68,76,76,76,76,51],"gold":103,"neow_bonus":"RANDOM_COMMON_RELIC","is_prod":false,"is_daily":false,"chose_seed":false,"campfire_upgraded":6,"win_rate":0,"timestamp":1541487442,"path_taken":["M","?","?","M","M","R","M","R","T","$","?","?","?","E","R","BOSS","M","M","?","?","?","E","?","?","T","M","?","M","E","M","R","BOSS","M","M","?","?","?","R","?","R","T","$","?","?","?","$","R","BOSS"],"build_version":"2018-11-01","purchased_purges":5,"victory":true,"max_hp_per_floor":[80,80,80,80,80,80,80,80,80,80,90,90,90,90,90,90,90,90,90,90,90,95,95,95,102,102,102,102,102,102,102,102,102,102,102,102,102,97,97,97,97,97,97,97,97,99,99,99,99,99],"card_choices":[{"not_picked":["Blood for Blood","Wild Strike","Ghostly Armor"],"picked":"SKIP","floor":1},{"not_picked":["Disarm","Thunderclap","Heavy Blade"],"picked":"SKIP","floor":4},{"not_picked":["Iron Wave","Battle Trance"],"picked":"Clash","floor":5},{"not_picked":["Heavy Blade","Rampage","Wild Strike"],"picked":"SKIP","floor":7},{"not_picked":["Clothesline","Rupture"],"picked":"Shrug It Off","floor":12},{"not_picked":["Twin Strike","Feed","Clash"],"picked":"SKIP","floor":14},{"not_picked":["Combust+1","Sentinel"],"picked":"Body Slam+1","floor":18},{"not_picked":["Heavy Blade","Intimidate+1"],"picked":"Headbutt+1","floor":19},{"not_picked":["Body Slam","Rage"],"picked":"True Grit+1","floor":20},{"not_picked":["Infernal Blade","Entrench"],"picked":"Body Slam+1","floor":21},{"not_picked":["Perfected Strike","Armaments+1","Dual Wield"],"picked":"SKIP","floor":23},{"not_picked":["Perfected Strike","Armaments+1","Dual Wield"],"picked":"SKIP","floor":23},{"not_picked":["Anger","Havoc"],"picked":"Pommel Strike","floor":27},{"not_picked":["Body Slam","Sentinel","Perfected Strike"],"picked":"SKIP","floor":28},{"not_picked":["Searing Blow","Flex","Shockwave"],"picked":"SKIP","floor":29},{"not_picked":["Clothesline","Infernal Blade","Clash"],"picked":"SKIP","floor":30},{"not_picked":["Power Through+1","Heavy Blade"],"picked":"Shrug It Off","floor":31},{"not_picked":["Thunderclap","Iron Wave+1","Twin Strike"],"picked":"SKIP","floor":35},{"not_picked":["Evolve+1","Rage+1","Havoc+1"],"picked":"SKIP","floor":36},{"not_picked":["Second Wind+1","Shockwave+1","Feel No Pain"],"picked":"Singing Bowl","floor":46}],"player_experience":246055,"relics_obtained":[{"floor":9,"key":"Bronze Scales"},{"floor":11,"key":"Pear"},{"floor":12,"key":"Odd Mushroom"},{"floor":14,"key":"MawBank"},{"floor":21,"key":"Red Mask"},{"floor":23,"key":"Red Skull"},{"floor":26,"key":"War Paint"},{"floor":30,"key":"Peace Pipe"},{"floor":37,"key":"Juzu Bracelet"},{"floor":39,"key":"StoneCalendar"},{"floor":43,"key":"Singing Bowl"},{"floor":45,"key":"Shuriken"},{"floor":46,"key":"Magic Flower"}],"event_choices":[{"cards_removed":["Strike_R"],"damage_healed":0,"gold_gain":0,"player_choice":"Card Removal","damage_taken":0,"max_hp_gain":0,"max_hp_loss":0,"event_name":"The Cleric","floor":2,"gold_loss":50},{"damage_healed":0,"gold_gain":0,"player_choice":"Ignored","damage_taken":0,"max_hp_gain":0,"max_hp_loss":0,"event_name":"Liars Game","floor":3,"gold_loss":0},{"damage_healed":0,"gold_gain":0,"player_choice":"Fought Mushrooms","damage_taken":0,"max_hp_gain":0,"max_hp_loss":0,"event_name":"Mushrooms","floor":12,"gold_loss":0},{"damage_healed":0,"gold_gain":0,"player_choice":"Fought Bandits","damage_taken":0,"max_hp_gain":0,"max_hp_loss":0,"event_name":"Masked Bandits","floor":21,"gold_loss":0},{"damage_healed":0,"gold_gain":0,"player_choice":"Shed Blood","damage_taken":23,"max_hp_gain":5,"max_hp_loss":0,"event_name":"Forgotten Altar","floor":22,"gold_loss":0},{"damage_healed":0,"gold_gain":0,"player_choice":"Opened","damage_taken":0,"relics_obtained":["Bag of Marbles"],"max_hp_gain":0,"max_hp_loss":0,"event_name":"The Mausoleum","floor":24,"gold_loss":0,"cards_obtained":["Writhe"]},{"damage_healed":0,"gold_gain":0,"player_choice":"Max HP","damage_taken":0,"max_hp_gain":0,"max_hp_loss":5,"event_name":"Winding Halls","floor":38,"gold_loss":0},{"damage_healed":0,"gold_gain":0,"player_choice":"Fight","damage_taken":0,"max_hp_gain":0,"max_hp_loss":0,"event_name":"MindBloom","floor":39,"gold_loss":0},{"damage_healed":0,"gold_gain":0,"player_choice":"Fight","damage_taken":0,"max_hp_gain":0,"max_hp_loss":0,"event_name":"Mysterious Sphere","floor":46,"gold_loss":0},{"damage_healed":0,"gold_gain":222,"player_choice":"Wore Mask","damage_taken":0,"max_hp_gain":0,"max_hp_loss":0,"event_name":"Tomb of Lord Red Mask","floor":47,"gold_loss":0}],"is_beta":false,"boss_relics":[{"not_picked":["Black Blood","Cursed Key"],"picked":"Sozu"},{"not_picked":["Lizard Tail","Philosopher\u0027s Stone"],"picked":"Coffee Dripper"}],"items_purged_floors":[10,25,41,44,48],"is_endless":false,"potions_floor_spawned":[1,5,7,12,16,18,20,21,29,31,46],"ascension_level":0}