{"gold_per_floor":[119,44,57,57,107,140,140,167,194,194,18,84,134,154,154,154],"floor_reached":16,"playtime":515,"items_purged":[],"score":200,"play_id":"88d460ec-3dae-41b5-bded-70feb444824a","local_time":"20180918111616","is_ascension_mode":true,"campfire_choices":[{"floor":7,"key":"REST"},{"floor":10,"key":"REST"},{"data":"Zap","floor":15,"key":"SMITH"}],"neow_cost":"NONE","seed_source_timestamp":55795737790251,"circlet_count":0,"master_deck":["Strike_B","Strike_B","Defend_B","Defend_B","Defend_B","Defend_B","Zap+1","Dualcast","AscendersBane","Capacitor","Ball Lightning","Cold Snap","Pain","Steam","Compile Driver","Conserve Battery","Coolheaded"],"relics":["Cracked Core","SsserpentHead","WarpedTongs","Dream Catcher","Sundial","Centennial Puzzle","DataDisk","Golden Idol"],"potions_floor_usage":[6,16],"damage_taken":[{"damage":4,"enemies":"Small Slimes","floor":1,"turns":3},{"damage":2,"enemies":"Jaw Worm","floor":3,"turns":4},{"damage":28,"enemies":"Gremlin Nob","floor":6,"turns":5},{"damage":37,"enemies":"3 Sentries","floor":8,"turns":7},{"damage":3,"enemies":"Cultist","floor":12,"turns":2},{"damage":10,"enemies":"Red Slaver","floor":14,"turns":4},{"damage":22,"enemies":"Hexaghost","floor":16,"turns":9}],"seed_played":"-699511588746208927","potions_obtained":[{"floor":3,"key":"LiquidBronze"},{"floor":14,"key":"Swift Potion"}],"is_trial":false,"path_per_floor":["M","?","M","?","?","E","R","E","T","R","$","M","?","M","R"],"character_chosen":"DEFECT","items_purchased":["DataDisk"],"campfire_rested":2,"item_purchase_floors":[11],"current_hp_per_floor":[60,60,58,58,58,30,51,14,14,35,35,32,32,22,22,0],"gold":154,"neow_bonus":"TRANSFORM_CARD","is_prod":false,"is_daily":false,"chose_seed":false,"campfire_upgraded":1,"win_rate":0,"timestamp":1537262176,"path_taken":["M","?","M","?","?","E","R","E","T","R","$","?","?","M","R","BOSS"],"build_version":"2018-09-06","purchased_purges":0,"victory":false,"max_hp_per_floor":[71,71,71,71,71,71,71,71,71,71,71,71,64,64,64,64],"card_choices":[{"not_picked":["Sweeping Beam","Force Field"],"picked":"Ball Lightning","floor":1},{"not_picked":["Recycle","Sweeping Beam"],"picked":"Cold Snap","floor":3},{"not_picked":["Barrage","Machine Learning"],"picked":"Steam","floor":6},{"not_picked":["White Noise","Ball Lightning"],"picked":"Compile Driver","floor":7},{"not_picked":["Chaos","Biased Cognition"],"picked":"Conserve Battery","floor":8},{"not_picked":["Leap","Beam Cell"],"picked":"Coolheaded","floor":12},{"not_picked":["Turbo","Genetic Algorithm","Stack"],"picked":"SKIP","floor":14}],"player_experience":745923,"relics_obtained":[{"floor":6,"key":"Dream Catcher"},{"floor":8,"key":"Sundial"},{"floor":9,"key":"Centennial Puzzle"}],"event_choices":[{"event_name":"The Cleric","player_choice":"Card Removal","floor":2,"damage_taken":0},{"event_name":"FaceTrader","player_choice":"Trade","floor":4,"damage_taken":0},{"event_name":"Accursed Blacksmith","player_choice":"Rummage","floor":5,"damage_taken":0},{"event_name":"Golden Idol","player_choice":"Lose Max HP","floor":13,"damage_taken":0}],"is_beta":false,"boss_relics":[],"items_purged_floors":[],"is_endless":false,"potions_floor_spawned":[3,14],"killed_by":"Hexaghost","ascension_level":17}