{"gold_per_floor":[113,288,288,300,320,345,361,361],"floor_reached":8,"playtime":717,"items_purged":[],"score":87,"play_id":"52d6d247-dba0-4c8e-8fb5-7904cf4f65b6","local_time":"20190304212326","is_ascension_mode":true,"campfire_choices":[],"neow_cost":"NONE","seed_source_timestamp":1556072996483111,"circlet_count":0,"master_deck":["AscendersBane","Strike_B","Strike_B","Strike_B","Strike_B","Defend_B","Defend_B","Defend_B","Defend_B","Zap","Dualcast","Sweeping Beam","Doubt","Finesse","Creative AI","Coolheaded","Sunder","Steam","Skim"],"special_seed":0,"relics":["Cracked Core","NeowsBlessing","Bronze Scales"],"potions_floor_usage":[8],"damage_taken":[{"damage":0.0,"enemies":"Jaw Worm","floor":1.0,"turns":1.0},{"damage":0.0,"enemies":"Cultist","floor":4.0,"turns":1.0},{"damage":0.0,"enemies":"2 Louse","floor":5.0,"turns":1.0},{"damage":20,"enemies":"3 Sentries","floor":6,"turns":8},{"damage":24,"enemies":"Large Slime","floor":7,"turns":6},{"damage":30,"enemies":"Gremlin Nob","floor":8,"turns":3}],"seed_played":"-2735267778262394943","potions_obtained":[{"floor":4.0,"key":"PowerPotion"},{"floor":6,"key":"Dexterity Potion"}],"is_trial":false,"path_per_floor":["M","?","?","M","M","E","M","E"],"character_chosen":"DEFECT","items_purchased":[],"campfire_rested":0,"item_purchase_floors":[],"current_hp_per_floor":[68,68,68,68,68,48,24,0],"gold":361,"neow_bonus":"THREE_ENEMY_KILL","is_prod":false,"is_daily":false,"chose_seed":false,"campfire_upgraded":0,"win_rate":0,"timestamp":1551752606,"path_taken":["M","?","?","?","M","E","M","E"],"build_version":"2019-01-23","purchased_purges":0,"victory":false,"max_hp_per_floor":[75,75,75,75,75,75,75,75],"card_choices":[{"not_picked":["Coolheaded","Go for the Eyes"],"picked":"Sweeping Beam","floor":1.0},{"not_picked":["Barrage","Hologram"],"picked":"Coolheaded","floor":4.0},{"not_picked":["Turbo","Machine Learning"],"picked":"Sunder","floor":5.0},{"not_picked":["Sunder","Sweeping Beam"],"picked":"Steam","floor":6},{"not_picked":["Redo","Force Field"],"picked":"Skim","floor":7}],"player_experience":599520,"relics_obtained":[{"floor":6,"key":"Bronze Scales"}],"event_choices":[{"damage_healed":0.0,"max_hp_gain":0.0,"max_hp_loss":0.0,"gold_gain":175.0,"event_name":"Liars Game","player_choice":"AGREE","floor":2.0,"gold_loss":0.0,"damage_taken":0.0,"cards_obtained":["Doubt"]},{"damage_healed":0.0,"max_hp_gain":0.0,"max_hp_loss":0.0,"gold_gain":0.0,"event_name":"Match and Keep!","player_choice":"2 cards matched","floor":3.0,"gold_loss":0.0,"damage_taken":0.0,"cards_obtained":["Finesse","Creative AI"]}],"is_beta":false,"boss_relics":[],"items_purged_floors":[],"is_endless":false,"potions_floor_spawned":[4,6],"killed_by":"Gremlin Nob","ascension_level":10}