{"gold_per_floor":[116,130,130,148,148,148,182,207,207,207,207],"floor_reached":11,"playtime":364,"items_purged":[],"score":146,"play_id":"e5b0d23d-8512-47a5-8159-5537871e882a","local_time":"20190115015422","is_ascension_mode":true,"campfire_choices":[{"data":"Zap","floor":6.0,"key":"SMITH"},{"data":"Dualcast","floor":10.0,"key":"SMITH"}],"neow_cost":"CURSE","seed_source_timestamp":456549960872663,"circlet_count":0,"master_deck":["AscendersBane","Strike_B","Strike_B","Strike_B","Strike_B","Defend_B","Defend_B","Defend_B","Defend_B","Zap+1","Dualcast+1","Clumsy","Cold Snap","Steam","Cold Snap","Conserve Battery","Cold Snap"],"special_seed":0,"relics":["Cracked Core","Gambling Chip","Golden Idol","Bronze Scales","The Courier"],"potions_floor_usage":[11],"damage_taken":[{"damage":4.0,"enemies":"Jaw Worm","floor":1.0,"turns":4.0},{"damage":0.0,"enemies":"Cultist","floor":2.0,"turns":3.0},{"damage":4.0,"enemies":"2 Louse","floor":4.0,"turns":3.0},{"damage":22.0,"enemies":"Lagavulin","floor":7.0,"turns":9.0},{"damage":6.0,"enemies":"Blue Slaver","floor":8.0,"turns":3.0},{"damage":51,"enemies":"Gremlin Nob","floor":11,"turns":4}],"seed_played":"7610692905363254769","potions_obtained":[{"floor":7.0,"key":"Dexterity Potion"}],"is_trial":false,"path_per_floor":["M","M","?","M","?","R","E","M","T","R","E"],"character_chosen":"DEFECT","items_purchased":[],"campfire_rested":0,"item_purchase_floors":[],"current_hp_per_floor":[60,60,60,56,56,56,34,28,28,28,0],"gold":207,"neow_bonus":"ONE_RARE_RELIC","is_prod":false,"is_daily":false,"chose_seed":false,"campfire_upgraded":2,"win_rate":0,"timestamp":1547513662,"path_taken":["M","M","?","?","?","R","E","M","T","R","E"],"build_version":"2019-01-10","purchased_purges":0,"victory":false,"max_hp_per_floor":[71,71,71,71,64,64,64,64,64,64,64],"card_choices":[{"not_picked":["Streamline","Self Repair"],"picked":"Cold Snap","floor":1.0},{"not_picked":["Consume","Turbo"],"picked":"Steam","floor":2.0},{"not_picked":["Lockon","Streamline"],"picked":"Cold Snap","floor":4.0},{"not_picked":["Steam Power","Double Energy"],"picked":"Conserve Battery","floor":7.0},{"not_picked":["Stack","Leap"],"picked":"Cold Snap","floor":8.0}],"player_experience":910092,"relics_obtained":[{"floor":7.0,"key":"Bronze Scales"},{"floor":9.0,"key":"The Courier"}],"event_choices":[{"damage_healed":0.0,"max_hp_gain":0.0,"max_hp_loss":0.0,"gold_gain":0.0,"event_name":"Match and Keep!","player_choice":"0 cards matched","floor":3.0,"gold_loss":0.0,"damage_taken":0.0,"cards_obtained":[]},{"damage_healed":0.0,"max_hp_gain":0.0,"max_hp_loss":7.0,"gold_gain":0.0,"event_name":"Golden Idol","player_choice":"Lose Max HP","floor":5.0,"gold_loss":0.0,"damage_taken":0.0,"relics_obtained":["Golden Idol"]}],"is_beta":false,"boss_relics":[],"items_purged_floors":[],"is_endless":false,"potions_floor_spawned":[7],"killed_by":"Gremlin Nob","ascension_level":20}