{"gold_per_floor":[112,131,281,281,39,4,4,14,14,14,32,32,58,3,3,78,78,92,103,103,115,130,158,208,208,235,235,235,235,270,195,195,195],"floor_reached":33,"playtime":892,"items_purged":["Doubt"],"score":562,"play_id":"57feec32-eb9c-44b4-a919-68c53b06523a","local_time":"20190227233743","is_ascension_mode":true,"campfire_choices":[{"data":"Dagger Spray","floor":7.0,"key":"SMITH"},{"data":"All Out Attack","floor":12,"key":"SMITH"},{"data":"Terror","floor":15,"key":"SMITH"},{"floor":25,"key":"REST"},{"data":"Glass Knife","floor":27,"key":"SMITH"},{"floor":29,"key":"REST"},{"floor":32,"key":"REST"}],"neow_cost":"NONE","seed_source_timestamp":116926241272827,"circlet_count":0,"master_deck":["AscendersBane","Defend_G","Defend_G","Defend_G","Defend_G","Defend_G","Strike_G","Strike_G","Strike_G","Survivor","Neutralize","Dagger Throw","Dagger Spray+1","A Thousand Cuts+1","All Out Attack+1","Terror+1","Glass Knife+1","Backflip","Skewer","Endless Agony"],"special_seed":0,"relics":["Ring of the Snake","Bag of Marbles","Frozen Egg 2","Snake Skull","Ice Cream","Gremlin Horn","Sozu","Unceasing Top","Shuriken","Potion Belt","Nilry\u0027s Codex","Singing Bowl"],"potions_floor_usage":[13,13,16,30],"damage_taken":[{"damage":18.0,"enemies":"Jaw Worm","floor":1.0,"turns":8.0},{"damage":0.0,"enemies":"2 Louse","floor":2.0,"turns":2.0},{"damage":0.0,"enemies":"Cultist","floor":8.0,"turns":2.0},{"damage":0,"enemies":"Lots of Slimes","floor":11,"turns":1},{"damage":17,"enemies":"Lagavulin","floor":13,"turns":5},{"damage":13,"enemies":"Slime Boss","floor":16,"turns":6},{"damage":5,"enemies":"3 Byrds","floor":18,"turns":3},{"damage":0,"enemies":"Chosen","floor":19,"turns":3},{"damage":20,"enemies":"Snake Plant","floor":21,"turns":4},{"damage":9,"enemies":"Chosen and Byrds","floor":22,"turns":4},{"damage":11,"enemies":"Gremlin Leader","floor":23,"turns":6},{"damage":10,"enemies":"Slavers","floor":30,"turns":3},{"damage":60,"enemies":"Automaton","floor":33,"turns":6}],"seed_played":"203041132420237340","potions_obtained":[{"floor":1.0,"key":"Strength Potion"},{"floor":8.0,"key":"Poison Potion"},{"floor":16,"key":"FearPotion"}],"is_trial":false,"path_per_floor":["M","M","?","?","$","?","R","M","T","?","M","R","E","$","R","B",null,"M","M","T","M","M","E","?","R","T","R","?","R","E","?","R","B"],"character_chosen":"THE_SILENT","items_purchased":["Snake Skull","PowerPotion"],"campfire_rested":3,"item_purchase_floors":[5,14],"current_hp_per_floor":[41,41,41,15,15,31,31,31,31,31,31,31,14,14,14,1,50,45,45,45,25,16,5,5,24,24,24,3,22,14,14,34,0],"gold":195,"neow_bonus":"RANDOM_COMMON_RELIC","is_prod":false,"is_daily":false,"chose_seed":false,"campfire_upgraded":4,"win_rate":0,"timestamp":1551307063,"path_taken":["M","M","?","?","$","?","R","M","T","?","M","R","E","?","R","BOSS","M","M","?","?","M","E","?","R","T","R","?","R","E","?","R","BOSS"],"build_version":"2019-01-23","purchased_purges":1,"victory":false,"max_hp_per_floor":[66,66,66,66,66,66,66,66,66,66,66,66,66,66,66,66,66,66,66,66,66,66,66,66,66,66,66,66,66,68,68,68,68],"card_choices":[{"not_picked":["All Out Attack","Bane"],"picked":"Dagger Throw","floor":1.0},{"not_picked":["Dagger Throw","Prepared"],"picked":"Dagger Spray","floor":2.0},{"not_picked":["Bane","Poisoned Stab"],"picked":"A Thousand Cuts+1","floor":8.0},{"not_picked":["Quick Slash","Acrobatics"],"picked":"All Out Attack","floor":11},{"not_picked":["Choke","Flying Knee"],"picked":"Terror","floor":13},{"not_picked":["Tools of the Trade+1","Venomology"],"picked":"Glass Knife","floor":16},{"not_picked":["Quick Slash","Tactician","Deadly Poison"],"picked":"SKIP","floor":18},{"not_picked":["Slice","Calculated Gamble"],"picked":"Backflip","floor":19},{"not_picked":["Flying Knee","Eviscerate","PiercingWail"],"picked":"SKIP","floor":21},{"not_picked":["Flying Knee","Underhanded Strike"],"picked":"Skewer","floor":22},{"not_picked":["Flechettes","Backflip"],"picked":"Endless Agony","floor":23},{"not_picked":["Reflex","Catalyst","Deadly Poison"],"picked":"Singing Bowl","floor":30}],"player_experience":1154719,"relics_obtained":[{"floor":9.0,"key":"Ice Cream"},{"floor":13,"key":"Gremlin Horn"},{"floor":20,"key":"Unceasing Top"},{"floor":23,"key":"Shuriken"},{"floor":26,"key":"Potion Belt"},{"floor":28,"key":"Nilry\u0027s Codex"},{"floor":30,"key":"Singing Bowl"}],"event_choices":[{"damage_healed":0.0,"max_hp_gain":0.0,"max_hp_loss":0.0,"gold_gain":150.0,"event_name":"Liars Game","player_choice":"AGREE","floor":3.0,"gold_loss":0.0,"damage_taken":0.0,"cards_obtained":["Doubt"]},{"damage_healed":0.0,"max_hp_gain":0.0,"max_hp_loss":0.0,"gold_gain":0.0,"event_name":"Scrap Ooze","player_choice":"Success","floor":4.0,"gold_loss":0.0,"damage_taken":26.0,"relics_obtained":["Frozen Egg 2"]},{"damage_healed":16.0,"max_hp_gain":0.0,"max_hp_loss":0.0,"gold_gain":0.0,"event_name":"The Cleric","player_choice":"Healed","floor":6.0,"gold_loss":35.0,"damage_taken":0.0},{"cards_removed":["Strike_G"],"damage_healed":0,"gold_gain":0,"player_choice":"Forget","damage_taken":0,"max_hp_gain":0,"max_hp_loss":0,"event_name":"Living Wall","floor":10,"gold_loss":0},{"damage_healed":0,"gold_gain":50,"player_choice":"Stole From Cult","damage_taken":0,"max_hp_gain":0,"max_hp_loss":0,"event_name":"Nest","floor":24,"gold_loss":0},{"damage_healed":0,"gold_gain":0,"player_choice":"Obtained Book","damage_taken":21,"max_hp_gain":0,"max_hp_loss":0,"event_name":"Cursed Tome","floor":28,"gold_loss":0},{"cards_removed":["Strike_G"],"damage_healed":0,"gold_gain":0,"player_choice":"Gave Gold","damage_taken":0,"max_hp_gain":0,"max_hp_loss":0,"event_name":"Beggar","floor":31,"gold_loss":75}],"is_beta":false,"boss_relics":[{"not_picked":["HoveringKite","Orrery"],"picked":"Sozu"}],"items_purged_floors":[5],"is_endless":false,"potions_floor_spawned":[1,8,16,18,19,23],"killed_by":"Automaton","ascension_level":20}