{"gold_per_floor":[114,114,133,133,147,147,3,23,23,46,46,60,75,75,75,194,194,210,223,293,318,368,403,473,473,473,523,518,542,542,556,556,556],"floor_reached":33,"playtime":2020,"items_purged":[],"score":263,"play_id":"54a0f20c-fe2d-4004-a0bf-bf850b1159a2","local_time":"20190130184006","is_ascension_mode":false,"campfire_choices":[{"data":"Poisoned Stab","floor":6,"key":"SMITH"},{"data":"Neutralize","floor":11,"key":"SMITH"},{"floor":15,"key":"REST"},{"floor":25,"key":"REST"},{"floor":30,"key":"REST"},{"floor":32,"key":"REST"}],"neow_cost":"NONE","seed_source_timestamp":1724302202186204,"circlet_count":0,"master_deck":["Defend_G","Defend_G","Defend_G","Defend_G","Defend_G","Strike_G","Strike_G","Strike_G","Strike_G","Strike_G","Survivor","Neutralize+1","Cloak And Dagger","Injury","Flying Knee","Poisoned Stab+1","Deflect","All Out Attack","Glass Knife","PiercingWail+1","Poisoned Stab","Deadly Poison","Bane","Bane","Necronomicurse"],"relics":["Ring of the Snake","Orichalcum","Golden Idol","Boot","Mercury Hourglass","SsserpentHead","Fusion Hammer","Question Card","Centennial Puzzle","The Courier","Necronomicon","Tiny Chest"],"potions_floor_usage":[8,16,18,18,18,23,23,23,33],"damage_taken":[{"damage":5,"enemies":"Small Slimes","floor":1,"turns":4},{"damage":2,"enemies":"Jaw Worm","floor":3,"turns":4},{"damage":0,"enemies":"Cultist","floor":5,"turns":4},{"damage":6,"enemies":"Large Slime","floor":8,"turns":6},{"damage":2,"enemies":"Lots of Slimes","floor":10,"turns":3},{"damage":4,"enemies":"3 Louse","floor":12,"turns":3},{"damage":0,"enemies":"Blue Slaver","floor":13,"turns":2},{"damage":40,"enemies":"The Guardian","floor":16,"turns":10},{"damage":0,"enemies":"3 Byrds","floor":18,"turns":2},{"damage":8,"enemies":"Shell Parasite","floor":19,"turns":3},{"damage":19,"enemies":"Centurion and Healer","floor":20,"turns":5},{"damage":27,"enemies":"Sentry and Sphere","floor":21,"turns":4},{"damage":25,"enemies":"Book of Stabbing","floor":23,"turns":5},{"damage":8,"enemies":"Snecko","floor":24,"turns":5},{"damage":4,"enemies":"Cultist and Chosen","floor":29,"turns":4},{"damage":11,"enemies":"Snake Plant","floor":31,"turns":4},{"damage":85,"enemies":"Automaton","floor":33,"turns":6}],"seed_played":"4634865014056677591","potions_obtained":[{"floor":3,"key":"GhostInAJar"},{"floor":5,"key":"Explosive Potion"},{"floor":12,"key":"EntropicBrew"},{"floor":13,"key":"Poison Potion"},{"floor":18,"key":"Regen Potion"},{"floor":31,"key":"Swift Potion"}],"is_trial":false,"path_per_floor":["M","?","M","?","M","R","$","M","T","M","R","M","M","?","R","B",null,"M","M","M","M","?","E","M","R","T","?","?","M","R","M","R","B"],"character_chosen":"THE_SILENT","items_purchased":["Boot"],"campfire_rested":4,"item_purchase_floors":[7],"current_hp_per_floor":[65,65,63,63,63,63,63,57,57,55,55,51,51,51,70,30,70,70,62,43,16,16,25,17,38,38,22,22,18,39,28,49,0],"gold":556,"neow_bonus":"RANDOM_COMMON_RELIC","is_prod":false,"is_daily":false,"chose_seed":false,"campfire_upgraded":2,"win_rate":0.0,"timestamp":1548834006,"path_taken":["M","?","M","?","M","R","?","M","T","M","R","M","M","?","R","BOSS","M","M","?","M","?","E","?","R","T","?","?","M","R","M","R","BOSS"],"build_version":"2019-01-23","purchased_purges":0,"victory":false,"max_hp_per_floor":[70,70,70,70,70,70,70,70,70,70,70,70,70,70,70,70,70,70,70,70,70,70,70,70,70,70,70,70,70,70,70,70,70],"card_choices":[{"not_picked":["Dagger Throw","Underhanded Strike"],"picked":"Cloak And Dagger","floor":1},{"not_picked":["Predator","Heel Hook"],"picked":"Flying Knee","floor":3},{"not_picked":["Eviscerate","Calculated Gamble"],"picked":"Poisoned Stab","floor":5},{"not_picked":["Backflip","Acrobatics","PiercingWail"],"picked":"SKIP","floor":8},{"not_picked":["Flechettes","Dagger Throw","Outmaneuver"],"picked":"SKIP","floor":10},{"not_picked":["Backflip","Blade Dance"],"picked":"Deflect","floor":12},{"not_picked":["Doppelganger","Prepared"],"picked":"All Out Attack","floor":13},{"not_picked":["Adrenaline","Burst"],"picked":"Glass Knife","floor":16},{"not_picked":["Heel Hook+1","Acrobatics"],"picked":"PiercingWail+1","floor":18},{"not_picked":["Dagger Spray+1","Blade Dance"],"picked":"Poisoned Stab","floor":19},{"not_picked":["Distraction","Deflect+1"],"picked":"Deadly Poison","floor":20},{"not_picked":["Cloak And Dagger+1","Catalyst"],"picked":"Bane","floor":21},{"not_picked":["Sucker Punch+1","Doppelganger","Dagger Throw","Flechettes"],"picked":"SKIP","floor":23},{"not_picked":["Underhanded Strike","Dodge and Roll","Acrobatics+1"],"picked":"Bane","floor":24},{"not_picked":["Acrobatics","Dagger Spray","Escape Plan","Expertise"],"picked":"SKIP","floor":29},{"not_picked":["Dagger Throw+1","Acrobatics","Quick Slash","Flechettes+1"],"picked":"SKIP","floor":31}],"player_experience":112743,"relics_obtained":[{"floor":9,"key":"Mercury Hourglass"},{"floor":22,"key":"Question Card"},{"floor":23,"key":"Centennial Puzzle"},{"floor":26,"key":"The Courier"},{"floor":27,"key":"Necronomicon"}],"event_choices":[{"damage_healed":0,"gold_gain":0,"player_choice":"Take Wound","damage_taken":0,"relics_obtained":["Golden Idol"],"max_hp_gain":0,"max_hp_loss":0,"event_name":"Golden Idol","floor":2,"gold_loss":0,"cards_obtained":["Injury"]},{"damage_healed":0,"gold_gain":0,"player_choice":"Ignored","damage_taken":0,"max_hp_gain":0,"max_hp_loss":0,"event_name":"Liars Game","floor":4,"gold_loss":0},{"damage_healed":0,"gold_gain":0,"player_choice":"Trade","damage_taken":0,"relics_obtained":["SsserpentHead"],"max_hp_gain":0,"max_hp_loss":0,"event_name":"FaceTrader","floor":14,"gold_loss":0},{"damage_healed":0,"gold_gain":0,"player_choice":"Relic","damage_taken":0,"max_hp_gain":0,"max_hp_loss":0,"event_name":"Wheel of Change","floor":22,"gold_loss":0},{"damage_healed":0,"gold_gain":0,"player_choice":"Obtained Book","damage_taken":16,"max_hp_gain":0,"max_hp_loss":0,"event_name":"Cursed Tome","floor":27,"gold_loss":0},{"damage_healed":0,"gold_gain":0,"player_choice":"Obtained Relic","damage_taken":0,"relics_obtained":["Tiny Chest"],"max_hp_gain":0,"max_hp_loss":0,"event_name":"Addict","floor":28,"gold_loss":85}],"is_beta":false,"boss_relics":[{"not_picked":["HoveringKite","Coffee Dripper"],"picked":"Fusion Hammer"}],"items_purged_floors":[],"is_endless":false,"potions_floor_spawned":[3,5,12,13,18,19,31],"killed_by":"Automaton","ascension_level":0}