{"gold_per_floor":[109,284,300,20,38,38,66,66,92,102,102,128,142,154,154,257,257,267,182,32,32,32,32,67,67,92,120,150,168,168,12,12,12],"floor_reached":33,"playtime":940,"items_purged":["Doubt"],"score":437,"play_id":"513bed6b-aafe-45a0-b89f-61bff84db38f","local_time":"20190211211535","is_ascension_mode":true,"campfire_choices":[{"data":"Zap","floor":6.0,"key":"SMITH"},{"data":"Ball Lightning","floor":8.0,"key":"SMITH"},{"data":"Dualcast","floor":15.0,"key":"SMITH"},{"data":"Fission","floor":23,"key":"SMITH"},{"data":"Defragment","floor":32,"key":"SMITH"}],"neow_cost":"TEN_PERCENT_HP_LOSS","seed_source_timestamp":2474751125639,"circlet_count":0,"master_deck":["AscendersBane","Strike_B","Strike_B","Defend_B","Defend_B","Defend_B","Defend_B","Zap+1","Dualcast+1","Thunder Strike","Ball Lightning+1","Chill+1","BootSequence","Conserve Battery+1","Ball Lightning","Ball Lightning","Fission+1","Defragment+1","Tempest","Steam+1","Self Repair"],"special_seed":0,"relics":["Cracked Core","Toy Ornithopter","Strawberry","Art of War","Blue Candle","Eternal Feather","Prayer Wheel","Juzu Bracelet","Du-Vu Doll","War Paint","Potion Belt","Red Mask","Bag of Marbles"],"potions_floor_usage":[16,24,27,27,27,28,33],"damage_taken":[{"damage":12.0,"enemies":"Jaw Worm","floor":1.0,"turns":3.0},{"damage":7.0,"enemies":"2 Louse","floor":3.0,"turns":3.0},{"damage":0.0,"enemies":"Cultist","floor":5.0,"turns":3.0},{"damage":24.0,"enemies":"Gremlin Nob","floor":7.0,"turns":4.0},{"damage":5.0,"enemies":"Large Slime","floor":10.0,"turns":4.0},{"damage":14.0,"enemies":"Lagavulin","floor":12.0,"turns":5.0},{"damage":0.0,"enemies":"Blue Slaver","floor":13.0,"turns":3.0},{"damage":9.0,"enemies":"3 Louse","floor":14.0,"turns":3.0},{"damage":6,"enemies":"Slime Boss","floor":16,"turns":6},{"damage":0,"enemies":"Chosen","floor":18,"turns":3},{"damage":34,"enemies":"Gremlin Leader","floor":24,"turns":5},{"damage":19,"enemies":"Book of Stabbing","floor":27,"turns":5},{"damage":28,"enemies":"Masked Bandits","floor":28,"turns":4},{"damage":10,"enemies":"3 Byrds","floor":29,"turns":4},{"damage":52,"enemies":"Collector","floor":33,"turns":8}],"seed_played":"-5783042025437718841","potions_obtained":[{"floor":5.0,"key":"Regen Potion"},{"floor":10.0,"key":"Strength Potion"},{"floor":12.0,"key":"PowerPotion"},{"floor":22,"key":"EssenceOfSteel"},{"floor":22,"key":"FocusPotion"},{"floor":24,"key":"SpeedPotion"},{"floor":27,"key":"Fruit Juice"},{"floor":28,"key":"GamblersBrew"}],"is_trial":false,"path_per_floor":["M","?","M","$","M","R","E","R","T","M","?","E","M","M","R","B",null,"M","?","$","?","?","R","E","?","T","E","?","M","?","$","R","B"],"character_chosen":"DEFECT","items_purchased":["Toy Ornithopter","Juzu Bracelet","Bag of Marbles"],"campfire_rested":0,"item_purchase_floors":[4,20,31],"current_hp_per_floor":[56,56,49,49,49,49,49,49,49,44,37,23,23,14,14,13,60,60,60,60,60,60,69,40,40,40,41,18,8,8,8,20,0],"gold":12,"neow_bonus":"THREE_RARE_CARDS","is_prod":false,"is_daily":false,"chose_seed":false,"campfire_upgraded":5,"win_rate":0,"timestamp":1549916135,"path_taken":["M","?","M","$","M","R","E","R","T","M","?","E","M","M","R","BOSS","M","?","$","?","?","R","E","?","T","E","?","M","?","?","R","BOSS"],"build_version":"2019-01-23","purchased_purges":1,"victory":false,"max_hp_per_floor":[68,68,68,68,68,68,75,75,75,75,75,75,75,75,75,75,75,75,75,75,75,75,75,75,75,75,80,80,80,80,80,80,80],"card_choices":[{"not_picked":["Machine Learning","Buffer"],"picked":"Thunder Strike","floor":0.0},{"not_picked":["Cold Snap","Gash"],"picked":"Ball Lightning","floor":1.0},{"not_picked":["Rip and Tear","Genetic Algorithm"],"picked":"Chill","floor":3.0},{"not_picked":["Melter","Sunder"],"picked":"BootSequence","floor":5.0},{"not_picked":["Leap","Cold Snap"],"picked":"Conserve Battery","floor":7.0},{"not_picked":["Gash","Barrage","Rebound"],"picked":"SKIP","floor":10.0},{"not_picked":["Auto Shields","Go for the Eyes"],"picked":"Ball Lightning","floor":12.0},{"not_picked":["Machine Learning","Compile Driver","Barrage"],"picked":"SKIP","floor":13.0},{"not_picked":["Steam","Turbo"],"picked":"Ball Lightning","floor":14.0},{"not_picked":["Reboot","Hyperbeam"],"picked":"Fission","floor":16},{"not_picked":["Darkness","Sweeping Beam"],"picked":"Defragment","floor":18},{"not_picked":["Turbo","Meteor Strike","Cold Snap"],"picked":"SKIP","floor":24},{"not_picked":["Heatsinks","Coolheaded"],"picked":"Tempest","floor":27},{"not_picked":["Skim+1","Sunder"],"picked":"Steam+1","floor":28},{"not_picked":["Coolheaded","Barrage"],"picked":"Self Repair","floor":29},{"not_picked":["Compile Driver","Coolheaded","Sweeping Beam"],"picked":"SKIP","floor":29}],"player_experience":1047780,"relics_obtained":[{"floor":7.0,"key":"Strawberry"},{"floor":9.0,"key":"Art of War"},{"floor":12.0,"key":"Blue Candle"},{"floor":24,"key":"Du-Vu Doll"},{"floor":26,"key":"War Paint"},{"floor":27,"key":"Potion Belt"},{"floor":28,"key":"Red Mask"}],"event_choices":[{"damage_healed":0.0,"max_hp_gain":0.0,"max_hp_loss":0.0,"gold_gain":175.0,"event_name":"Liars Game","player_choice":"AGREE","floor":2.0,"gold_loss":0.0,"damage_taken":0.0,"cards_obtained":["Doubt"]},{"cards_removed":["Strike_B"],"damage_healed":0.0,"max_hp_gain":0.0,"max_hp_loss":0.0,"gold_gain":0.0,"event_name":"Golden Wing","player_choice":"Card Removal","floor":11.0,"gold_loss":0.0,"damage_taken":7.0},{"damage_healed":0,"gold_gain":0,"player_choice":"Obtained Relic","damage_taken":0,"relics_obtained":["Prayer Wheel"],"max_hp_gain":0,"max_hp_loss":0,"event_name":"Addict","floor":19,"gold_loss":85},{"damage_healed":0,"gold_gain":0,"player_choice":"Ignored","damage_taken":0,"max_hp_gain":0,"max_hp_loss":0,"event_name":"Beggar","floor":21,"gold_loss":0},{"damage_healed":0,"gold_gain":0,"player_choice":"Got Potions","damage_taken":0,"max_hp_gain":0,"max_hp_loss":0,"event_name":"Lab","floor":22,"gold_loss":0},{"cards_removed":["Strike_B"],"damage_healed":0,"gold_gain":0,"player_choice":"Elegance","damage_taken":0,"max_hp_gain":0,"max_hp_loss":0,"event_name":"Back to Basics","floor":25,"gold_loss":0},{"damage_healed":0,"gold_gain":0,"player_choice":"Fought Bandits","damage_taken":0,"max_hp_gain":0,"max_hp_loss":0,"event_name":"Masked Bandits","floor":28,"gold_loss":0},{"damage_healed":0,"gold_gain":0,"player_choice":"Ignored","damage_taken":0,"max_hp_gain":0,"max_hp_loss":0,"event_name":"Cursed Tome","floor":30,"gold_loss":0}],"is_beta":false,"boss_relics":[{"not_picked":["Snecko Eye","Sozu"],"picked":"Eternal Feather"}],"items_purged_floors":[4],"is_endless":false,"potions_floor_spawned":[5,10,12,24,27,28],"killed_by":"Collector","ascension_level":10}