{"gold_per_floor":[115,131,131,145,162,162,196,196,219,251,266,285,285,312,312,389,389,344,344,344,157,157,157,157,157,157,157,157,157,157,157,157,157,157,157,88,88,88,88,88,88,88],"floor_reached":42,"playtime":3033,"items_purged":[],"score":838,"play_id":"65e98d1d-561f-4972-9f40-8e0ef216ad75","local_time":"20190219171222","is_ascension_mode":true,"campfire_choices":[{"data":"Bash","floor":6.0,"key":"SMITH"},{"floor":13.0,"key":"REST"},{"floor":15.0,"key":"REST"},{"floor":24.0,"key":"REST"},{"floor":27.0,"key":"REST"},{"floor":32.0,"key":"REST"}],"neow_cost":"NONE","seed_source_timestamp":0,"circlet_count":0,"master_deck":["AscendersBane","Strike_R+1","Strike_R+1","Defend_R+1","Defend_R+1","Defend_R+1","Defend_R+1","Bash+1","True Grit","Cleave","Cleave","Anger+1","Pummel","Hemokinesis","Limit Break","Fire Breathing+1","Spot Weakness","Combust+1","Heavy Blade+1","Battle Trance","Flame Barrier","Juggernaut+1","Twin Strike","Barricade+1","Blood for Blood+1","Rampage+1","Intimidate+1","Sword Boomerang+1","Inflame+1","Brutality+1","Sword Boomerang+1"],"special_seed":0,"relics":["Burning Blood","Blood Vial","Centennial Puzzle","Happy Flower","Anchor","Frozen Egg 2","Ectoplasm","Omamori","Potion Belt","PreservedInsect","Tiny Chest","Pantograph","Astrolabe","Bottled Flame","Regal Pillow"],"potions_floor_usage":[],"damage_taken":[{"damage":10.0,"enemies":"Small Slimes","floor":1.0,"turns":3.0},{"damage":8.0,"enemies":"2 Louse","floor":2.0,"turns":4.0},{"damage":7.0,"enemies":"Cultist","floor":4.0,"turns":5.0},{"damage":10.0,"enemies":"Exordium Thugs","floor":5.0,"turns":4.0},{"damage":32.0,"enemies":"Gremlin Nob","floor":7.0,"turns":5.0},{"damage":32.0,"enemies":"Lagavulin","floor":10.0,"turns":6.0},{"damage":5.0,"enemies":"Exordium Wildlife","floor":11.0,"turns":4.0},{"damage":0.0,"enemies":"Lots of Slimes","floor":12.0,"turns":1.0},{"damage":16.0,"enemies":"Gremlin Nob","floor":14.0,"turns":3.0},{"damage":45.0,"enemies":"Hexaghost","floor":16.0,"turns":9.0},{"damage":8.0,"enemies":"2 Thieves","floor":18.0,"turns":4.0},{"damage":29.0,"enemies":"Spheric Guardian","floor":19.0,"turns":4.0},{"damage":20.0,"enemies":"Shelled Parasite and Fungi","floor":22.0,"turns":4.0},{"damage":21.0,"enemies":"Gremlin Leader","floor":23.0,"turns":4.0},{"damage":43.0,"enemies":"Book of Stabbing","floor":25.0,"turns":4.0},{"damage":29.0,"enemies":"Centurion and Healer","floor":29.0,"turns":5.0},{"damage":2.0,"enemies":"Gremlin Leader","floor":30.0,"turns":3.0},{"damage":3.0,"enemies":"3 Cultists","floor":31.0,"turns":3.0},{"damage":28.0,"enemies":"Champ","floor":33.0,"turns":5.0},{"damage":4.0,"enemies":"Orb Walker","floor":35.0,"turns":2.0},{"damage":24.0,"enemies":"3 Darklings","floor":39.0,"turns":5.0},{"damage":39.0,"enemies":"Reptomancer","floor":40.0,"turns":5.0},{"damage":23.0,"enemies":"Maw","floor":41.0,"turns":6.0},{"damage":0,"enemies":"Giant Head","floor":42,"turns":1}],"seed_played":"-7191640469843020945","potions_obtained":[{"floor":1.0,"key":"Block Potion"},{"floor":2.0,"key":"Weak Potion"},{"floor":5.0,"key":"SkillPotion"},{"floor":12.0,"key":"EssenceOfSteel"},{"floor":25.0,"key":"SpeedPotion"},{"floor":28.0,"key":"Strength Potion"},{"floor":28.0,"key":"Block Potion"},{"floor":28.0,"key":"Energy Potion"},{"floor":31.0,"key":"SteroidPotion"},{"floor":33.0,"key":"Energy Potion"},{"floor":41.0,"key":"Regen Potion"}],"is_trial":false,"path_per_floor":["M","M","?","M","M","R","E","?","T","E","M","M","R","E","R","B",null,"M","M","?","$","M","E","R","E","T","R","?","M","E","M","R","B",null,"M","$","?","T","M","E","M","E"],"character_chosen":"IRONCLAD","items_purchased":["Omamori","Combust+1","Inflame+1"],"campfire_rested":5,"item_purchase_floors":[21,21,36],"current_hp_per_floor":[70,70,63,64,62,62,38,38,38,14,17,25,49,41,65,28,67,67,46,46,46,34,21,45,10,10,34,34,13,19,24,48,53,73,77,77,76,76,58,27,12,14],"gold":88,"neow_bonus":"RANDOM_COMMON_RELIC","is_prod":false,"is_daily":false,"chose_seed":false,"campfire_upgraded":1,"win_rate":0,"timestamp":1550614342,"path_taken":["M","M","?","M","M","R","E","?","T","E","M","M","R","E","R","BOSS","M","M","?","$","M","E","R","E","T","R","?","M","E","?","R","BOSS","M","$","?","?","M","E","?","E"],"build_version":"2019-01-23","purchased_purges":0,"victory":false,"max_hp_per_floor":[80,80,80,80,80,80,80,80,80,80,80,80,80,80,80,80,80,80,80,80,80,80,80,80,80,80,80,80,80,80,80,80,80,80,80,80,76,76,76,76,76,76],"card_choices":[{"not_picked":["Second Wind","Entrench"],"picked":"True Grit","floor":1.0},{"not_picked":["Entrench","Corruption"],"picked":"Cleave","floor":2.0},{"not_picked":["Rage","Body Slam","Thunderclap"],"picked":"SKIP","floor":4.0},{"not_picked":["Havoc","Body Slam"],"picked":"Cleave","floor":5.0},{"not_picked":["Power Through","Flame Barrier"],"picked":"Anger","floor":7.0},{"not_picked":["Power Through","Whirlwind"],"picked":"Shrug It Off","floor":10.0},{"not_picked":["Armaments","True Grit","Ghostly Armor"],"picked":"SKIP","floor":11.0},{"not_picked":["Thunderclap","Havoc"],"picked":"Pummel","floor":12.0},{"not_picked":["Immolate","Havoc"],"picked":"Hemokinesis","floor":14.0},{"not_picked":["Feed","Berserk+1"],"picked":"Limit Break","floor":16.0},{"not_picked":["Perfected Strike","Reckless Charge"],"picked":"Fire Breathing+1","floor":18.0},{"not_picked":["Feel No Pain+1","Clothesline"],"picked":"Spot Weakness","floor":19.0},{"not_picked":["Shrug It Off","Pommel Strike"],"picked":"Heavy Blade+1","floor":22.0},{"not_picked":["Flex","Havoc","Anger+1"],"picked":"SKIP","floor":23.0},{"not_picked":["Cleave","Perfected Strike"],"picked":"Battle Trance","floor":25.0},{"not_picked":["Dropkick","Shrug It Off"],"picked":"Flame Barrier","floor":29.0},{"not_picked":["Ghostly Armor","Headbutt"],"picked":"Juggernaut+1","floor":30.0},{"not_picked":["True Grit+1","Perfected Strike"],"picked":"Twin Strike","floor":31.0},{"not_picked":["Juggernaut+1","Double Tap"],"picked":"Barricade+1","floor":33.0},{"not_picked":["Rage","Warcry"],"picked":"Sword Boomerang+1","floor":35.0},{"not_picked":["Clash+1","Shrug It Off","Battle Trance"],"picked":"SKIP","floor":39.0},{"not_picked":["Infernal Blade","Corruption+1"],"picked":"Brutality+1","floor":40.0},{"not_picked":["Thunderclap","Warcry+1"],"picked":"Sword Boomerang+1","floor":41.0}],"player_experience":505014,"relics_obtained":[{"floor":7.0,"key":"Centennial Puzzle"},{"floor":9.0,"key":"Happy Flower"},{"floor":10.0,"key":"Anchor"},{"floor":14.0,"key":"Frozen Egg 2"},{"floor":23.0,"key":"Potion Belt"},{"floor":25.0,"key":"PreservedInsect"},{"floor":26.0,"key":"Tiny Chest"},{"floor":30.0,"key":"Pantograph"},{"floor":38.0,"key":"Bottled Flame"},{"floor":40.0,"key":"Regal Pillow"}],"event_choices":[{"cards_removed":["Strike_R"],"damage_healed":0.0,"max_hp_gain":0.0,"max_hp_loss":0.0,"gold_gain":0.0,"event_name":"Golden Wing","player_choice":"Card Removal","floor":3.0,"gold_loss":0.0,"damage_taken":7.0},{"damage_healed":0.0,"max_hp_gain":0.0,"max_hp_loss":0.0,"gold_gain":0.0,"event_name":"Living Wall","player_choice":"Grow","floor":8.0,"gold_loss":0.0,"damage_taken":0.0,"cards_upgraded":["Anger"]},{"damage_healed":0.0,"max_hp_gain":0.0,"max_hp_loss":0.0,"gold_gain":0.0,"event_name":"Back to Basics","player_choice":"Simplicity","floor":20.0,"gold_loss":0.0,"damage_taken":0.0,"cards_upgraded":["Strike_R","Strike_R","Strike_R","Strike_R","Defend_R","Defend_R","Defend_R","Defend_R"]},{"damage_healed":0.0,"max_hp_gain":0.0,"max_hp_loss":0.0,"gold_gain":0.0,"event_name":"Lab","player_choice":"Got Potions","floor":28.0,"gold_loss":0.0,"damage_taken":0.0},{"damage_healed":0.0,"max_hp_gain":0.0,"max_hp_loss":4.0,"gold_gain":0.0,"event_name":"Winding Halls","player_choice":"Max HP","floor":37.0,"gold_loss":0.0,"damage_taken":0.0}],"is_beta":false,"boss_relics":[{"not_picked":["Orrery","Lizard Tail"],"picked":"Ectoplasm"},{"not_picked":["Eternal Feather","Black Star"],"picked":"Astrolabe"}],"items_purged_floors":[],"is_endless":false,"potions_floor_spawned":[1,2,5,12,25,29,31,33,41],"killed_by":"Giant Head","ascension_level":13}