{"gold_per_floor":[112,112,62,37,56,87,87,87,161,197,212,212,212,236,236,361,361,375,375,207,231,231,262,262,276,303,20,20,38,38,61,61,61],"floor_reached":33,"playtime":2793,"items_purged":[],"score":358,"play_id":"82659ef0-303b-485f-b4f6-a66f6b4413d3","local_time":"20190308175812","is_ascension_mode":true,"campfire_choices":[{"data":"Neutralize","floor":8,"key":"SMITH"},{"floor":13,"key":"REST"},{"floor":15,"key":"REST"},{"floor":24,"key":"REST"},{"floor":28,"key":"REST"},{"data":"Bullet Time","floor":30,"key":"SMITH"},{"data":"Discovery","floor":32,"key":"SMITH"}],"neow_cost":"NONE","seed_source_timestamp":552576843386125,"circlet_count":0,"master_deck":["Defend_G","Defend_G+1","Defend_G","Defend_G","Defend_G","Strike_G+1","Survivor","Neutralize+1","Blade Dance+1","Dodge and Roll","Quick Slash+1","Blade Dance","PiercingWail","Dagger Spray+1","Backflip","Bullet Time+1","Concentrate+1","Skewer+1","Skewer+1","Riddle With Holes+1","Accuracy","Discovery+1","Calculated Gamble","Writhe","Finisher+1","Slice+1","PiercingWail","Cloak And Dagger","Predator+1"],"relics":["Ring of the Snake","NeowsBlessing","Torii","Golden Idol","Molten Egg 2","Ninja Scroll","Astrolabe","Potion Belt","Kunai","Whetstone","Pantograph"],"potions_floor_usage":[16,21,21,23,33],"damage_taken":[{"damage":0,"enemies":"Small Slimes","floor":1,"turns":1},{"damage":0,"enemies":"2 Louse","floor":5,"turns":1},{"damage":0,"enemies":"3 Sentries","floor":6,"turns":1},{"damage":33,"enemies":"Lagavulin","floor":10,"turns":8},{"damage":0,"enemies":"Jaw Worm","floor":11,"turns":3},{"damage":0,"enemies":"Looter","floor":14,"turns":3},{"damage":27,"enemies":"The Guardian","floor":16,"turns":22},{"damage":35,"enemies":"2 Thieves","floor":18,"turns":5},{"damage":10,"enemies":"Chosen","floor":21,"turns":6},{"damage":48,"enemies":"Gremlin Leader","floor":23,"turns":7},{"damage":11,"enemies":"Shelled Parasite and Fungi","floor":25,"turns":7},{"damage":1,"enemies":"Snecko","floor":29,"turns":4},{"damage":0,"enemies":"Chosen and Byrds","floor":31,"turns":4},{"damage":75,"enemies":"Automaton","floor":33,"turns":8}],"seed_played":"4336690938418165131","potions_obtained":[{"floor":10,"key":"GamblersBrew"},{"floor":11,"key":"Regen Potion"},{"floor":16,"key":"Regen Potion"},{"floor":21,"key":"Fruit Juice"},{"floor":23,"key":"SmokeBomb"},{"floor":31,"key":"Dexterity Potion"}],"is_trial":false,"path_per_floor":["?","?","$","?","?","?","M","?","$"],"character_chosen":"THE_SILENT","items_purchased":["Dodge and Roll","Accuracy","Discovery","Pantograph","PiercingWail"],"campfire_rested":4,"item_purchase_floors":[4,20,20,27,27],"current_hp_per_floor":[70,56,56,56,56,56,39,39,39,6,6,6,27,27,48,21,70,35,35,35,59,59,16,38,27,27,27,49,48,48,48,48,0],"gold":61,"neow_bonus":"THREE_ENEMY_KILL","is_prod":false,"is_daily":false,"chose_seed":false,"campfire_upgraded":3,"win_rate":0,"timestamp":1552093092,"path_taken":["M","?","?","?","M","E","?","R","T","E","M","?","R","M","R","BOSS","M","?","$","?","?","E","R","M","T","?","R","M","R","M","R","BOSS"],"build_version":"2019-01-23","purchased_purges":0,"victory":false,"max_hp_per_floor":[70,70,70,70,70,70,70,70,70,70,70,70,70,70,70,70,70,70,70,70,70,70,75,75,75,75,75,75,75,75,75,75,75],"card_choices":[{"not_picked":["Expertise","Finisher"],"picked":"Blade Dance","floor":1},{"not_picked":["Deflect","Sucker Punch"],"picked":"Quick Slash","floor":5},{"not_picked":["Night Terror","Sucker Punch"],"picked":"Blade Dance","floor":6},{"not_picked":["Expertise","Masterful Stab+1"],"picked":"PiercingWail","floor":10},{"not_picked":["Blade Dance","Riddle With Holes+1"],"picked":"Dagger Spray+1","floor":11},{"not_picked":["Blade Dance","Skewer+1"],"picked":"Backflip","floor":14},{"not_picked":["After Image","Phantasmal Killer"],"picked":"Bullet Time","floor":16},{"not_picked":["Underhanded Strike+1","Tactician"],"picked":"Riddle With Holes+1","floor":18},{"not_picked":["Outmaneuver+1","Escape Plan"],"picked":"Calculated Gamble","floor":21},{"not_picked":["Blade Dance+1","Acrobatics+1"],"picked":"Finisher+1","floor":23},{"not_picked":["Deadly Poison","Quick Slash+1"],"picked":"Slice+1","floor":25},{"not_picked":["Accuracy","Deadly Poison"],"picked":"Cloak And Dagger","floor":29},{"not_picked":["Prepared","Sucker Punch+1"],"picked":"Predator+1","floor":31}],"player_experience":163508,"relics_obtained":[{"floor":6,"key":"Torii"},{"floor":9,"key":"Molten Egg 2"},{"floor":10,"key":"Ninja Scroll"},{"floor":23,"key":"Kunai"},{"floor":26,"key":"Whetstone"}],"event_choices":[{"damage_healed":0,"gold_gain":0,"player_choice":"Entered Light","damage_taken":14,"max_hp_gain":0,"max_hp_loss":0,"event_name":"Shining Light","floor":2,"gold_loss":0,"cards_upgraded":["Defend_G","Blade Dance"]},{"cards_removed":["Strike_G"],"damage_healed":0,"gold_gain":0,"player_choice":"Card Removal","damage_taken":0,"max_hp_gain":0,"max_hp_loss":0,"event_name":"The Cleric","floor":3,"gold_loss":50},{"damage_healed":0,"gold_gain":0,"player_choice":"Take Damage","damage_taken":17,"relics_obtained":["Golden Idol"],"max_hp_gain":0,"max_hp_loss":0,"event_name":"Golden Idol","floor":7,"gold_loss":0},{"damage_healed":0,"gold_gain":0,"player_choice":"Ignored","damage_taken":0,"max_hp_gain":0,"max_hp_loss":0,"event_name":"Golden Wing","floor":12,"gold_loss":0},{"damage_healed":0,"gold_gain":0,"player_choice":"Ignored","damage_taken":0,"max_hp_gain":0,"max_hp_loss":0,"event_name":"Purifier","floor":19,"gold_loss":0},{"damage_healed":0,"gold_gain":0,"player_choice":"Opened","damage_taken":0,"relics_obtained":["Potion Belt"],"max_hp_gain":0,"max_hp_loss":0,"event_name":"The Mausoleum","floor":22,"gold_loss":0,"cards_obtained":["Writhe"]}],"is_beta":false,"boss_relics":[{"not_picked":["Pandora\u0027s Box","Eternal Feather"],"picked":"Astrolabe"}],"items_purged_floors":[],"is_endless":false,"potions_floor_spawned":[10,11,16,21,23,31],"killed_by":"Automaton","ascension_level":4}