{"gold_per_floor":[114,114,114,137,161,161,174,174],"floor_reached":8,"playtime":276,"items_purged":[],"score":94,"play_id":"f5b669de-ae40-4b57-9724-0e2e7389be44","local_time":"20190124000826","is_ascension_mode":true,"campfire_choices":[{"data":"Fiend Fire","floor":6,"key":"SMITH"}],"neow_cost":"PERCENT_DAMAGE","seed_source_timestamp":1227953635779730,"circlet_count":0,"master_deck":["AscendersBane","Strike_R","Strike_R","Strike_R+1","Strike_R","Strike_R","Defend_R","Defend_R","Defend_R","Defend_R+1","Bash","Fiend Fire+1","Uppercut","Carnage","Power Through"],"relics":["Burning Blood","Golden Idol"],"potions_floor_usage":[8,8],"damage_taken":[{"damage":3,"enemies":"Small Slimes","floor":1,"turns":3},{"damage":2,"enemies":"Jaw Worm","floor":4,"turns":4},{"damage":0,"enemies":"Cultist","floor":5,"turns":2},{"damage":12,"enemies":"Exordium Wildlife","floor":7,"turns":3},{"damage":35,"enemies":"3 Sentries","floor":8,"turns":7}],"seed_played":"-800794838716798203","potions_obtained":[{"floor":1,"key":"Swift Potion"},{"floor":7,"key":"Poison Potion"}],"is_trial":false,"path_per_floor":["M","?","?","M","M","R","M","E"],"character_chosen":"IRONCLAD","items_purchased":[],"campfire_rested":0,"item_purchase_floors":[],"current_hp_per_floor":[53,30,30,34,40,40,34,0],"gold":174,"neow_bonus":"THREE_RARE_CARDS","is_prod":false,"is_daily":false,"chose_seed":false,"campfire_upgraded":1,"win_rate":0,"timestamp":1548284906,"path_taken":["M","?","?","M","?","R","M","E"],"build_version":"2019-01-23","purchased_purges":0,"victory":false,"max_hp_per_floor":[75,75,68,68,68,68,68,68],"card_choices":[{"not_picked":["Exhume","Offering"],"picked":"Fiend Fire","floor":0},{"not_picked":["Havoc","Wild Strike"],"picked":"Uppercut","floor":1},{"not_picked":["Body Slam","Entrench"],"picked":"Carnage","floor":4},{"not_picked":["True Grit","Havoc","Searing Blow"],"picked":"SKIP","floor":5},{"not_picked":["Pommel Strike","Rupture"],"picked":"Power Through","floor":7}],"player_experience":928111,"relics_obtained":[],"event_choices":[{"damage_healed":0,"gold_gain":0,"player_choice":"Entered Light","damage_taken":23,"max_hp_gain":0,"max_hp_loss":0,"event_name":"Shining Light","floor":2,"gold_loss":0,"cards_upgraded":["Strike_R","Defend_R"]},{"damage_healed":0,"gold_gain":0,"player_choice":"Lose Max HP","damage_taken":0,"relics_obtained":["Golden Idol"],"max_hp_gain":0,"max_hp_loss":7,"event_name":"Golden Idol","floor":3,"gold_loss":0}],"is_beta":false,"boss_relics":[],"items_purged_floors":[],"is_endless":false,"potions_floor_spawned":[1,7],"killed_by":"3 Sentries","ascension_level":19}