{"gold_per_floor":[111,111,111,111,111,150,150,189,215,240,240,240,276,38,38,128,128,149,165,165,179,116,159,159,159,228,251,276,276,276,310,310,310],"floor_reached":33,"playtime":2492,"items_purged":[],"score":576,"play_id":"7e3d6b78-103a-431f-8968-0179d1238ee9","local_time":"20190305164520","is_ascension_mode":true,"campfire_choices":[{"data":"Bash","floor":7.0,"key":"SMITH"},{"data":"Defend_R","floor":11.0,"key":"SMITH"},{"data":"Defend_R","floor":15.0,"key":"SMITH"},{"floor":24.0,"key":"REST"},{"floor":29.0,"key":"REST"},{"data":"Defend_R","floor":32.0,"key":"SMITH"}],"neow_cost":"NONE","seed_source_timestamp":1623487588041236,"circlet_count":0,"master_deck":["AscendersBane","Strike_R","Strike_R+1","Strike_R","Strike_R","Strike_R+1","Defend_R+1","Defend_R+1","Defend_R+1","Defend_R","Bash+1","Whirlwind+1","Wild Strike+1","Cleave+1","Anger+1","Iron Wave+1","Reaper+1","Power Through+1","Power Through+1","Flex+1","True Grit+1","J.A.X.+1","Seeing Red+1"],"special_seed":0,"relics":["Burning Blood","NeowsBlessing","Golden Idol","Molten Egg 2","Toxic Egg 2","Pantograph","Whetstone","The Courier","Bottled Flame","Bag of Preparation","PreservedInsect","Black Star","Meat on the Bone","Singing Bowl","Matryoshka","Paper Frog","Charon\u0027s Ashes","Orichalcum","Smiling Mask"],"potions_floor_usage":[33],"damage_taken":[{"damage":0.0,"enemies":"2 Louse","floor":1.0,"turns":1.0},{"damage":0.0,"enemies":"3 Sentries","floor":6.0,"turns":2.0},{"damage":0.0,"enemies":"Lagavulin","floor":8.0,"turns":1.0},{"damage":0.0,"enemies":"Small Slimes","floor":10.0,"turns":2.0},{"damage":15.0,"enemies":"3 Sentries","floor":13.0,"turns":4.0},{"damage":72.0,"enemies":"The Guardian","floor":16.0,"turns":14.0},{"damage":4.0,"enemies":"Spheric Guardian","floor":18.0,"turns":3.0},{"damage":29.0,"enemies":"Shell Parasite","floor":19.0,"turns":5.0},{"damage":13.0,"enemies":"3 Cultists","floor":21.0,"turns":5.0},{"damage":50.0,"enemies":"Book of Stabbing","floor":23.0,"turns":5.0},{"damage":31.0,"enemies":"Snake Plant","floor":27.0,"turns":4.0},{"damage":35.0,"enemies":"Snecko","floor":28.0,"turns":6.0},{"damage":13.0,"enemies":"Gremlin Leader","floor":31.0,"turns":5.0},{"damage":104,"enemies":"Automaton","floor":33,"turns":10}],"seed_played":"-7453604857435635121","potions_obtained":[{"floor":6.0,"key":"BloodPotion"},{"floor":16.0,"key":"GamblersBrew"},{"floor":19.0,"key":"Fire Potion"},{"floor":28.0,"key":"Explosive Potion"},{"floor":31.0,"key":"Fire Potion"}],"is_trial":false,"path_per_floor":["M","?","?","?","?","E","R","E","T","M","R","T","E","$","R","B",null,"M","M","?","M","$","E","R","?","T","M","M","R","T","E","R","B"],"character_chosen":"IRONCLAD","items_purchased":["Bag of Preparation","PreservedInsect","Flex+1","True Grit+1"],"campfire_rested":2,"item_purchase_floors":[14,14,22,22],"current_hp_per_floor":[78,78,78,74,62,68,68,74,74,74,74,74,65,65,65,8,58,60,44,44,52,52,17,39,39,39,41,26,50,50,61,61,0],"gold":310,"neow_bonus":"THREE_ENEMY_KILL","is_prod":false,"is_daily":false,"chose_seed":false,"campfire_upgraded":4,"win_rate":0,"timestamp":1551822320,"path_taken":["M","?","?","?","?","E","R","E","T","M","R","?","E","?","R","BOSS","M","M","?","?","$","E","R","?","T","M","M","R","?","E","R","BOSS"],"build_version":"2019-01-23","purchased_purges":0,"victory":false,"max_hp_per_floor":[80,80,80,74,74,74,74,74,74,74,74,74,74,74,74,74,74,74,74,74,74,74,76,76,76,76,78,80,80,80,80,80,80],"card_choices":[{"not_picked":["Clash","Body Slam"],"picked":"Whirlwind","floor":1.0},{"not_picked":["Searing Blow+1","Second Wind"],"picked":"Wild Strike+1","floor":6.0},{"not_picked":["Inflame","Double Tap+1"],"picked":"Cleave+1","floor":8.0},{"not_picked":["Sever Soul+1","Warcry+1"],"picked":"Anger+1","floor":10.0},{"not_picked":["Dropkick+1","Havoc+1"],"picked":"Iron Wave+1","floor":13.0},{"not_picked":["Barricade","Dark Embrace"],"picked":"Reaper+1","floor":16.0},{"not_picked":["Rampage+1","Combust","Reckless Charge+1"],"picked":"SKIP","floor":18.0},{"not_picked":["Entrench+1","Sever Soul+1"],"picked":"Power Through+1","floor":19.0},{"not_picked":["Sword Boomerang+1","Warcry+1","Perfected Strike+1"],"picked":"SKIP","floor":21.0},{"not_picked":["Headbutt+1","Cleave+1","Perfected Strike+1"],"picked":"Singing Bowl","floor":23.0},{"not_picked":["Pommel Strike+1","Shrug It Off+1","Searing Blow+1"],"picked":"Singing Bowl","floor":27.0},{"not_picked":["Flex+1","Blood for Blood+1","Combust"],"picked":"Singing Bowl","floor":28.0},{"not_picked":["Ghostly Armor+1","Pommel Strike+1"],"picked":"Seeing Red+1","floor":31.0}],"player_experience":606538,"relics_obtained":[{"floor":6.0,"key":"Toxic Egg 2"},{"floor":8.0,"key":"Pantograph"},{"floor":9.0,"key":"Whetstone"},{"floor":12.0,"key":"The Courier"},{"floor":13.0,"key":"Bottled Flame"},{"floor":23.0,"key":"Meat on the Bone"},{"floor":23.0,"key":"Singing Bowl"},{"floor":26.0,"key":"Matryoshka"},{"floor":30.0,"key":"Paper Frog"},{"floor":30.0,"key":"Charon\u0027s Ashes"},{"floor":31.0,"key":"Orichalcum"},{"floor":31.0,"key":"Smiling Mask"}],"event_choices":[{"damage_healed":0.0,"max_hp_gain":0.0,"max_hp_loss":0.0,"gold_gain":0.0,"event_name":"Golden Wing","player_choice":"Ignored","floor":2.0,"gold_loss":0.0,"damage_taken":0.0},{"damage_healed":0.0,"max_hp_gain":0.0,"max_hp_loss":0.0,"gold_gain":0.0,"event_name":"Living Wall","player_choice":"Grow","floor":3.0,"gold_loss":0.0,"damage_taken":0.0,"cards_upgraded":["Whirlwind"]},{"damage_healed":0.0,"max_hp_gain":0.0,"max_hp_loss":6.0,"gold_gain":0.0,"event_name":"Golden Idol","player_choice":"Lose Max HP","floor":4.0,"gold_loss":0.0,"damage_taken":0.0,"relics_obtained":["Golden Idol"]},{"damage_healed":0.0,"max_hp_gain":0.0,"max_hp_loss":0.0,"gold_gain":0.0,"event_name":"Scrap Ooze","player_choice":"Success","floor":5.0,"gold_loss":0.0,"damage_taken":12.0,"relics_obtained":["Molten Egg 2"]},{"damage_healed":0.0,"max_hp_gain":0.0,"max_hp_loss":0.0,"gold_gain":0.0,"event_name":"Duplicator","player_choice":"Copied","floor":20.0,"gold_loss":0.0,"damage_taken":0.0,"cards_obtained":["Power Through"]},{"damage_healed":0.0,"max_hp_gain":0.0,"max_hp_loss":0.0,"gold_gain":0.0,"event_name":"Drug Dealer","player_choice":"Obtain J.A.X.","floor":25.0,"gold_loss":0.0,"damage_taken":0.0,"cards_obtained":["J.A.X."]}],"is_beta":false,"boss_relics":[{"not_picked":["Astrolabe","Coffee Dripper"],"picked":"Black Star"}],"items_purged_floors":[],"is_endless":false,"potions_floor_spawned":[6,16,19,28,31],"killed_by":"Automaton","ascension_level":13}