{"gold_per_floor":[116,116,291,291,316,360,376,391,391,414,435,456,456,471,471,591,591,605,628,628,293,307,307,222,222,222,222,261,16,29,42,42,171,171,190,208,208],"floor_reached":37,"playtime":4367,"items_purged":["Doubt"],"score":489,"play_id":"9581f998-7f90-4f6a-a34c-e3f02cb7ebc2","local_time":"20190122022638","is_ascension_mode":true,"campfire_choices":[{"floor":13.0,"key":"REST"},{"floor":15.0,"key":"REST"},{"floor":23.0,"key":"REST"},{"data":"Loop","floor":25.0,"key":"SMITH"},{"floor":32.0,"key":"REST"}],"neow_cost":"NONE","seed_source_timestamp":0,"circlet_count":0,"master_deck":["Strike_B","Strike_B","Strike_B","Defend_B","Defend_B","Defend_B","Defend_B","Zap","Dualcast","Conserve Battery","Sunder","Leap","Loop+1","Cold Snap","Hyperbeam","Ball Lightning","Capacitor","White Noise","Ball Lightning","Rebound","Force Field+1","White Noise+1","Amplify","Redo"],"special_seed":0,"relics":["Cracked Core","NeowsBlessing","Golden Idol","Symbiotic Virus","Peace Pipe","Lizard Tail","WingedGreaves","Girya","Smiling Mask","Mango","Bottled Lightning","Fusion Hammer"],"potions_floor_usage":[37],"damage_taken":[{"damage":0.0,"enemies":"Jaw Worm","floor":1.0,"turns":1.0},{"damage":0.0,"enemies":"2 Louse","floor":5.0,"turns":1.0},{"damage":0.0,"enemies":"Gremlin Nob","floor":6.0,"turns":1.0},{"damage":1.0,"enemies":"Cultist","floor":7.0,"turns":3.0},{"damage":9.0,"enemies":"Exordium Thugs","floor":8.0,"turns":4.0},{"damage":7.0,"enemies":"Large Slime","floor":10.0,"turns":6.0},{"damage":3.0,"enemies":"Blue Slaver","floor":11.0,"turns":3.0},{"damage":10.0,"enemies":"Exordium Wildlife","floor":12.0,"turns":4.0},{"damage":0.0,"enemies":"2 Fungi Beasts","floor":14.0,"turns":1.0},{"damage":21.0,"enemies":"Slime Boss","floor":16.0,"turns":11.0},{"damage":11.0,"enemies":"Chosen","floor":18.0,"turns":5.0},{"damage":6.0,"enemies":"Shell Parasite","floor":19.0,"turns":6.0},{"damage":0.0,"enemies":"Snecko","floor":20.0,"turns":1.0},{"damage":19.0,"enemies":"Snake Plant","floor":22.0,"turns":3.0},{"damage":37.0,"enemies":"Gremlin Leader","floor":28.0,"turns":9.0},{"damage":24.0,"enemies":"Chosen and Byrds","floor":30.0,"turns":6.0},{"damage":0.0,"enemies":"Centurion and Healer","floor":31.0,"turns":4.0},{"damage":96.0,"enemies":"Champ","floor":33.0,"turns":11.0},{"damage":29.0,"enemies":"3 Darklings","floor":35.0,"turns":3.0},{"damage":18.0,"enemies":"Orb Walker","floor":36.0,"turns":3.0},{"damage":60,"enemies":"Transient","floor":37,"turns":3}],"seed_played":"5595422078744379031","potions_obtained":[{"floor":7.0,"key":"AttackPotion"},{"floor":10.0,"key":"SmokeBomb"},{"floor":11.0,"key":"AttackPotion"},{"floor":12.0,"key":"Swift Potion"},{"floor":16.0,"key":"PowerPotion"},{"floor":19.0,"key":"Swift Potion"},{"floor":31.0,"key":"SneckoOil"},{"floor":36.0,"key":"Fruit Juice"}],"is_trial":false,"path_per_floor":["M","?","?","?","M","E","M","M","T","M","M","M","R","M","R","B",null,"M","M","M","$","M","R","?","R","T","?","E","$","M","M","R","B",null,"M","M","M"],"character_chosen":"DEFECT","items_purchased":["Capacitor","White Noise","Ball Lightning","Energy Potion","Rebound","Bottled Lightning"],"campfire_rested":4,"item_purchase_floors":[21,21,21,21,21,29],"current_hp_per_floor":[75,57,57,57,57,57,56,47,47,40,37,27,49,49,71,50,75,64,58,58,58,39,61,61,61,61,61,38,38,14,14,40,2,89,60,42,0],"gold":208,"neow_bonus":"THREE_ENEMY_KILL","is_prod":false,"is_daily":false,"chose_seed":false,"campfire_upgraded":1,"win_rate":0,"timestamp":1548141998,"path_taken":["M","?","?","?","M","E","M","M","T","M","M","M","R","M","R","BOSS","M","M","?","$","M","R","?","R","T","?","E","?","M","M","R","BOSS","M","M","M"],"build_version":"2019-01-17v2","purchased_purges":1,"victory":false,"max_hp_per_floor":[75,75,75,75,75,75,75,75,75,75,75,75,75,75,75,75,75,75,75,75,75,75,75,75,75,75,75,89,89,89,89,89,89,89,89,89,94],"card_choices":[{"not_picked":["Redo","Auto Shields"],"picked":"Conserve Battery","floor":1.0},{"not_picked":["Genetic Algorithm","Gash","Beam Cell"],"picked":"SKIP","floor":5.0},{"not_picked":["Compile Driver","Reprogram"],"picked":"Sunder","floor":6.0},{"not_picked":["Lockon","Barrage"],"picked":"Leap","floor":7.0},{"not_picked":["Streamline","Leap","Hologram"],"picked":"SKIP","floor":8.0},{"not_picked":["Ball Lightning","Meteor Strike"],"picked":"Loop","floor":10.0},{"not_picked":["Beam Cell","Scrape","Gash"],"picked":"SKIP","floor":11.0},{"not_picked":["Sunder","Recycle","Aggregate"],"picked":"SKIP","floor":12.0},{"not_picked":["Sunder","Scrape"],"picked":"Cold Snap","floor":14.0},{"not_picked":["Meteor Strike","Biased Cognition"],"picked":"Hyperbeam","floor":16.0},{"not_picked":["Sweeping Beam+1","Conserve Battery"],"picked":"Ball Lightning","floor":18.0},{"not_picked":["Reinforced Body","Beam Cell","Streamline"],"picked":"SKIP","floor":19.0},{"not_picked":["Hello World","Turbo+1"],"picked":"Force Field+1","floor":22.0},{"not_picked":["Beam Cell+1","Rebound+1","Coolheaded"],"picked":"SKIP","floor":28.0},{"not_picked":["Sunder","Reprogram"],"picked":"White Noise+1","floor":30.0},{"not_picked":["Gash","Beam Cell+1","Compile Driver+1"],"picked":"SKIP","floor":31.0},{"not_picked":["Fission","Thunder Strike"],"picked":"Amplify","floor":33.0},{"not_picked":["Ball Lightning","Barrage+1"],"picked":"Redo","floor":35.0},{"not_picked":["Cold Snap","Barrage+1","Hologram+1"],"picked":"SKIP","floor":36.0}],"player_experience":249230,"relics_obtained":[{"floor":6.0,"key":"Symbiotic Virus"},{"floor":9.0,"key":"Peace Pipe"},{"floor":26.0,"key":"Girya"},{"floor":28.0,"key":"Mango"}],"event_choices":[{"damage_healed":0.0,"max_hp_gain":0.0,"max_hp_loss":0.0,"gold_gain":0.0,"event_name":"Golden Idol","player_choice":"Take Damage","floor":2.0,"gold_loss":0.0,"damage_taken":18.0,"relics_obtained":["Golden Idol"]},{"damage_healed":0.0,"max_hp_gain":0.0,"max_hp_loss":0.0,"gold_gain":175.0,"event_name":"Liars Game","player_choice":"AGREE","floor":3.0,"gold_loss":0.0,"damage_taken":0.0,"cards_obtained":["Doubt"]},{"cards_removed":["Strike_B"],"damage_healed":0.0,"max_hp_gain":0.0,"max_hp_loss":0.0,"gold_gain":0.0,"event_name":"Bonfire Elementals","player_choice":"Offered Basic","floor":4.0,"gold_loss":0.0,"damage_taken":0.0},{"damage_healed":0.0,"max_hp_gain":0.0,"max_hp_loss":0.0,"gold_gain":0.0,"event_name":"Addict","player_choice":"Obtained Relic","floor":24.0,"gold_loss":85.0,"damage_taken":0.0,"relics_obtained":["WingedGreaves"]},{"damage_healed":0.0,"max_hp_gain":0.0,"max_hp_loss":0.0,"gold_gain":0.0,"event_name":"The Mausoleum","player_choice":"Opened","floor":27.0,"gold_loss":0.0,"damage_taken":0.0,"relics_obtained":["Smiling Mask"]}],"is_beta":false,"boss_relics":[{"not_picked":["White Beast Statue","Orrery"],"picked":"Lizard Tail"},{"not_picked":["Velvet Choker","Empty Cage"],"picked":"Fusion Hammer"}],"items_purged_floors":[21],"is_endless":false,"potions_floor_spawned":[7,10,11,12,16,19,20,22,31,36],"killed_by":"Transient","ascension_level":2}