{"gold_per_floor":[117,117,44,44,44,44,72,72,96,127,138,138,138,152,152,254,254,271,290,2,17,29,89,89,89],"floor_reached":25,"playtime":935,"items_purged":[],"score":265,"play_id":"c8a1c38e-3ec7-4cd6-9a85-c8ae49153fe5","local_time":"20190214104337","is_ascension_mode":true,"campfire_choices":[{"data":"Defragment","floor":6.0,"key":"SMITH"},{"data":"Tempest","floor":8.0,"key":"SMITH"},{"data":"Zap","floor":12.0,"key":"SMITH"},{"data":"Dualcast","floor":15.0,"key":"SMITH"},{"floor":24,"key":"REST"}],"neow_cost":"NONE","seed_source_timestamp":0,"circlet_count":0,"master_deck":["Strike_B","Strike_B+1","Strike_B","Defend_B","Defend_B","Defend_B","Defend_B+1","Zap+1","Dualcast+1","Defragment+1","Self Repair","Tempest+1","Turbo","Meteor Strike","Defragment","Turbo","Hologram+1"],"special_seed":0,"relics":["Cracked Core","Lantern","Pen Nib","Blood Vial","Strawberry","Black Star","Thread and Needle","Bottled Flame","Tiny Chest"],"potions_floor_usage":[],"damage_taken":[{"damage":0.0,"enemies":"Small Slimes","floor":1.0,"turns":2.0},{"damage":35.0,"enemies":"3 Sentries","floor":7.0,"turns":7.0},{"damage":28.0,"enemies":"Gremlin Nob","floor":10.0,"turns":4.0},{"damage":1.0,"enemies":"Jaw Worm","floor":11.0,"turns":2.0},{"damage":1.0,"enemies":"2 Louse","floor":14.0,"turns":2.0},{"damage":22.0,"enemies":"The Guardian","floor":16.0,"turns":9.0},{"damage":25.0,"enemies":"Shell Parasite","floor":18.0,"turns":6.0},{"damage":0.0,"enemies":"Spheric Guardian","floor":19.0,"turns":3.0},{"damage":15.0,"enemies":"Centurion and Healer","floor":21.0,"turns":7.0},{"damage":20.0,"enemies":"Shelled Parasite and Fungi","floor":22.0,"turns":6.0},{"damage":53,"enemies":"Gremlin Leader","floor":23,"turns":6},{"damage":58,"enemies":"Slavers","floor":25,"turns":3}],"seed_played":"-6302372457091878833","potions_obtained":[{"floor":1.0,"key":"Dexterity Potion"},{"floor":14.0,"key":"SpeedPotion"},{"floor":18.0,"key":"Ancient Potion"},{"floor":19.0,"key":"Swift Potion"}],"is_trial":false,"path_per_floor":["M","?","$","?","?","R","E","R","T","E","M","R","?","M","R","B",null,"M","M","$","M","M","E","R","E"],"character_chosen":"DEFECT","items_purchased":["Self Repair","Thread and Needle"],"campfire_rested":1,"item_purchase_floors":[3,20],"current_hp_per_floor":[82,87,87,80,68,68,40,40,40,28,36,36,17,25,25,12,94,76,85,85,79,68,24,52,0],"gold":89,"neow_bonus":"TEN_PERCENT_HP_BONUS","is_prod":false,"is_daily":false,"chose_seed":false,"campfire_upgraded":4,"win_rate":0,"timestamp":1550137417,"path_taken":["M","?","$","?","?","R","E","R","T","E","M","R","?","?","R","BOSS","M","M","$","M","M","E","R","E"],"build_version":"2019-01-23","purchased_purges":0,"victory":false,"max_hp_per_floor":[82,87,87,87,87,87,87,87,87,94,94,94,94,94,94,94,94,94,94,94,94,94,94,94,94],"card_choices":[{"not_picked":["Redo","Coolheaded"],"picked":"Defragment","floor":1.0},{"not_picked":["Rebound","Genetic Algorithm"],"picked":"Tempest","floor":7.0},{"not_picked":["Aggregate","Conserve Battery","Self Repair"],"picked":"SKIP","floor":10.0},{"not_picked":["Redo","Stack"],"picked":"Turbo","floor":11.0},{"not_picked":["Ball Lightning","Compile Driver","Gash"],"picked":"SKIP","floor":14.0},{"not_picked":["Multi-Cast","Creative AI"],"picked":"Meteor Strike","floor":16.0},{"not_picked":["Stack","Ball Lightning"],"picked":"Defragment","floor":18.0},{"not_picked":["Force Field","Streamline"],"picked":"Turbo","floor":19.0},{"not_picked":["Sweeping Beam","Rebound","Genetic Algorithm+1"],"picked":"SKIP","floor":21.0},{"not_picked":["Lockon","Static Discharge","Sweeping Beam"],"picked":"SKIP","floor":22.0},{"not_picked":["Go for the Eyes+1","Sweeping Beam+1"],"picked":"Hologram+1","floor":23}],"player_experience":1070193,"relics_obtained":[{"floor":7.0,"key":"Pen Nib"},{"floor":9.0,"key":"Blood Vial"},{"floor":10.0,"key":"Strawberry"},{"floor":23,"key":"Bottled Flame"},{"floor":23,"key":"Tiny Chest"}],"event_choices":[{"damage_healed":0.0,"max_hp_gain":5.0,"max_hp_loss":0.0,"gold_gain":0.0,"event_name":"Big Fish","player_choice":"Donut","floor":2.0,"gold_loss":0.0,"damage_taken":0.0},{"cards_removed":["Strike_B"],"damage_healed":0.0,"max_hp_gain":0.0,"max_hp_loss":0.0,"gold_gain":0.0,"event_name":"Golden Wing","player_choice":"Card Removal","floor":4.0,"gold_loss":0.0,"damage_taken":7.0},{"damage_healed":0.0,"max_hp_gain":0.0,"max_hp_loss":0.0,"gold_gain":0.0,"event_name":"Scrap Ooze","player_choice":"Success","floor":5.0,"gold_loss":0.0,"damage_taken":12.0,"relics_obtained":["Lantern"]},{"damage_healed":0.0,"max_hp_gain":0.0,"max_hp_loss":0.0,"gold_gain":0.0,"event_name":"Shining Light","player_choice":"Entered Light","floor":13.0,"gold_loss":0.0,"damage_taken":19.0,"cards_upgraded":["Defend_B","Strike_B"]}],"is_beta":false,"boss_relics":[{"not_picked":["Velvet Choker","Orrery"],"picked":"Black Star"}],"items_purged_floors":[],"is_endless":false,"potions_floor_spawned":[1,14,18,19],"killed_by":"Slavers","ascension_level":1}