{"gold_per_floor":[113,124,124,144,164,164,164,164,164,10,33,33,72,91,91,91],"floor_reached":16,"playtime":575,"items_purged":["Injury"],"score":199,"play_id":"21f50f87-b212-459f-8b62-06ca0cb64b70","local_time":"20181006100556","is_ascension_mode":true,"campfire_choices":[{"data":"Cloak And Dagger","floor":6.0,"key":"SMITH"},{"data":"Cloak And Dagger","floor":8.0,"key":"SMITH"},{"data":"Terror","floor":12.0,"key":"SMITH"},{"data":"Neutralize","floor":15.0,"key":"SMITH"}],"neow_cost":"","seed_source_timestamp":645404624616000,"circlet_count":0,"master_deck":["Defend_G","Defend_G","Defend_G","Defend_G","Defend_G","Strike_G","Strike_G","Strike_G","Strike_G","Strike_G","Survivor","Neutralize+1","AscendersBane","Cloak And Dagger+1","Cloak And Dagger+1","Deadly Poison","Venomology","Terror+1"],"special_seed":0,"relics":["Ring of the Snake","Golden Idol","Singing Bowl","Art of War","Happy Flower"],"potions_floor_usage":[16,16],"damage_taken":[{"damage":1.0,"enemies":"2 Louse","floor":1.0,"turns":5.0},{"damage":1.0,"enemies":"Jaw Worm","floor":2.0,"turns":5.0},{"damage":0.0,"enemies":"Cultist","floor":4.0,"turns":5.0},{"damage":3.0,"enemies":"3 Louse","floor":5.0,"turns":4.0},{"damage":4.0,"enemies":"Large Slime","floor":11.0,"turns":7.0},{"damage":7.0,"enemies":"Lagavulin","floor":13.0,"turns":6.0},{"damage":4.0,"enemies":"Blue Slaver","floor":14.0,"turns":4.0},{"damage":43,"enemies":"Hexaghost","floor":16,"turns":11}],"seed_played":"-5799557277311855506","potions_obtained":[{"floor":1.0,"key":"EssenceOfSteel"},{"floor":4.0,"key":"LiquidBronze"},{"floor":11.0,"key":"SkillPotion"}],"is_trial":false,"path_per_floor":["M","M","?","M","M","R","?","R","T","$","M","R","E","M","R"],"character_chosen":"THE_SILENT","items_purchased":["Terror"],"campfire_rested":0,"item_purchase_floors":[10],"current_hp_per_floor":[58,57,57,57,54,54,49,49,49,49,47,47,42,40,40,0],"gold":91,"neow_bonus":"","is_prod":false,"is_daily":false,"chose_seed":false,"campfire_upgraded":4,"win_rate":0,"timestamp":1538813156,"path_taken":["M","M","?","M","M","R","?","R","T","$","M","R","E","M","R","BOSS"],"build_version":"2018-10-04v2","purchased_purges":1,"victory":false,"max_hp_per_floor":[66,66,66,66,66,66,66,66,66,66,68,68,70,72,72,72],"card_choices":[{"not_picked":["Acrobatics","Underhanded Strike"],"picked":"Cloak And Dagger","floor":1.0},{"not_picked":["PiercingWail","Leg Sweep"],"picked":"Cloak And Dagger","floor":2.0},{"not_picked":["Backflip","Setup"],"picked":"Deadly Poison","floor":4.0},{"not_picked":["Underhanded Strike","Outmaneuver"],"picked":"Venomology","floor":5.0},{"not_picked":["Poisoned Stab","Blur","Concentrate"],"picked":"Singing Bowl","floor":11.0},{"not_picked":["Sucker Punch","PiercingWail","Deadly Poison"],"picked":"Singing Bowl","floor":13.0},{"not_picked":["Concentrate","Leg Sweep","Acrobatics"],"picked":"Singing Bowl","floor":14.0}],"player_experience":810377,"relics_obtained":[{"floor":9.0,"key":"Art of War"},{"floor":13.0,"key":"Happy Flower"}],"event_choices":[{"event_name":"Golden Idol","player_choice":"Take Wound","floor":3.0,"damage_taken":0.0},{"event_name":"Scrap Ooze","player_choice":"success","floor":7.0,"damage_taken":5.0}],"is_beta":false,"boss_relics":[],"items_purged_floors":[10],"is_endless":false,"potions_floor_spawned":[1,4,11],"killed_by":"Hexaghost","ascension_level":19}