{"gold_per_floor":[111,111,121,138,150,177,192,192,263,273,302,28,45,65,65,166,166,185,219,230,230,330,330,365,377,389,435,466,478,525,182,182,287,287,302,322,336,349,360,360,387,387,387,174,221,221,234,261,261,261,261,261,3,31,31],"floor_reached":56,"playtime":9209,"items_purged":["Pain","Regret"],"score":2060,"play_id":"a3616e53-7fba-46ca-b9f4-e30e37760e22","local_time":"20190318061746","is_ascension_mode":true,"campfire_choices":[{"floor":8,"key":"REST"},{"data":"Night Terror","floor":15,"key":"SMITH"},{"floor":23,"key":"REST"},{"floor":25,"key":"REST"},{"floor":29,"key":"REST"},{"data":"Apotheosis","floor":32,"key":"SMITH"},{"data":"Footwork","floor":40,"key":"SMITH"},{"data":"Well Laid Plans","floor":46,"key":"SMITH"},{"floor":49,"key":"RECALL"},{"data":"Well Laid Plans","floor":52,"key":"SMITH"}],"neow_cost":"NONE","seed_source_timestamp":56621461486466,"circlet_count":0,"master_deck":["Defend_G","Defend_G","Defend_G","Defend_G","Defend_G","Strike_G","Strike_G","Strike_G+1","Strike_G","Survivor","Neutralize","Terror","Dramatic Entrance+1","Neutralize","Flechettes","Footwork+1","Well Laid Plans+1","Backflip","Die Die Die","Prepared","Acrobatics","Well Laid Plans+1","Night Terror+1","Cold Snap","Malaise","Backflip","Apotheosis+1","Finesse","Backflip","Aggregate+1","Reboot+1","Body Slam","Second Wind+1","Good Instincts+1","Seek+1","Outmaneuver+1","Prepared+1","Coolheaded+1","Backflip+1","True Grit+1","Reboot+1","Injury","Noxious Fumes","Catalyst+1","Burning Pact+1","Acrobatics+1"],"relics":["Ring of the Snake","NeowsBlessing","Whetstone","Matryoshka","Dead Branch","PrismaticShard","Cursed Key","Red Mask","Ice Cream","Mercury Hourglass","MawBank","Strawberry","Toxic Egg 2","Letter Opener","Bag of Preparation","MealTicket","Coffee Dripper","Art of War","Orichalcum","Mango","Tingsha","Omamori","Dodecahedron","Anchor"],"potions_floor_usage":[6,6,11,16,22,27,41,41,55,55],"damage_taken":[{"damage":0,"enemies":"Small Slimes","floor":1,"turns":1},{"damage":0,"enemies":"Cultist","floor":3,"turns":1},{"damage":0,"enemies":"2 Louse","floor":4,"turns":1},{"damage":7,"enemies":"Looter","floor":5,"turns":4},{"damage":39,"enemies":"Gremlin Nob","floor":6,"turns":6},{"damage":6,"enemies":"Blue Slaver","floor":7,"turns":4},{"damage":0,"enemies":"Lots of Slimes","floor":10,"turns":1},{"damage":7,"enemies":"Lagavulin","floor":11,"turns":9},{"damage":0,"enemies":"Red Slaver","floor":13,"turns":2},{"damage":0,"enemies":"Exordium Thugs","floor":14,"turns":2},{"damage":2,"enemies":"Hexaghost","floor":16,"turns":9},{"damage":2,"enemies":"3 Byrds","floor":18,"turns":2},{"damage":39,"enemies":"Masked Bandits","floor":19,"turns":6},{"damage":0,"enemies":"Chosen","floor":20,"turns":4},{"damage":0,"enemies":"Colosseum Slavers","floor":22,"turns":2},{"damage":13,"enemies":"Colosseum Nobs","floor":22,"turns":5},{"damage":9,"enemies":"Book of Stabbing","floor":24,"turns":7},{"damage":19,"enemies":"Gremlin Leader","floor":27,"turns":6},{"damage":6,"enemies":"Snake Plant","floor":28,"turns":5},{"damage":23,"enemies":"Slavers","floor":30,"turns":4},{"damage":0,"enemies":"Champ","floor":33,"turns":9},{"damage":0,"enemies":"3 Shapes","floor":35,"turns":2},{"damage":0,"enemies":"Orb Walker","floor":36,"turns":3},{"damage":1,"enemies":"Spire Growth","floor":37,"turns":4},{"damage":0,"enemies":"Transient","floor":38,"turns":5},{"damage":17,"enemies":"Jaw Worm Horde","floor":39,"turns":3},{"damage":0,"enemies":"Reptomancer","floor":41,"turns":5},{"damage":1,"enemies":"2 Orb Walkers","floor":45,"turns":3},{"damage":0,"enemies":"4 Shapes","floor":47,"turns":1},{"damage":0,"enemies":"Nemesis","floor":48,"turns":5},{"damage":0,"enemies":"Awakened One","floor":50,"turns":12},{"damage":0,"enemies":"Shield and Spear","floor":54,"turns":4},{"damage":63,"enemies":"The Heart","floor":55,"turns":12}],"seed_played":"5891117943378145810","potions_obtained":[{"floor":3,"key":"SpeedPotion"},{"floor":5,"key":"EssenceOfSteel"},{"floor":10,"key":"SpeedPotion"},{"floor":13,"key":"Swift Potion"},{"floor":20,"key":"LiquidBronze"},{"floor":24,"key":"Regen Potion"},{"floor":27,"key":"PowerPotion"},{"floor":30,"key":"LiquidBronze"},{"floor":33,"key":"Regen Potion"},{"floor":38,"key":"Explosive Potion"},{"floor":41,"key":"PowerPotion"}],"is_trial":false,"path_per_floor":["M","?","M","M","M","E","M","R","T","M","E","$","M","M","R","B",null,"M","?","M","?","?","R","E","R","T","E","M","R","E","$","R","B",null,"M","M","M","M","M","R","E","T","T","$","?","R","M","E","R","B",null,"R","$","E","B",null],"character_chosen":"THE_SILENT","items_purchased":["Well Laid Plans","PrismaticShard","MealTicket","Good Instincts+1","Noxious Fumes","Catalyst+1","Dodecahedron"],"campfire_rested":4,"item_purchase_floors":[12,12,31,31,44,44,53],"current_hp_per_floor":[63,63,63,63,56,17,11,32,32,32,25,25,25,25,25,23,58,56,17,17,17,4,25,16,37,44,39,33,56,33,33,33,33,66,66,66,65,65,48,48,62,62,76,91,90,90,90,90,90,90,91,91,91,91,28],"gold":31,"neow_bonus":"THREE_ENEMY_KILL","is_prod":false,"is_daily":false,"chose_seed":false,"campfire_upgraded":5,"win_rate":0,"timestamp":1552886266,"path_taken":["M","?","M","M","M","E","?","R","T","M","E","$","M","M","R","BOSS","M","?","M","?","?","R","E","R","T","E","?","R","E","$","R","BOSS","M","?","M","M","M","R","E","?","T","$","?","R","M","E","R","BOSS","R","$","E","BOSS"],"build_version":"2019-01-23","purchased_purges":2,"victory":true,"max_hp_per_floor":[70,70,70,70,70,70,70,70,70,70,70,70,70,70,70,70,70,70,70,70,70,70,70,70,70,77,77,77,77,77,77,77,77,77,77,77,77,77,77,77,77,77,91,91,91,91,91,91,91,91,91,91,91,91,91],"card_choices":[{"not_picked":["Outmaneuver","Backflip"],"picked":"Terror","floor":1},{"not_picked":["Acrobatics","Blade Dance"],"picked":"Footwork","floor":3},{"not_picked":["Leg Sweep","Crippling Poison"],"picked":"Well Laid Plans","floor":4},{"not_picked":["Sucker Punch","Skewer"],"picked":"Backflip","floor":5},{"not_picked":["Bane","Acrobatics"],"picked":"Die Die Die","floor":6},{"not_picked":["Flechettes","Dagger Throw"],"picked":"Prepared","floor":7},{"not_picked":["Endless Agony","Deadly Poison","Poisoned Stab"],"picked":"SKIP","floor":10},{"not_picked":["Prepared","Quick Slash"],"picked":"Acrobatics","floor":11},{"not_picked":["Slice","Sucker Punch"],"picked":"Night Terror","floor":13},{"not_picked":["Choke","Perfected Strike"],"picked":"Cold Snap","floor":14},{"not_picked":["Seek","Creative AI"],"picked":"Malaise","floor":16},{"not_picked":["Twin Strike","Heavy Blade"],"picked":"Backflip","floor":18},{"not_picked":["Perfected Strike+1","Uppercut"],"picked":"Apotheosis","floor":19},{"not_picked":["Redo","Sweeping Beam"],"picked":"Finesse","floor":20},{"not_picked":["Beam Cell+1","Perfected Strike+1"],"picked":"Backflip","floor":22},{"not_picked":["Creative AI","Rebound+1"],"picked":"Aggregate+1","floor":24},{"not_picked":["Dagger Spray","Blood for Blood"],"picked":"Reboot+1","floor":27},{"not_picked":["Sweeping Beam+1","Cleave"],"picked":"Body Slam","floor":28},{"not_picked":["Infinite Blades","Compile Driver"],"picked":"Second Wind+1","floor":30},{"not_picked":["All For One","Storm of Steel+1"],"picked":"Seek+1","floor":33},{"not_picked":["Leap+1","Slice"],"picked":"Outmaneuver+1","floor":35},{"not_picked":["Anger+1","Leap+1"],"picked":"Prepared+1","floor":36},{"not_picked":["Armaments+1","Dodge and Roll+1"],"picked":"Coolheaded+1","floor":37},{"not_picked":["Anger+1","Twin Strike"],"picked":"Backflip+1","floor":38},{"not_picked":["Lockon","Sword Boomerang+1"],"picked":"True Grit+1","floor":39},{"not_picked":["Anger","Hello World+1"],"picked":"Reboot+1","floor":41},{"not_picked":["Clothesline","Gash+1"],"picked":"Burning Pact+1","floor":47},{"not_picked":["Sever Soul+1","Rebound"],"picked":"Acrobatics+1","floor":48},{"not_picked":["Distraction+1","Fission+1","Infinite Blades"],"picked":"SKIP","floor":54}],"player_experience":522781,"relics_obtained":[{"floor":6,"key":"Whetstone"},{"floor":9,"key":"Matryoshka"},{"floor":11,"key":"Dead Branch"},{"floor":19,"key":"Red Mask"},{"floor":22,"key":"Ice Cream"},{"floor":22,"key":"Mercury Hourglass"},{"floor":24,"key":"MawBank"},{"floor":26,"key":"Strawberry"},{"floor":26,"key":"Toxic Egg 2"},{"floor":27,"key":"Letter Opener"},{"floor":30,"key":"Bag of Preparation"},{"floor":41,"key":"Art of War"},{"floor":42,"key":"Orichalcum"},{"floor":43,"key":"Mango"},{"floor":45,"key":"Tingsha"},{"floor":48,"key":"Omamori"},{"floor":54,"key":"Anchor"}],"event_choices":[{"damage_healed":0,"gold_gain":0,"player_choice":"3 cards matched","damage_taken":0,"max_hp_gain":0,"max_hp_loss":0,"event_name":"Match and Keep!","floor":2,"gold_loss":0,"cards_obtained":["Dramatic Entrance","Neutralize","Flechettes"]},{"damage_healed":0,"gold_gain":0,"player_choice":"Fought Bandits","damage_taken":0,"max_hp_gain":0,"max_hp_loss":0,"event_name":"Masked Bandits","floor":19,"gold_loss":0},{"cards_removed":["Strike_G"],"damage_healed":0,"gold_gain":0,"player_choice":"Elegance","damage_taken":0,"max_hp_gain":0,"max_hp_loss":0,"event_name":"Back to Basics","floor":21,"gold_loss":0},{"damage_healed":0,"gold_gain":0,"player_choice":"Fight","damage_taken":0,"max_hp_gain":0,"max_hp_loss":0,"event_name":"Colosseum","floor":22,"gold_loss":0},{"damage_healed":0,"gold_gain":0,"player_choice":"Fought Nobs","damage_taken":0,"max_hp_gain":0,"max_hp_loss":0,"event_name":"Colosseum","floor":22,"gold_loss":0},{"damage_healed":0,"gold_gain":0,"player_choice":"Fight","damage_taken":0,"max_hp_gain":0,"max_hp_loss":0,"event_name":"Mysterious Sphere","floor":45,"gold_loss":0}],"is_beta":false,"boss_relics":[{"not_picked":["Snecko Eye","WristBlade"],"picked":"Cursed Key"},{"not_picked":["Eternal Feather","Runic Pyramid"],"picked":"Coffee Dripper"}],"items_purged_floors":[31,44],"is_endless":false,"potions_floor_spawned":[3,5,10,13,20,24,27,30,33,38,39,41],"ascension_level":9}