{"gold_per_floor":[15,15,25,39,214,214,241,241,241,127,127,141,152,152,152,247,247,259,184,184,184,184,184,199,229,253,16,16,31,44,44,44,44],"floor_reached":33,"playtime":1546,"items_purged":["Doubt","Deadly Poison"],"score":301,"play_id":"9b314265-1c26-4c20-8b77-1692319544dc","local_time":"20190218112046","is_ascension_mode":true,"campfire_choices":[{"data":"Swift Strike","floor":6.0,"key":"SMITH"},{"data":"Blind","floor":8.0,"key":"SMITH"},{"floor":15.0,"key":"REST"},{"data":"Venomology","floor":23.0,"key":"SMITH"},{"data":"A Thousand Cuts","floor":28.0,"key":"SMITH"},{"data":"Cloak And Dagger","floor":32,"key":"SMITH"}],"neow_cost":"NO_GOLD","seed_source_timestamp":0,"circlet_count":0,"master_deck":["Defend_G","Defend_G","Defend_G","Defend_G","Defend_G","Survivor","Neutralize+1","Swift Strike+1","Blind+1","Blade Dance+1","Heel Hook","Burst","Infinite Blades","Backflip","Venomology+1","Bite","Bite","Bite","Bite","Bite","Backstab","Cloak And Dagger+1","A Thousand Cuts+1","Escape Plan","RitualDagger"],"special_seed":0,"relics":["Ring of the Snake"],"potions_floor_usage":[29,30,33,33,33],"damage_taken":[{"damage":0.0,"enemies":"2 Louse","floor":1.0,"turns":3.0},{"damage":0.0,"enemies":"Jaw Worm","floor":3.0,"turns":3.0},{"damage":5.0,"enemies":"Small Slimes","floor":4.0,"turns":3.0},{"damage":22.0,"enemies":"Gremlin Nob","floor":7.0,"turns":4.0},{"damage":2.0,"enemies":"2 Fungi Beasts","floor":12.0,"turns":3.0},{"damage":1.0,"enemies":"Blue Slaver","floor":13.0,"turns":3.0},{"damage":26.0,"enemies":"Slime Boss","floor":16.0,"turns":13.0},{"damage":9.0,"enemies":"Chosen","floor":18.0,"turns":7.0},{"damage":20.0,"enemies":"Spheric Guardian","floor":24.0,"turns":7.0},{"damage":29.0,"enemies":"Gremlin Leader","floor":25.0,"turns":11.0},{"damage":15,"enemies":"3 Cultists","floor":29,"turns":5},{"damage":15,"enemies":"Cultist and Chosen","floor":30,"turns":6},{"damage":59,"enemies":"Automaton","floor":33,"turns":6}],"seed_played":"3788877645821990478","potions_obtained":[{"floor":1.0,"key":"Swift Potion"},{"floor":12.0,"key":"Block Potion"},{"floor":13.0,"key":"Poison Potion"},{"floor":24.0,"key":"Swift Potion"},{"floor":25.0,"key":"Dexterity Potion"},{"floor":29,"key":"SteroidPotion"}],"is_trial":false,"path_per_floor":["M","?","M","M","?","R","E","R","T","$","?","M","M","?","R","B",null,"M","?","?","?","?","R","M","E","T","$","R","M","M","?","R","B"],"character_chosen":"THE_SILENT","items_purchased":["Infinite Blades","A Thousand Cuts"],"campfire_rested":1,"item_purchase_floors":[10,27],"current_hp_per_floor":[70,70,70,65,65,65,43,43,43,43,36,34,33,19,40,14,70,61,61,61,61,49,49,35,34,34,34,34,33,30,24,24,0],"gold":44,"neow_bonus":"RANDOM_COLORLESS_2","is_prod":false,"is_daily":false,"chose_seed":false,"campfire_upgraded":5,"win_rate":0,"timestamp":1550485246,"path_taken":["M","?","M","M","?","R","E","R","T","?","?","M","M","?","R","BOSS","M","?","?","?","?","R","?","E","T","$","R","M","?","?","R","BOSS"],"build_version":"2019-01-23","purchased_purges":2,"victory":false,"max_hp_per_floor":[70,70,70,70,70,70,70,70,70,70,70,70,70,70,70,70,70,70,70,70,70,49,49,49,49,49,49,49,49,49,49,49,49],"card_choices":[{"not_picked":["Prepared","PiercingWail"],"picked":"Blade Dance","floor":1.0},{"not_picked":["Dodge and Roll","Acrobatics"],"picked":"Heel Hook","floor":3.0},{"not_picked":["Dagger Throw","Backflip"],"picked":"Burst","floor":4.0},{"not_picked":["Masterful Stab","Sucker Punch","Riddle With Holes"],"picked":"SKIP","floor":7.0},{"not_picked":["Quick Slash","Catalyst"],"picked":"Backflip","floor":12.0},{"not_picked":["Outmaneuver","Bullet Time","Deadly Poison"],"picked":"SKIP","floor":13.0},{"not_picked":["Wraith Form v2","Doppelganger"],"picked":"Venomology","floor":16.0},{"not_picked":["Underhanded Strike","Distraction"],"picked":"Deadly Poison","floor":18.0},{"not_picked":["Caltrops","Dagger Spray+1"],"picked":"Backstab","floor":24.0},{"not_picked":["Wraith Form v2","Deflect"],"picked":"Cloak And Dagger","floor":25.0},{"not_picked":["Underhanded Strike","Slice","Acrobatics"],"picked":"SKIP","floor":29},{"not_picked":["Tactician","Flying Knee+1"],"picked":"Escape Plan","floor":30}],"player_experience":1098092,"relics_obtained":[],"event_choices":[{"damage_healed":0.0,"max_hp_gain":0.0,"max_hp_loss":0.0,"gold_gain":0.0,"event_name":"Living Wall","player_choice":"Grow","floor":2.0,"gold_loss":0.0,"damage_taken":0.0,"cards_upgraded":["Blade Dance"]},{"damage_healed":0.0,"max_hp_gain":0.0,"max_hp_loss":0.0,"gold_gain":175.0,"event_name":"Liars Game","player_choice":"AGREE","floor":5.0,"gold_loss":0.0,"damage_taken":0.0,"cards_obtained":["Doubt"]},{"cards_removed":["Strike_G"],"damage_healed":0.0,"max_hp_gain":0.0,"max_hp_loss":0.0,"gold_gain":0.0,"event_name":"Golden Wing","player_choice":"Card Removal","floor":11.0,"gold_loss":0.0,"damage_taken":7.0},{"damage_healed":0.0,"max_hp_gain":0.0,"max_hp_loss":0.0,"gold_gain":0.0,"event_name":"Shining Light","player_choice":"Entered Light","floor":14.0,"gold_loss":0.0,"damage_taken":14.0,"cards_upgraded":["Strike_G","Neutralize"]},{"cards_removed":["Strike_G"],"damage_healed":0.0,"max_hp_gain":0.0,"max_hp_loss":0.0,"gold_gain":0.0,"event_name":"Beggar","player_choice":"Gave Gold","floor":19.0,"gold_loss":75.0,"damage_taken":0.0},{"damage_healed":0.0,"max_hp_gain":0.0,"max_hp_loss":0.0,"gold_gain":0.0,"event_name":"Cursed Tome","player_choice":"Ignored","floor":20.0,"gold_loss":0.0,"damage_taken":0.0},{"damage_healed":0.0,"max_hp_gain":0.0,"max_hp_loss":0.0,"gold_gain":0.0,"event_name":"Ghosts","player_choice":"Ignored","floor":21.0,"gold_loss":0.0,"damage_taken":0.0},{"damage_healed":0.0,"max_hp_gain":0.0,"max_hp_loss":21.0,"gold_gain":0.0,"event_name":"Vampires","player_choice":"Became a vampire","floor":22.0,"gold_loss":0.0,"damage_taken":0.0,"cards_obtained":["Bite","Bite","Bite","Bite","Bite"]},{"damage_healed":0,"gold_gain":0,"player_choice":"Joined the Cult","damage_taken":6,"max_hp_gain":0,"max_hp_loss":0,"event_name":"Nest","floor":31,"gold_loss":0,"cards_obtained":["RitualDagger"]}],"is_beta":false,"boss_relics":[{"not_picked":["Tiny House","WristBlade","Eternal Feather"]}],"items_purged_floors":[10,27],"is_endless":false,"potions_floor_spawned":[1,12,13,24,25,29],"killed_by":"Automaton","ascension_level":1}