{"gold_per_floor":[118,118,4,16,16,35,35,55,55,71,71,82,82,82,82,180,180,191,291,310,310],"floor_reached":21,"playtime":899,"items_purged":["Strike_R"],"score":171,"play_id":"949b641e-3e85-48d8-af24-473b2fa85167","local_time":"20181106212101","is_ascension_mode":false,"campfire_choices":[{"data":"Bash","floor":7,"key":"SMITH"},{"data":"Whirlwind","floor":11,"key":"SMITH"},{"data":"True Grit","floor":13,"key":"SMITH"},{"floor":15,"key":"REST"}],"neow_cost":"NONE","seed_source_timestamp":80224918129878,"circlet_count":0,"master_deck":["Strike_R","Strike_R","Strike_R","Defend_R","Defend_R","Defend_R","Defend_R","Bash+1","Whirlwind+1","Inflame","Dropkick","True Grit+1","Limit Break"],"relics":["Black Star"],"potions_floor_usage":[20],"damage_taken":[{"damage":0,"enemies":"Small Slimes","floor":1,"turns":6},{"damage":6,"enemies":"Cultist","floor":4,"turns":3},{"damage":7,"enemies":"2 Louse","floor":6,"turns":4},{"damage":9,"enemies":"2 Fungi Beasts","floor":8,"turns":3},{"damage":7,"enemies":"Gremlin Gang","floor":10,"turns":2},{"damage":0,"enemies":"Looter","floor":12,"turns":4},{"damage":39,"enemies":"Slime Boss","floor":16,"turns":8},{"damage":37,"enemies":"2 Thieves","floor":18,"turns":4},{"damage":18,"enemies":"Spheric Guardian","floor":20,"turns":4},{"damage":32,"enemies":"Shelled Parasite and Fungi","floor":21,"turns":4}],"seed_played":"6738066266112329932","potions_obtained":[{"floor":1,"key":"GamblersBrew"},{"floor":10,"key":"Fire Potion"},{"floor":16,"key":"Swift Potion"}],"is_trial":false,"path_per_floor":["M","?","$","M","?","M","R","M","T","M","R","M","R","?","R","B",null,"M","?","M","M"],"character_chosen":"IRONCLAD","items_purchased":["Whirlwind"],"campfire_rested":1,"item_purchase_floors":[3],"current_hp_per_floor":[80,80,80,74,67,60,60,51,51,44,44,44,44,44,68,29,80,43,43,25,0],"gold":310,"neow_bonus":"BOSS_RELIC","is_prod":false,"is_daily":false,"chose_seed":false,"campfire_upgraded":3,"win_rate":0,"timestamp":1541557261,"path_taken":["M","?","$","?","?","M","R","M","T","M","R","M","R","?","R","BOSS","M","?","?","M"],"build_version":"2018-11-01","purchased_purges":1,"victory":false,"max_hp_per_floor":[80,80,80,80,80,80,80,80,80,80,80,80,80,80,80,80,80,80,80,80,80],"card_choices":[{"not_picked":["Anger","Burning Pact","Second Wind"],"picked":"SKIP","floor":1},{"not_picked":["Flex","Body Slam"],"picked":"Inflame","floor":4},{"not_picked":["Thunderclap","Twin Strike"],"picked":"Dropkick","floor":6},{"not_picked":["Anger","Perfected Strike"],"picked":"True Grit","floor":8},{"not_picked":["Thunderclap","True Grit","Battle Trance"],"picked":"SKIP","floor":10},{"not_picked":["Iron Wave","Carnage"],"picked":"Limit Break","floor":12},{"not_picked":["Wild Strike","Cleave","Infernal Blade"],"picked":"SKIP","floor":18},{"not_picked":["Heavy Blade","Armaments+1","Body Slam"],"picked":"SKIP","floor":20}],"player_experience":250671,"relics_obtained":[],"event_choices":[{"damage_healed":0,"gold_gain":0,"player_choice":"Bought 0 Potions","damage_taken":0,"max_hp_gain":0,"max_hp_loss":0,"event_name":"The Woman in Blue","floor":2,"gold_loss":0},{"cards_removed":["Strike_R"],"damage_healed":0,"gold_gain":0,"player_choice":"Card Removal","damage_taken":7,"max_hp_gain":0,"max_hp_loss":0,"event_name":"Golden Wing","floor":5,"gold_loss":0},{"damage_healed":0,"gold_gain":0,"player_choice":"Ignored","damage_taken":0,"max_hp_gain":0,"max_hp_loss":0,"event_name":"Liars Game","floor":14,"gold_loss":0},{"damage_healed":0,"gold_gain":100,"player_choice":"Pray","damage_taken":0,"max_hp_gain":0,"max_hp_loss":0,"event_name":"Golden Shrine","floor":19,"gold_loss":0}],"is_beta":false,"boss_relics":[{"not_picked":["Calling Bell","White Beast Statue","Empty Cage"]}],"items_purged_floors":[3],"is_endless":false,"potions_floor_spawned":[1,10,16,18],"killed_by":"Shelled Parasite and Fungi","ascension_level":0}