{"gold_per_floor":[119,119,129,140,34,34,50,112,136,136,204,223,7,33,33,111,111,128,178,6,56,122,122,134,200,200,250,250,269,287,351,351,422,422,433,201,211,261,271,271],"floor_reached":40,"playtime":4949,"items_purged":["Defend_G","Strike_G"],"score":729,"play_id":"2f4ed960-ae6b-4195-9607-25af0797edd9","local_time":"20190307014641","is_ascension_mode":true,"campfire_choices":[{"data":"Finisher","floor":6.0,"key":"SMITH"},{"floor":15.0,"key":"REST"},{"data":"Prepared","floor":23.0,"key":"SMITH"},{"floor":28.0,"key":"REST"},{"floor":32.0,"key":"REST"}],"neow_cost":"NONE","seed_source_timestamp":0,"circlet_count":0,"master_deck":["AscendersBane","Defend_G","Defend_G","Defend_G","Defend_G","Survivor","Neutralize+1","PiercingWail","Backflip","Well Laid Plans","Finisher+1","Endless Agony","Deflect","Dodge and Roll","Footwork","Prepared+1","Dagger Throw","Backstab","Cloak And Dagger+1","All Out Attack","Malaise","Sucker Punch+1","Tactician","Quick Slash","Underhanded Strike","Blade Dance+1","Dagger Spray","Unload","Blur+1","Flying Knee+1","Choke+1","Slice","Tactician","All Out Attack","Acrobatics","Dodge and Roll+1"],"special_seed":0,"relics":["Ring of the Snake","Tiny Chest","Happy Flower","SsserpentHead","Membership Card","Regal Pillow","Lizard Tail","Tingsha","OrangePellets","Whetstone","Astrolabe","Gambling Chip"],"potions_floor_usage":[40],"damage_taken":[{"damage":9.0,"enemies":"Jaw Worm","floor":1.0,"turns":3.0},{"damage":0.0,"enemies":"Cultist","floor":3.0,"turns":5.0},{"damage":1.0,"enemies":"2 Louse","floor":4.0,"turns":3.0},{"damage":2.0,"enemies":"Lots of Slimes","floor":7.0,"turns":5.0},{"damage":20.0,"enemies":"3 Sentries","floor":8.0,"turns":10.0},{"damage":1.0,"enemies":"Exordium Thugs","floor":11.0,"turns":4.0},{"damage":0.0,"enemies":"3 Louse","floor":12.0,"turns":3.0},{"damage":29.0,"enemies":"Lagavulin","floor":14.0,"turns":6.0},{"damage":40.0,"enemies":"Slime Boss","floor":16.0,"turns":18.0},{"damage":10.0,"enemies":"Shell Parasite","floor":18.0,"turns":5.0},{"damage":0.0,"enemies":"2 Thieves","floor":22.0,"turns":4.0},{"damage":10.0,"enemies":"Chosen and Byrds","floor":24.0,"turns":6.0},{"damage":19.0,"enemies":"Snecko","floor":25.0,"turns":8.0},{"damage":22.0,"enemies":"Cultist and Chosen","floor":29.0,"turns":6.0},{"damage":11.0,"enemies":"Shelled Parasite and Fungi","floor":30.0,"turns":7.0},{"damage":0.0,"enemies":"3 Cultists","floor":31.0,"turns":5.0},{"damage":97.0,"enemies":"Collector","floor":33.0,"turns":16.0},{"damage":9.0,"enemies":"3 Shapes","floor":35.0,"turns":10.0},{"damage":0.0,"enemies":"Orb Walker","floor":37.0,"turns":4.0},{"damage":6.0,"enemies":"Jaw Worm Horde","floor":39.0,"turns":3.0},{"damage":48,"enemies":"Giant Head","floor":40,"turns":7}],"seed_played":"929773433964581236","potions_obtained":[{"floor":3.0,"key":"Poison Potion"},{"floor":4.0,"key":"Fire Potion"},{"floor":8.0,"key":"AttackPotion"},{"floor":11.0,"key":"Explosive Potion"},{"floor":22.0,"key":"Swift Potion"},{"floor":24.0,"key":"FairyPotion"},{"floor":33.0,"key":"PowerPotion"},{"floor":37.0,"key":"Energy Potion"}],"is_trial":false,"path_per_floor":["M","?","M","M","$","R","M","E","T","?","M","M","$","E","R","B",null,"M","T","$","?","M","R","M","M","T","?","R","M","M","M","R","B",null,"M","$","M","?","M","E"],"character_chosen":"THE_SILENT","items_purchased":["Finisher","Endless Agony","Membership Card","Dagger Throw","OrangePellets","All Out Attack","Gambling Chip","Tactician","Explosive Potion","All Out Attack"],"campfire_rested":3,"item_purchase_floors":[5,5,13,13,20,20,36,36,36,36],"current_hp_per_floor":[50,66,66,65,65,65,63,43,43,43,42,42,42,13,47,7,51,41,41,41,41,41,41,31,12,12,12,46,24,13,13,47,15,53,44,44,44,40,34,0],"gold":271,"neow_bonus":"UPGRADE_CARD","is_prod":false,"is_daily":false,"chose_seed":false,"campfire_upgraded":2,"win_rate":0,"timestamp":1551941201,"path_taken":["M","?","M","?","$","R","M","E","T","?","?","M","?","E","R","BOSS","M","?","$","?","?","R","M","?","T","?","R","M","M","?","R","BOSS","M","$","M","?","M","E"],"build_version":"2019-01-23","purchased_purges":2,"victory":false,"max_hp_per_floor":[66,66,66,66,66,66,66,66,66,66,66,66,66,66,66,66,66,66,66,66,66,66,66,66,66,66,66,66,66,66,66,66,66,66,66,66,66,66,66,66],"card_choices":[{"not_picked":["Bane","Quick Slash"],"picked":"PiercingWail","floor":1.0},{"not_picked":["Calculated Gamble","Underhanded Strike"],"picked":"Backflip","floor":3.0},{"not_picked":["Prepared","Deflect"],"picked":"Well Laid Plans","floor":4.0},{"not_picked":["Storm of Steel","Underhanded Strike"],"picked":"Deflect","floor":7.0},{"not_picked":["Bane","Riddle With Holes"],"picked":"Dodge and Roll","floor":8.0},{"not_picked":["Prepared","Infinite Blades"],"picked":"Footwork","floor":11.0},{"not_picked":["Poisoned Stab","Noxious Fumes"],"picked":"Prepared","floor":12.0},{"not_picked":["Burst","Deadly Poison"],"picked":"Backstab","floor":14.0},{"not_picked":["Wraith Form v2","Venomology"],"picked":"Phantasmal Killer","floor":16.0},{"not_picked":["Outmaneuver+1","Quick Slash"],"picked":"Cloak And Dagger+1","floor":18.0},{"not_picked":["Deflect","Setup"],"picked":"Sucker Punch+1","floor":22.0},{"not_picked":["Prepared","PiercingWail","Quick Slash"],"picked":"SKIP","floor":24.0},{"not_picked":["PiercingWail","Catalyst"],"picked":"Tactician","floor":25.0},{"not_picked":["Deadly Poison","Bouncing Flask+1"],"picked":"Underhanded Strike","floor":29.0},{"not_picked":["Envenom","Bane"],"picked":"Blade Dance+1","floor":30.0},{"not_picked":["Quick Slash","Prepared"],"picked":"Dagger Spray","floor":31.0},{"not_picked":["Burst","Venomology"],"picked":"Unload","floor":33.0},{"not_picked":["Acrobatics","Accuracy"],"picked":"Slice","floor":35.0},{"not_picked":["Bouncing Flask","Bane"],"picked":"Acrobatics","floor":37.0},{"not_picked":["Flying Knee","Slice+1"],"picked":"Dodge and Roll+1","floor":39.0}],"player_experience":632316,"relics_obtained":[{"floor":8.0,"key":"Tiny Chest"},{"floor":9.0,"key":"Happy Flower"},{"floor":14.0,"key":"Regal Pillow"},{"floor":19.0,"key":"Tingsha"},{"floor":26.0,"key":"Whetstone"}],"event_choices":[{"damage_healed":16.0,"max_hp_gain":0.0,"max_hp_loss":0.0,"gold_gain":0.0,"event_name":"Wheel of Change","player_choice":"Full Heal","floor":2.0,"gold_loss":0.0,"damage_taken":0.0},{"damage_healed":0.0,"max_hp_gain":0.0,"max_hp_loss":0.0,"gold_gain":0.0,"event_name":"FaceTrader","player_choice":"Trade","floor":10.0,"gold_loss":0.0,"damage_taken":0.0,"relics_obtained":["SsserpentHead"]},{"damage_healed":0.0,"max_hp_gain":0.0,"max_hp_loss":0.0,"gold_gain":0.0,"cards_transformed":["Strike_G"],"event_name":"Transmorgrifier","player_choice":"Transformed","floor":21.0,"gold_loss":0.0,"damage_taken":0.0,"cards_obtained":["Malaise"]},{"damage_healed":0.0,"max_hp_gain":0.0,"max_hp_loss":0.0,"gold_gain":0.0,"cards_transformed":["Phantasmal Killer"],"event_name":"Transmorgrifier","player_choice":"Transformed","floor":27.0,"gold_loss":0.0,"damage_taken":0.0,"cards_obtained":["Quick Slash"]},{"damage_healed":0.0,"max_hp_gain":0.0,"max_hp_loss":0.0,"gold_gain":0.0,"event_name":"The Woman in Blue","player_choice":"Bought 0 Potions","floor":38.0,"gold_loss":0.0,"damage_taken":0.0}],"is_beta":false,"boss_relics":[{"not_picked":["Snecko Eye","Coffee Dripper"],"picked":"Lizard Tail"},{"not_picked":["Tiny House","Velvet Choker"],"picked":"Astrolabe"}],"items_purged_floors":[13,20],"is_endless":false,"potions_floor_spawned":[3,4,8,11,22,24,30,31,33,37],"killed_by":"Giant Head","ascension_level":15}