{"gold_per_floor":[112,112,131,141,152,152,185,185,185,214,226,226,301,316,316,419,419,435,97,97,112,131,131,131,146,201,216,216,216,246,206,206,310,310,321,332,345,567,567,595,595,333,333,350,350,14,14,29,29,29],"floor_reached":51,"playtime":2702,"items_purged":["Defend_B","Strike_B"],"score":727,"play_id":"c7bbf90c-4349-4f65-a471-f0e4ffd0d9ed","local_time":"20190311142112","is_ascension_mode":false,"campfire_choices":[{"data":"Zap","floor":6.0,"key":"SMITH"},{"data":"Lockon","floor":8.0,"key":"SMITH"},{"data":"Dualcast","floor":12.0,"key":"SMITH"},{"data":"Chaos","floor":15.0,"key":"SMITH"},{"data":"Defragment","floor":23.0,"key":"SMITH"},{"data":"Hello World","floor":28.0,"key":"SMITH"},{"floor":32.0,"key":"REST"},{"data":"The Bomb","floor":41.0,"key":"SMITH"},{"floor":49,"key":"REST"}],"neow_cost":"TEN_PERCENT_HP_LOSS","seed_source_timestamp":4150054122566,"circlet_count":0,"master_deck":["Defend_B","Zap+1","Dualcast+1","Auto Shields","Biased Cognition","Lockon+1","Ball Lightning","Conserve Battery","Coolheaded","Reinforced Body","Core Surge","Chaos+1","Multi-Cast","Reinforced Body","Defragment+1","The Bomb+1","Doom and Gloom","Self Repair+1","Recycle","Biased Cognition","Hello World","Hello World+1","Meteor Strike","Magnetism","Defragment"],"special_seed":0,"relics":["Cracked Core","Dream Catcher","Shuriken","Odd Mushroom","Snecko Eye","Strawberry","Red Mask","Busted Crown","Pocketwatch","DataDisk","Bottled Tornado"],"potions_floor_usage":[50,50],"damage_taken":[{"damage":0.0,"enemies":"Jaw Worm","floor":1.0,"turns":2.0},{"damage":0.0,"enemies":"Cultist","floor":3.0,"turns":2.0},{"damage":1.0,"enemies":"Small Slimes","floor":4.0,"turns":3.0},{"damage":2.0,"enemies":"3 Louse","floor":5.0,"turns":3.0},{"damage":3.0,"enemies":"3 Sentries","floor":7.0,"turns":5.0},{"damage":0.0,"enemies":"The Mushroom Lair","floor":10.0,"turns":3.0},{"damage":5.0,"enemies":"Large Slime","floor":11.0,"turns":2.0},{"damage":10.0,"enemies":"Gremlin Gang","floor":14.0,"turns":3.0},{"damage":5.0,"enemies":"Slime Boss","floor":16.0,"turns":6.0},{"damage":6.0,"enemies":"3 Byrds","floor":18.0,"turns":5.0},{"damage":5.0,"enemies":"Shell Parasite","floor":21.0,"turns":6.0},{"damage":35.0,"enemies":"Snake Plant","floor":22.0,"turns":6.0},{"damage":5.0,"enemies":"Snecko","floor":25.0,"turns":3.0},{"damage":10.0,"enemies":"Shelled Parasite and Fungi","floor":27.0,"turns":4.0},{"damage":8.0,"enemies":"Masked Bandits","floor":30.0,"turns":3.0},{"damage":0.0,"enemies":"Champ","floor":33.0,"turns":9.0},{"damage":4.0,"enemies":"3 Shapes","floor":35.0,"turns":3.0},{"damage":0.0,"enemies":"Orb Walker","floor":36.0,"turns":3.0},{"damage":2.0,"enemies":"4 Shapes","floor":37.0,"turns":3.0},{"damage":22.0,"enemies":"Nemesis","floor":40.0,"turns":7.0},{"damage":11,"enemies":"Jaw Worm Horde","floor":44,"turns":4},{"damage":10,"enemies":"Maw","floor":48,"turns":5},{"damage":29,"enemies":"Donu and Deca","floor":50,"turns":12}],"seed_played":"3121613398157425669","potions_obtained":[{"floor":1.0,"key":"Weak Potion"},{"floor":4.0,"key":"Fruit Juice"},{"floor":16.0,"key":"FearPotion"},{"floor":21.0,"key":"Strength Potion"},{"floor":27.0,"key":"Energy Potion"},{"floor":31.0,"key":"SpeedPotion"},{"floor":31.0,"key":"SkillPotion"},{"floor":31.0,"key":"Weak Potion"},{"floor":35.0,"key":"Dexterity Potion"},{"floor":36.0,"key":"Dexterity Potion"}],"is_trial":false,"path_per_floor":["M","?","M","M","M","R","E","R","T","?","M","R","?","M","R","B",null,"M","$","?","M","M","R","?","M","T","M","R","?","?","?","R","B",null,"M","M","M","?","?","E","R","$","T","M","?","$","?","M","R","B",null],"character_chosen":"DEFECT","items_purchased":["Defragment","The Bomb","Magnetism","Bottled Tornado","Defragment"],"campfire_rested":2,"item_purchase_floors":[19,19,42,46,46],"current_hp_per_floor":[68,68,68,72,70,70,67,67,67,67,62,62,51,41,41,36,73,67,67,67,62,37,37,37,32,39,39,39,24,26,26,51,61,85,85,85,85,85,81,69,69,69,69,58,58,58,58,58,81,62],"gold":29,"neow_bonus":"TRANSFORM_TWO_CARDS","is_prod":false,"is_daily":false,"chose_seed":false,"campfire_upgraded":7,"win_rate":0,"timestamp":1552335672,"path_taken":["M","?","?","M","M","R","E","R","T","?","M","R","?","M","R","BOSS","M","$","?","M","M","R","?","M","T","M","R","?","?","?","R","BOSS","M","?","M","?","?","E","R","?","T","?","?","$","?","M","R","BOSS"],"build_version":"2019-01-23","purchased_purges":2,"victory":true,"max_hp_per_floor":[68,68,68,73,73,73,73,73,73,73,73,73,73,73,73,73,73,73,73,73,73,73,73,73,73,80,80,80,85,85,85,85,85,85,85,85,85,85,81,81,81,81,81,81,81,81,81,81,81,81],"card_choices":[{"not_picked":["Barrage","Rebound"],"picked":"Lockon","floor":1.0},{"not_picked":["Coolheaded","Compile Driver"],"picked":"Ball Lightning","floor":3.0},{"not_picked":["Beam Cell","Leap"],"picked":"Conserve Battery","floor":4.0},{"not_picked":["Turbo","Skim"],"picked":"Coolheaded","floor":5.0},{"not_picked":["Compile Driver","Conserve Battery"],"picked":"Reinforced Body","floor":7.0},{"not_picked":["Compile Driver","Redo"],"picked":"Core Surge","floor":10.0},{"not_picked":["Aggregate","Reprogram","Rebound"],"picked":"SKIP","floor":11.0},{"not_picked":["Conserve Battery","Doom and Gloom"],"picked":"Chaos","floor":14.0},{"not_picked":["Creative AI","Amplify"],"picked":"Multi-Cast","floor":16.0},{"not_picked":["Steam","Hologram"],"picked":"Reinforced Body","floor":18.0},{"not_picked":["Consume","Sweeping Beam+1"],"picked":"Self Repair+1","floor":21.0},{"not_picked":["Go for the Eyes","Leap","Conserve Battery"],"picked":"SKIP","floor":22.0},{"not_picked":["Auto Shields","Genetic Algorithm+1"],"picked":"Hello World","floor":25.0},{"not_picked":["Force Field","Redo+1"],"picked":"Hello World","floor":27.0},{"not_picked":["Hyperbeam","Multi-Cast"],"picked":"Meteor Strike","floor":33.0},{"not_picked":["Gash"],"picked":"SKIP","floor":35.0},{"not_picked":["Beam Cell"],"picked":"SKIP","floor":36.0},{"not_picked":["Hologram"],"picked":"SKIP","floor":37.0},{"not_picked":["Streamline+1"],"picked":"SKIP","floor":40.0},{"not_picked":["Aggregate+1"],"picked":"SKIP","floor":44},{"not_picked":["Barrage"],"picked":"SKIP","floor":48}],"player_experience":1036809,"relics_obtained":[{"floor":7.0,"key":"Dream Catcher"},{"floor":9.0,"key":"Shuriken"},{"floor":10.0,"key":"Odd Mushroom"},{"floor":26.0,"key":"Strawberry"},{"floor":30.0,"key":"Red Mask"},{"floor":40.0,"key":"Pocketwatch"},{"floor":43.0,"key":"DataDisk"}],"event_choices":[{"cards_removed":["Strike_B"],"damage_healed":0.0,"max_hp_gain":0.0,"max_hp_loss":0.0,"gold_gain":0.0,"event_name":"Bonfire Elementals","player_choice":"Offered Basic","floor":2.0,"gold_loss":0.0,"damage_taken":0.0},{"damage_healed":0.0,"max_hp_gain":0.0,"max_hp_loss":0.0,"gold_gain":0.0,"event_name":"Mushrooms","player_choice":"Fought Mushrooms","floor":10.0,"gold_loss":0.0,"damage_taken":0.0},{"damage_healed":0.0,"max_hp_gain":0.0,"max_hp_loss":0.0,"gold_gain":75.0,"event_name":"World of Goop","player_choice":"Gather Gold","floor":13.0,"gold_loss":0.0,"damage_taken":11.0},{"damage_healed":0.0,"max_hp_gain":0.0,"max_hp_loss":0.0,"gold_gain":0.0,"event_name":"The Library","player_choice":"Read","floor":20.0,"gold_loss":0.0,"damage_taken":0.0,"cards_obtained":["Doom and Gloom"]},{"damage_healed":0.0,"max_hp_gain":0.0,"max_hp_loss":0.0,"gold_gain":0.0,"cards_transformed":["Defend_B","Strike_B"],"event_name":"Drug Dealer","player_choice":"Became Test Subject","floor":24.0,"gold_loss":0.0,"damage_taken":0.0,"cards_obtained":["Recycle","Biased Cognition"]},{"damage_healed":0.0,"max_hp_gain":5.0,"max_hp_loss":0.0,"gold_gain":0.0,"event_name":"Forgotten Altar","player_choice":"Shed Blood","floor":29.0,"gold_loss":0.0,"damage_taken":20.0},{"damage_healed":0.0,"max_hp_gain":0.0,"max_hp_loss":0.0,"gold_gain":0.0,"event_name":"Masked Bandits","player_choice":"Fought Bandits","floor":30.0,"gold_loss":0.0,"damage_taken":0.0},{"damage_healed":0.0,"max_hp_gain":0.0,"max_hp_loss":0.0,"gold_gain":0.0,"event_name":"The Woman in Blue","player_choice":"Bought 3 Potions","floor":31.0,"gold_loss":0.0,"damage_taken":0.0},{"damage_healed":0.0,"max_hp_gain":0.0,"max_hp_loss":0.0,"gold_gain":222.0,"event_name":"Tomb of Lord Red Mask","player_choice":"Wore Mask","floor":38.0,"gold_loss":0.0,"damage_taken":0.0},{"damage_healed":0.0,"max_hp_gain":0.0,"max_hp_loss":4.0,"gold_gain":0.0,"event_name":"Winding Halls","player_choice":"Max HP","floor":39.0,"gold_loss":0.0,"damage_taken":0.0},{"damage_healed":0,"gold_gain":0,"player_choice":"Ignored","damage_taken":0,"max_hp_gain":0,"max_hp_loss":0,"event_name":"Mysterious Sphere","floor":45,"gold_loss":0},{"damage_healed":0,"gold_gain":0,"player_choice":"Got Potions","damage_taken":0,"max_hp_gain":0,"max_hp_loss":0,"event_name":"Lab","floor":47,"gold_loss":0}],"is_beta":false,"boss_relics":[{"not_picked":["Inserter","Pandora\u0027s Box"],"picked":"Snecko Eye"},{"not_picked":["Orrery","Tiny House"],"picked":"Busted Crown"}],"items_purged_floors":[19,42],"is_endless":false,"potions_floor_spawned":[1,4,16,21,27,35,36,37,48],"ascension_level":0}