{"gold_per_floor":[111,126,126,73,73,73,93,107,107,127,141,158,177,195,195,290,290,309,309,324,337,11,11,29,39,66,66,166,176,0,12,12,112,112,124,124,124,124,4,4,19,19,19,19,31,31,44,61,61,61],"floor_reached":50,"playtime":7478,"items_purged":["Strike_G","Strike_G"],"score":517,"play_id":"d0f7cca5-effd-451e-9550-54eff274c4e9","local_time":"20181126234344","is_ascension_mode":false,"campfire_choices":[{"data":"Noxious Fumes","floor":6.0,"key":"SMITH"},{"data":"Dash","floor":15,"key":"SMITH"},{"data":"Bouncing Flask","floor":23,"key":"SMITH"},{"floor":32,"key":"REST"},{"data":"Adrenaline","floor":40,"key":"SMITH"},{"data":"Catalyst","floor":44,"key":"SMITH"},{"data":"Dash","floor":49,"key":"SMITH"}],"neow_cost":"NONE","seed_source_timestamp":0,"circlet_count":0,"master_deck":["Defend_G","Defend_G","Defend_G","Strike_G","Survivor","Neutralize","Dash+1","Deadly Poison","PiercingWail","Noxious Fumes+1","Dagger Spray","Iron Wave","Bouncing Flask+1","Backflip","Flying Knee","Doppelganger","Dash+1","Dash","Escape Plan","Bullet Time","Dagger Spray+1","Catalyst+1","Sucker Punch+1","Expertise+1","Backstab","Die Die Die","Die Die Die","Catalyst","Adrenaline+1","PiercingWail+1","Thinking Ahead","Bane","Jack Of All Trades","Well Laid Plans","Parasite","Doubt","Bouncing Flask+1"],"special_seed":0,"relics":["Ring of the Snake","Ninja Scroll","Eternal Feather","Question Card","Snake Skull","Blood Vial","Nilry\u0027s Codex","Busted Crown","CultistMask","Mummified Hand"],"potions_floor_usage":[12,12,16,25,25,29,31,35,45,47],"damage_taken":[{"damage":0.0,"enemies":"Small Slimes","floor":1.0,"turns":4.0},{"damage":0.0,"enemies":"Jaw Worm","floor":2.0,"turns":4.0},{"damage":0.0,"enemies":"Cultist","floor":7.0,"turns":4.0},{"damage":8.0,"enemies":"Lots of Slimes","floor":8.0,"turns":3.0},{"damage":0,"enemies":"Large Slime","floor":10,"turns":4},{"damage":3,"enemies":"Gremlin Gang","floor":11,"turns":5},{"damage":4,"enemies":"Blue Slaver","floor":12,"turns":3},{"damage":0,"enemies":"Looter","floor":13,"turns":2},{"damage":0,"enemies":"Exordium Thugs","floor":14,"turns":2},{"damage":29,"enemies":"Slime Boss","floor":16,"turns":10},{"damage":0,"enemies":"Shell Parasite","floor":18,"turns":4},{"damage":0,"enemies":"3 Byrds","floor":20,"turns":3},{"damage":20,"enemies":"Snake Plant","floor":21,"turns":5},{"damage":13,"enemies":"Centurion and Healer","floor":24,"turns":8},{"damage":0,"enemies":"Shelled Parasite and Fungi","floor":25,"turns":2},{"damage":12,"enemies":"Snake Plant","floor":29,"turns":4},{"damage":0,"enemies":"Snecko","floor":31,"turns":3},{"damage":62,"enemies":"Champ","floor":33,"turns":12},{"damage":6,"enemies":"Orb Walker","floor":35,"turns":3},{"damage":8,"enemies":"3 Shapes","floor":41,"turns":3},{"damage":51,"enemies":"Writhing Mass","floor":45,"turns":6},{"damage":4,"enemies":"Jaw Worm Horde","floor":47,"turns":4},{"damage":19,"enemies":"3 Darklings","floor":48,"turns":4},{"damage":79,"enemies":"Awakened One","floor":50,"turns":11}],"seed_played":"-761004407118355755","potions_obtained":[{"floor":7.0,"key":"Weak Potion"},{"floor":8.0,"key":"Explosive Potion"},{"floor":11,"key":"Dexterity Potion"},{"floor":16,"key":"Explosive Potion"},{"floor":18,"key":"Weak Potion"},{"floor":24,"key":"Fire Potion"},{"floor":25,"key":"Swift Potion"},{"floor":29,"key":"PowerPotion"},{"floor":33,"key":"Block Potion"},{"floor":35,"key":"Dexterity Potion"},{"floor":45,"key":"PowerPotion"}],"is_trial":false,"path_per_floor":["M","M","?","$","?","R","M","M","T","M","M","M","M","M","R","B",null,"M","?","M","M","$","R","M","M","T","?","?","M","$","M","R","B",null,"M","?","?","?","$","R","M","?","T","R","M","?","M","M","R","B"],"character_chosen":"THE_SILENT","items_purchased":["Dagger Spray","Snake Skull","FairyPotion","Die Die Die","Bane","Jack Of All Trades"],"campfire_rested":1,"item_purchase_floors":[4,22,22,30,39,39],"current_hp_per_floor":[70,70,70,70,70,70,70,62,62,62,59,55,55,55,55,26,70,70,70,70,50,50,65,52,52,52,36,36,26,26,28,64,4,70,64,64,64,64,64,70,62,62,62,70,19,70,66,49,70,0],"gold":61,"neow_bonus":"TRANSFORM_CARD","is_prod":false,"is_daily":false,"chose_seed":false,"campfire_upgraded":6,"win_rate":0.0,"timestamp":1543275824,"path_taken":["M","M","?","$","?","R","M","M","T","?","M","M","?","M","R","BOSS","M","?","M","M","$","R","?","M","T","?","?","?","?","M","R","BOSS","M","?","?","?","$","R","M","?","T","R","?","?","M","M","R","BOSS"],"build_version":"2018-11-15","purchased_purges":2,"victory":false,"max_hp_per_floor":[70,70,70,70,70,70,70,70,70,70,70,70,70,70,70,70,70,70,70,70,70,70,70,70,70,70,70,70,70,70,70,70,70,70,70,70,70,70,70,70,70,70,70,70,70,70,70,70,70,70],"card_choices":[{"not_picked":["Dagger Throw","Acrobatics"],"picked":"Deadly Poison","floor":1.0},{"not_picked":["Outmaneuver","Sucker Punch"],"picked":"PiercingWail","floor":2.0},{"not_picked":["Underhanded Strike","Expertise"],"picked":"Bouncing Flask","floor":7.0},{"not_picked":["Reflex","Leg Sweep"],"picked":"Backflip","floor":8.0},{"not_picked":["Sucker Punch","Backflip"],"picked":"Flying Knee","floor":10},{"not_picked":["Deflect","Dagger Spray"],"picked":"Doppelganger","floor":11},{"not_picked":["Deflect","Dagger Throw"],"picked":"Dash","floor":12},{"not_picked":["Choke","Dagger Spray"],"picked":"Dash","floor":13},{"not_picked":["Outmaneuver","Acrobatics"],"picked":"Escape Plan","floor":14},{"not_picked":["Venomology","Night Terror"],"picked":"Bullet Time","floor":16},{"not_picked":["Caltrops","Slice"],"picked":"Dagger Spray+1","floor":18},{"not_picked":["Bane","Slice+1","Quick Slash+1"],"picked":"Catalyst","floor":20},{"not_picked":["Flying Knee","Tactician","Dagger Spray"],"picked":"Sucker Punch+1","floor":21},{"not_picked":["Backflip","Dagger Spray","Blur"],"picked":"Expertise+1","floor":24},{"not_picked":["Dagger Throw","Quick Slash+1","Deadly Poison"],"picked":"Backstab","floor":25},{"not_picked":["Masterful Stab","Calculated Gamble","Bane+1"],"picked":"Die Die Die","floor":29},{"not_picked":["Underhanded Strike","Outmaneuver+1","Poisoned Stab"],"picked":"Catalyst","floor":31},{"not_picked":["Envenom","Night Terror","Doppelganger"],"picked":"Adrenaline","floor":33},{"not_picked":["Skewer"],"picked":"PiercingWail+1","floor":35},{"not_picked":["Jack Of All Trades"],"picked":"Thinking Ahead","floor":38},{"not_picked":["Quick Slash+1"],"picked":"Well Laid Plans","floor":41},{"not_picked":["Skewer","Sucker Punch"],"picked":"SKIP","floor":45},{"not_picked":["Dagger Spray"],"picked":"Bouncing Flask+1","floor":47},{"not_picked":["Underhanded Strike","Blade Dance+1"],"picked":"SKIP","floor":48}],"player_experience":39338,"relics_obtained":[{"floor":9.0,"key":"Ninja Scroll"},{"floor":26,"key":"Blood Vial"},{"floor":27,"key":"Nilry\u0027s Codex"},{"floor":43,"key":"Mummified Hand"}],"event_choices":[{"damage_healed":0.0,"max_hp_gain":0.0,"max_hp_loss":0.0,"gold_gain":0.0,"cards_transformed":["Strike_G"],"event_name":"Living Wall","player_choice":"Change","floor":3.0,"gold_loss":0.0,"damage_taken":0.0,"cards_obtained":["Noxious Fumes"]},{"cards_removed":["Defend_G"],"damage_healed":0.0,"max_hp_gain":0.0,"max_hp_loss":0.0,"gold_gain":0.0,"event_name":"NoteForYourself","player_choice":"Took Card","floor":5.0,"gold_loss":0.0,"damage_taken":0.0,"cards_obtained":["Iron Wave"]},{"damage_healed":0,"gold_gain":0,"player_choice":"Gave Potion","damage_taken":0,"relics_obtained":["Question Card"],"max_hp_gain":0,"max_hp_loss":0,"event_name":"WeMeetAgain","floor":19,"gold_loss":0},{"damage_healed":0,"gold_gain":0,"player_choice":"Obtained Book","damage_taken":16,"max_hp_gain":0,"max_hp_loss":0,"event_name":"Cursed Tome","floor":27,"gold_loss":0},{"damage_healed":0,"gold_gain":100,"player_choice":"Pray","damage_taken":0,"max_hp_gain":0,"max_hp_loss":0,"event_name":"Golden Shrine","floor":28,"gold_loss":0},{"damage_healed":0,"gold_gain":0,"player_choice":"Ignored","damage_taken":0,"max_hp_gain":0,"max_hp_loss":0,"event_name":"Mysterious Sphere","floor":36,"gold_loss":0},{"cards_removed":["Strike_G"],"damage_healed":0,"gold_gain":0,"player_choice":"Removed Attack","damage_taken":0,"max_hp_gain":0,"max_hp_loss":0,"event_name":"Falling","floor":37,"gold_loss":0},{"damage_healed":0,"gold_gain":0,"player_choice":"Memory 1","damage_taken":0,"max_hp_gain":0,"max_hp_loss":0,"event_name":"SensoryStone","floor":38,"gold_loss":0},{"damage_healed":0,"gold_gain":0,"player_choice":"Trade","damage_taken":0,"relics_obtained":["CultistMask"],"max_hp_gain":0,"max_hp_loss":0,"event_name":"FaceTrader","floor":42,"gold_loss":0},{"damage_healed":51,"gold_gain":0,"player_choice":"Heal","damage_taken":0,"max_hp_gain":0,"max_hp_loss":0,"event_name":"MindBloom","floor":46,"gold_loss":0,"cards_obtained":["Doubt"]}],"is_beta":false,"boss_relics":[{"not_picked":["Lizard Tail","WristBlade"],"picked":"Eternal Feather"},{"not_picked":["Snecko Eye","Fusion Hammer"],"picked":"Busted Crown"}],"items_purged_floors":[22,30],"is_endless":false,"potions_floor_spawned":[7,8,11,16,18,24,25,29,33,35,45],"killed_by":"Awakened One","ascension_level":0}