{"gold_per_floor":[114,114,128,140,154,189,206,206,206,230,242,287,299,331,343,460,472,495,525,537,244,244,244,262,262,262,262,262,276,24,53,53,155,155,166,166,179,90,90,90,120,120,120,153,188,207,218,128,128,128],"floor_reached":51,"playtime":2635,"items_purged":["Shame","Strike_G","Well Laid Plans"],"score":915,"play_id":"0bc6606e-a696-4bf3-86e2-a4dd80b0c1ed","local_time":"20180930113739","is_ascension_mode":false,"campfire_choices":[{"data":"Noxious Fumes","floor":8,"key":"SMITH"},{"data":"Distraction","floor":13,"key":"SMITH"},{"data":"Deadly Poison","floor":15,"key":"SMITH"},{"data":"Blade Dance","floor":23,"key":"SMITH"},{"data":"After Image","floor":25,"key":"SMITH"},{"data":"Neutralize","floor":27,"key":"SMITH"},{"data":"Footwork","floor":32,"key":"SMITH"},{"data":"Burst","floor":40,"key":"SMITH"},{"data":"Flying Knee","floor":42,"key":"SMITH"},{"floor":49,"key":"REST"}],"neow_cost":"","seed_source_timestamp":130537619538675,"circlet_count":0,"master_deck":["Defend_G","Defend_G","Defend_G","Defend_G","Defend_G","Strike_G","Strike_G","Survivor+1","Neutralize+1","Noxious Fumes+1","Flying Knee+1","Distraction+1","Footwork+1","Backflip","After Image+1","Deadly Poison+1","Die Die Die","Blade Dance+1","Infinite Blades+1","Concentrate+1","Bouncing Flask+1","Burst+1","Dodge and Roll+1","Backstab","Escape Plan","Outmaneuver+1","Choke+1","Terror+1","Flechettes+1"],"relics":["Ring of the Serpent","Smiling Mask","Dream Catcher","MawBank","Kunai","Bottled Lightning","Prayer Wheel","Bottled Tornado","Turnip","Toy Ornithopter","WingedGreaves","Runic Pyramid","Mango","Molten Egg 2","Singing Bowl","Bronze Scales","Bag of Marbles"],"potions_floor_usage":[5,6,12,12,16,16,18,19,29,31,35,37,46,46,50],"damage_taken":[{"damage":1,"enemies":"Jaw Worm","floor":1,"turns":6},{"damage":2,"enemies":"Small Slimes","floor":3,"turns":5},{"damage":0,"enemies":"Cultist","floor":4,"turns":4},{"damage":0,"enemies":"Exordium Wildlife","floor":5,"turns":5},{"damage":36,"enemies":"Lagavulin","floor":6,"turns":9},{"damage":1,"enemies":"Large Slime","floor":7,"turns":7},{"damage":1,"enemies":"2 Fungi Beasts","floor":10,"turns":4},{"damage":0,"enemies":"Gremlin Nob","floor":12,"turns":5},{"damage":2,"enemies":"Looter","floor":14,"turns":3},{"damage":8,"enemies":"Slime Boss","floor":16,"turns":10},{"damage":3,"enemies":"2 Thieves","floor":18,"turns":5},{"damage":20,"enemies":"Spheric Guardian","floor":19,"turns":5},{"damage":0,"enemies":"Snecko","floor":24,"turns":5},{"damage":0,"enemies":"Snake Plant","floor":29,"turns":5},{"damage":26,"enemies":"Slavers","floor":31,"turns":4},{"damage":3,"enemies":"Champ","floor":33,"turns":12},{"damage":8,"enemies":"3 Shapes","floor":35,"turns":4},{"damage":4,"enemies":"3 Darklings","floor":37,"turns":4},{"damage":1,"enemies":"Mind Bloom Boss Battle","floor":39,"turns":7},{"damage":4,"enemies":"Giant Head","floor":41,"turns":10},{"damage":48,"enemies":"2 Orb Walkers","floor":44,"turns":8},{"damage":3,"enemies":"Giant Head","floor":45,"turns":10},{"damage":0,"enemies":"Transient","floor":46,"turns":5},{"damage":14,"enemies":"4 Shapes","floor":47,"turns":2},{"damage":50,"enemies":"Awakened One","floor":50,"turns":12}],"seed_played":"3332261317633828862","potions_obtained":[{"floor":4,"key":"Ancient Potion"},{"floor":5,"key":"Fire Potion"},{"floor":10,"key":"Fire Potion"},{"floor":12,"key":"AttackPotion"},{"floor":14,"key":"Poison Potion"},{"floor":16,"key":"Swift Potion"},{"floor":18,"key":"Explosive Potion"},{"floor":19,"key":"PowerPotion"},{"floor":31,"key":"Explosive Potion"},{"floor":35,"key":"GhostInAJar"},{"floor":41,"key":"Explosive Potion"},{"floor":45,"key":"SteroidPotion"},{"floor":46,"key":"Strength Potion"}],"is_trial":false,"path_per_floor":["M","?","M","M","M","E","M","R","T","M","T","E","R","M","R","B",null,"M","M","?","$","?","R","M","R","T","R","?","M","$","E","R","B",null,"M","?","M","$","?","R","E","R","T","E","E","M","M","?","R","B"],"character_chosen":"THE_SILENT","items_purchased":["Bottled Tornado","Toy Ornithopter","Backstab"],"campfire_rested":1,"item_purchase_floors":[21,30,38],"current_hp_per_floor":[69,62,60,60,60,24,23,23,23,22,22,22,22,20,20,12,70,67,47,47,47,47,47,47,47,47,47,47,47,47,26,26,23,70,67,67,68,68,81,81,77,77,77,29,26,38,26,26,54,9],"gold":128,"neow_bonus":"","is_prod":false,"is_daily":false,"chose_seed":false,"campfire_upgraded":9,"win_rate":0,"timestamp":1538300259,"path_taken":["M","?","M","?","M","E","M","R","T","M","?","E","R","M","R","BOSS","M","M","?","$","?","R","M","R","T","R","?","?","$","E","R","BOSS","M","?","M","$","?","R","E","R","T","E","E","M","M","?","R","BOSS"],"build_version":"2018-09-27","purchased_purges":3,"victory":true,"max_hp_per_floor":[70,70,70,70,70,70,70,70,70,70,70,70,70,70,70,70,70,70,70,70,70,70,70,70,70,70,70,70,70,70,70,70,70,70,70,70,70,70,84,84,84,84,84,84,84,86,88,88,90,90],"card_choices":[{"not_picked":["Dagger Throw","Quick Slash"],"picked":"Noxious Fumes","floor":1},{"not_picked":["Riddle With Holes","Sucker Punch"],"picked":"Flying Knee","floor":3},{"not_picked":["Blade Dance","Flying Knee"],"picked":"Distraction","floor":4},{"not_picked":["Dagger Throw","Concentrate"],"picked":"Footwork","floor":5},{"not_picked":["Expertise","Bane"],"picked":"Backflip","floor":6},{"not_picked":["Deadly Poison","Noxious Fumes"],"picked":"After Image","floor":7},{"not_picked":["Heel Hook","Dagger Throw"],"picked":"Deadly Poison","floor":10},{"not_picked":["Skewer","Dash","Outmaneuver"],"picked":"SKIP","floor":12},{"not_picked":["Underhanded Strike","Outmaneuver","Dodge and Roll"],"picked":"SKIP","floor":14},{"not_picked":["Phantasmal Killer","Envenom"],"picked":"Die Die Die","floor":16},{"not_picked":["Dodge and Roll","Dagger Spray"],"picked":"Blade Dance","floor":18},{"not_picked":["Finisher+1","Dodge and Roll"],"picked":"Infinite Blades+1","floor":19},{"not_picked":["Flechettes","Dodge and Roll"],"picked":"Well Laid Plans","floor":24},{"not_picked":["Dagger Spray","Deadly Poison+1","Backflip"],"picked":"SKIP","floor":24},{"not_picked":["Dagger Spray","Bane"],"picked":"Concentrate+1","floor":29},{"not_picked":["Masterful Stab","Night Terror"],"picked":"Bouncing Flask+1","floor":29},{"not_picked":["Outmaneuver+1","Dodge and Roll","Bane"],"picked":"SKIP","floor":31},{"not_picked":["A Thousand Cuts","Night Terror"],"picked":"Burst","floor":33},{"not_picked":["Heel Hook","PiercingWail"],"picked":"Dodge and Roll+1","floor":35},{"not_picked":["Dagger Throw","Backflip","Sucker Punch+1"],"picked":"SKIP","floor":35},{"not_picked":["Skewer","Outmaneuver","Blade Dance+1"],"picked":"SKIP","floor":37},{"not_picked":["Noxious Fumes","Infinite Blades+1","Masterful Stab+1"],"picked":"SKIP","floor":37},{"not_picked":["Masterful Stab","Flying Knee+1"],"picked":"Escape Plan","floor":41},{"not_picked":["Glass Knife+1","Distraction"],"picked":"Outmaneuver+1","floor":44},{"not_picked":["Sucker Punch+1","Flying Knee+1"],"picked":"Choke+1","floor":45},{"not_picked":["PiercingWail+1","Tools of the Trade","Deadly Poison"],"picked":"Singing Bowl","floor":46},{"not_picked":["Deadly Poison+1","Backflip+1"],"picked":"Terror+1","floor":46},{"not_picked":["Setup+1","Acrobatics","Poisoned Stab+1"],"picked":"Singing Bowl","floor":47},{"not_picked":["Quick Slash+1","Unload+1"],"picked":"Flechettes+1","floor":47},{"not_picked":["Setup","Underhanded Strike+1","Reflex"],"picked":"Singing Bowl","floor":49}],"player_experience":786915,"relics_obtained":[{"floor":6,"key":"Dream Catcher"},{"floor":9,"key":"MawBank"},{"floor":11,"key":"Kunai"},{"floor":12,"key":"Bottled Lightning"},{"floor":26,"key":"Turnip"},{"floor":31,"key":"WingedGreaves"},{"floor":39,"key":"Mango"},{"floor":41,"key":"Molten Egg 2"},{"floor":43,"key":"Singing Bowl"},{"floor":44,"key":"Bronze Scales"},{"floor":45,"key":"Bag of Marbles"}],"event_choices":[{"event_name":"Scrap Ooze","player_choice":"success","floor":2,"damage_taken":7},{"event_name":"Addict","player_choice":"Stole Relic","floor":20,"damage_taken":0},{"event_name":"Purifier","player_choice":"One Purge","floor":22,"damage_taken":0},{"event_name":"Ghosts","player_choice":"Ignored","floor":28,"damage_taken":0},{"event_name":"Match and Keep!","player_choice":"0 cards matched","floor":36,"damage_taken":0},{"event_name":"MindBloom","player_choice":"Fight","floor":39,"damage_taken":0},{"event_name":"Designer","player_choice":"Full Service","floor":48,"damage_taken":0}],"is_beta":false,"boss_relics":[{"not_picked":["Snecko Eye","Busted Crown"],"picked":"Ring of the Serpent"},{"not_picked":["Astrolabe","Coffee Dripper"],"picked":"Runic Pyramid"}],"items_purged_floors":[21,30,38],"is_endless":false,"potions_floor_spawned":[4,5,10,12,14,16,18,19,31,35,41,45,46],"ascension_level":0}