{"gold_per_floor":[111,161,0,12,22,22,47,47,47,5,5,17,28,58,58,133,133,146,146,146,146,165,165,199,199,250,275,275,290,290,301,301,378,428,447,467,567,567,567,596,20,32,105,119,130,158,169,169],"floor_reached":48,"playtime":2216,"items_purged":["Writhe","Defend_B"],"score":1255,"play_id":"6d4b4050-a595-4e91-9cb9-d7e0563b90e1","local_time":"20190313130450","is_ascension_mode":true,"campfire_choices":[{"data":"Zap","floor":6.0,"key":"SMITH"},{"data":"Defragment","floor":8.0,"key":"SMITH"},{"data":"Buffer","floor":15.0,"key":"SMITH"},{"data":"Defragment","floor":23.0,"key":"SMITH"},{"floor":25.0,"key":"REST"},{"floor":28.0,"key":"REST"},{"data":"Defragment","floor":32.0,"key":"SMITH"}],"neow_cost":"CURSE","seed_source_timestamp":0,"circlet_count":0,"master_deck":["AscendersBane","Strike_B+1","Defend_B","Defend_B","Defend_B","Zap+1","Dualcast","Reinforced Body","Echo Form","Scrape+1","FTL","Steam","Conserve Battery","Defragment+1","Defragment+1","Buffer+1","Core Surge+1","Biased Cognition","Chill","Defragment+1","Defragment+1","Coolheaded+1","Electrodynamics","Cold Snap+1","Magnetism","Double Energy","Parasite","Multi-Cast"],"special_seed":0,"relics":["Cracked Core","Kunai","Bronze Scales","Pen Nib","Sozu","Pocketwatch","Bag of Marbles","Bag of Preparation","Tiny House","Ice Cream","Ancient Tea Set","Mummified Hand","Whetstone","Centennial Puzzle"],"potions_floor_usage":[],"damage_taken":[{"damage":0.0,"enemies":"2 Louse","floor":1.0,"turns":2.0},{"damage":0.0,"enemies":"Cultist","floor":4.0,"turns":3.0},{"damage":0.0,"enemies":"Small Slimes","floor":5.0,"turns":3.0},{"damage":29.0,"enemies":"3 Sentries","floor":7.0,"turns":8.0},{"damage":0.0,"enemies":"Exordium Thugs","floor":12.0,"turns":4.0},{"damage":0.0,"enemies":"Large Slime","floor":13.0,"turns":4.0},{"damage":0.0,"enemies":"Lagavulin","floor":14.0,"turns":5.0},{"damage":10.0,"enemies":"Hexaghost","floor":16.0,"turns":10.0},{"damage":8.0,"enemies":"3 Byrds","floor":18.0,"turns":2.0},{"damage":7.0,"enemies":"Shell Parasite","floor":22.0,"turns":5.0},{"damage":48.0,"enemies":"Slavers","floor":24.0,"turns":7.0},{"damage":4.0,"enemies":"Book of Stabbing","floor":27.0,"turns":6.0},{"damage":0.0,"enemies":"Centurion and Healer","floor":29.0,"turns":6.0},{"damage":5.0,"enemies":"Snake Plant","floor":31.0,"turns":3.0},{"damage":0.0,"enemies":"Champ","floor":33.0,"turns":14.0},{"damage":0.0,"enemies":"3 Shapes","floor":35.0,"turns":5.0},{"damage":9.0,"enemies":"Orb Walker","floor":36.0,"turns":5.0},{"damage":0.0,"enemies":"Mind Bloom Boss Battle","floor":37.0,"turns":4.0},{"damage":30.0,"enemies":"Nemesis","floor":40.0,"turns":9.0},{"damage":0.0,"enemies":"Spire Growth","floor":42.0,"turns":5.0},{"damage":14.0,"enemies":"Writhing Mass","floor":44.0,"turns":6.0},{"damage":0.0,"enemies":"Transient","floor":45.0,"turns":6.0},{"damage":3.0,"enemies":"Reptomancer","floor":46.0,"turns":5.0},{"damage":10,"enemies":"3 Darklings","floor":47,"turns":2},{"damage":14,"enemies":"4 Shapes","floor":48,"turns":1}],"seed_played":"5816899457691611903","potions_obtained":[{"floor":5.0,"key":"SpeedPotion"},{"floor":7.0,"key":"GamblersBrew"},{"floor":16.0,"key":"Weak Potion"}],"is_trial":false,"path_per_floor":["M","?","$","M","M","R","E","R","T","$","?","M","M","E","R","B",null,"M","?","?","?","M","R","E","R","T","E","R","M","?","M","R","B",null,"M","M","?","?","?","E","$","M","T","M","M","E","M","M"],"character_chosen":"DEFECT","items_purchased":["FTL","Defragment","Mummified Hand","Whetstone","Double Energy"],"campfire_rested":2,"item_purchase_floors":[3,10,41,41,41],"current_hp_per_floor":[64,57,57,57,57,57,28,28,28,28,51,51,51,51,51,41,64,56,56,56,56,49,49,1,22,22,18,39,39,53,48,48,48,70,70,61,61,61,61,31,31,31,31,17,17,14,4,0],"gold":169,"neow_bonus":"TRANSFORM_TWO_CARDS","is_prod":false,"is_daily":false,"chose_seed":false,"campfire_upgraded":5,"win_rate":0,"timestamp":1552478690,"path_taken":["M","?","$","M","?","R","E","R","T","?","?","M","?","E","R","BOSS","M","?","?","?","M","R","E","R","T","E","R","?","?","M","R","BOSS","M","M","?","?","?","E","$","?","T","M","M","E","M","M"],"build_version":"2019-01-23","purchased_purges":2,"victory":false,"max_hp_per_floor":[71,71,71,71,71,71,71,71,71,71,71,71,71,71,71,71,71,71,71,71,71,71,71,71,71,71,71,71,71,71,71,71,71,76,76,76,76,76,76,76,76,76,76,76,76,76,76,76],"card_choices":[{"not_picked":["Streamline","Stack"],"picked":"Scrape","floor":1.0},{"not_picked":["Stack","Rebound"],"picked":"Steam","floor":4.0},{"not_picked":["Redo","Doom and Gloom"],"picked":"Conserve Battery","floor":5.0},{"not_picked":["Stack","Conserve Battery"],"picked":"Defragment","floor":7.0},{"not_picked":["Redo","Streamline"],"picked":"Buffer","floor":12.0},{"not_picked":["Conserve Battery","Genetic Algorithm","Streamline"],"picked":"SKIP","floor":13.0},{"not_picked":["Recycle","Conserve Battery"],"picked":"Core Surge","floor":14.0},{"not_picked":["Buffer","Machine Learning"],"picked":"Biased Cognition","floor":16.0},{"not_picked":["Steam","BootSequence"],"picked":"Chill","floor":18.0},{"not_picked":["Compile Driver","Gash"],"picked":"Defragment","floor":22.0},{"not_picked":["White Noise","Core Surge"],"picked":"Coolheaded+1","floor":24.0},{"not_picked":["Conserve Battery","Gash+1","Rebound"],"picked":"SKIP","floor":27.0},{"not_picked":["Blizzard","Cold Snap"],"picked":"Hologram+1","floor":29.0},{"not_picked":["BootSequence","Steam Power","Steam"],"picked":"SKIP","floor":31.0},{"not_picked":["Machine Learning","Echo Form"],"picked":"Electrodynamics","floor":33.0},{"not_picked":["Stack","Compile Driver"],"picked":"Cold Snap+1","floor":34.0},{"not_picked":["Ball Lightning","Barrage","Compile Driver"],"picked":"SKIP","floor":35.0},{"not_picked":["Conserve Battery","Go for the Eyes","Ball Lightning+1"],"picked":"SKIP","floor":36.0},{"not_picked":["Master of Strategy","Jack Of All Trades"],"picked":"Magnetism","floor":38.0},{"not_picked":["Barrage","Leap","Hologram"],"picked":"SKIP","floor":40.0},{"not_picked":["Recycle","Cold Snap","Steam+1"],"picked":"SKIP","floor":42.0},{"not_picked":["Steam","Barrage+1","Gash"],"picked":"SKIP","floor":44.0},{"not_picked":["Beam Cell","Go for the Eyes+1","Gash+1"],"picked":"SKIP","floor":45.0},{"not_picked":["Rebound","Cold Snap"],"picked":"Multi-Cast","floor":46.0},{"not_picked":["Gash","Defragment","Steam Power"],"picked":"SKIP","floor":47}],"player_experience":1186698,"relics_obtained":[{"floor":7.0,"key":"Kunai"},{"floor":9.0,"key":"Bronze Scales"},{"floor":14.0,"key":"Pen Nib"},{"floor":24.0,"key":"Pocketwatch"},{"floor":26.0,"key":"Bag of Marbles"},{"floor":27.0,"key":"Bag of Preparation"},{"floor":37.0,"key":"Ice Cream"},{"floor":40.0,"key":"Ancient Tea Set"},{"floor":46.0,"key":"Centennial Puzzle"}],"event_choices":[{"damage_healed":0.0,"max_hp_gain":0.0,"max_hp_loss":0.0,"gold_gain":50.0,"event_name":"FaceTrader","player_choice":"Touch","floor":2.0,"gold_loss":0.0,"damage_taken":7.0},{"damage_healed":23.0,"max_hp_gain":0.0,"max_hp_loss":0.0,"gold_gain":0.0,"event_name":"Big Fish","player_choice":"Banana","floor":11.0,"gold_loss":0.0,"damage_taken":0.0},{"cards_removed":["Strike_B"],"damage_healed":0.0,"max_hp_gain":0.0,"max_hp_loss":0.0,"gold_gain":0.0,"event_name":"Back to Basics","player_choice":"Elegance","floor":19.0,"gold_loss":0.0,"damage_taken":0.0},{"damage_healed":0.0,"max_hp_gain":0.0,"max_hp_loss":0.0,"gold_gain":0.0,"event_name":"Vampires","player_choice":"Ignored","floor":20.0,"gold_loss":0.0,"damage_taken":0.0},{"damage_healed":0.0,"max_hp_gain":0.0,"max_hp_loss":0.0,"gold_gain":0.0,"event_name":"Duplicator","player_choice":"Copied","floor":21.0,"gold_loss":0.0,"damage_taken":0.0,"cards_obtained":["Defragment"]},{"damage_healed":14.0,"max_hp_gain":0.0,"max_hp_loss":0.0,"gold_gain":0.0,"event_name":"The Library","player_choice":"Heal","floor":30.0,"gold_loss":0.0,"damage_taken":0.0},{"damage_healed":0.0,"max_hp_gain":0.0,"max_hp_loss":0.0,"gold_gain":0.0,"event_name":"MindBloom","player_choice":"Fight","floor":37.0,"gold_loss":0.0,"damage_taken":0.0},{"damage_healed":0.0,"max_hp_gain":0.0,"max_hp_loss":0.0,"gold_gain":0.0,"event_name":"SensoryStone","player_choice":"Memory 1","floor":38.0,"gold_loss":0.0,"damage_taken":0.0},{"cards_removed":["Hologram"],"damage_healed":0.0,"max_hp_gain":0.0,"max_hp_loss":0.0,"gold_gain":0.0,"event_name":"Falling","player_choice":"Removed Skill","floor":39.0,"gold_loss":0.0,"damage_taken":0.0}],"is_beta":false,"boss_relics":[{"not_picked":["Coffee Dripper","Ectoplasm"],"picked":"Sozu"},{"not_picked":["Velvet Choker","Fusion Hammer"],"picked":"Tiny House"}],"items_purged_floors":[3,41],"is_endless":false,"potions_floor_spawned":[5,7,16,27,29,31,35,40,44,47],"killed_by":"4 Shapes","ascension_level":20}