{"gold_per_floor":[115,115,134,145,161,161,173,173,251,264,264,283,299,331,331,331],"floor_reached":16,"playtime":558,"items_purged":[],"score":212,"play_id":"ccc41d6a-0983-4d82-81f9-09cd138e82d3","local_time":"20190130193649","is_ascension_mode":true,"campfire_choices":[{"data":"Havoc","floor":6,"key":"SMITH"},{"data":"Body Slam","floor":8,"key":"SMITH"},{"data":"Rage","floor":11,"key":"SMITH"},{"data":"Flame Barrier","floor":15,"key":"SMITH"}],"neow_cost":"NONE","seed_source_timestamp":1816190564986792,"circlet_count":0,"master_deck":["AscendersBane","Strike_R","Strike_R","Strike_R","Strike_R","Strike_R","Defend_R","Defend_R","Defend_R","Defend_R","Bash+1","Rage+1","Havoc+1","Feel No Pain","Body Slam+1","Flame Barrier+1","Metallicize","Immolate"],"relics":["Burning Blood","Dream Catcher","Shuriken","Shovel"],"potions_floor_usage":[5,7,14,16],"damage_taken":[{"damage":7,"enemies":"Small Slimes","floor":1,"turns":4},{"damage":1,"enemies":"Cultist","floor":3,"turns":3},{"damage":0,"enemies":"2 Louse","floor":4,"turns":2},{"damage":6,"enemies":"Looter","floor":5,"turns":2},{"damage":3,"enemies":"2 Fungi Beasts","floor":7,"turns":5},{"damage":15,"enemies":"Large Slime","floor":10,"turns":5},{"damage":1,"enemies":"Exordium Thugs","floor":12,"turns":4},{"damage":1,"enemies":"3 Louse","floor":13,"turns":3},{"damage":48,"enemies":"Gremlin Nob","floor":14,"turns":5},{"damage":35,"enemies":"Hexaghost","floor":16,"turns":10}],"seed_played":"2547281614811200409","potions_obtained":[{"floor":1,"key":"AttackPotion"},{"floor":3,"key":"AttackPotion"},{"floor":5,"key":"SpeedPotion"},{"floor":10,"key":"Dexterity Potion"}],"is_trial":false,"path_per_floor":["M","?","M","M","M","R","M","R","T","M","R","M","M","E","R","B"],"character_chosen":"IRONCLAD","items_purchased":[],"campfire_rested":0,"item_purchase_floors":[],"current_hp_per_floor":[67,67,72,75,75,75,75,75,75,66,66,71,75,33,33,0],"gold":331,"neow_bonus":"RANDOM_COMMON_RELIC","is_prod":false,"is_daily":false,"chose_seed":false,"campfire_upgraded":4,"win_rate":0,"timestamp":1548873409,"path_taken":["M","?","M","M","?","R","?","R","T","M","R","M","M","E","R","BOSS"],"build_version":"2019-01-23","purchased_purges":0,"victory":false,"max_hp_per_floor":[75,75,75,75,75,75,75,75,75,75,75,75,75,75,75,75],"card_choices":[{"not_picked":["Reckless Charge","Wild Strike"],"picked":"Rage","floor":1},{"not_picked":["Pommel Strike","Entrench"],"picked":"Havoc","floor":3},{"not_picked":["Sentinel","Pommel Strike"],"picked":"Feel No Pain","floor":4},{"not_picked":["Iron Wave","Thunderclap"],"picked":"Body Slam","floor":5},{"not_picked":["Corruption","Burning Pact","Headbutt"],"picked":"SKIP","floor":7},{"not_picked":["Dual Wield","Heavy Blade","Inflame"],"picked":"SKIP","floor":10},{"not_picked":["Exhume","Armaments"],"picked":"Flame Barrier","floor":12},{"not_picked":["True Grit","Pommel Strike"],"picked":"Metallicize","floor":13},{"not_picked":["True Grit","Cleave"],"picked":"Immolate","floor":14}],"player_experience":974048,"relics_obtained":[{"floor":9,"key":"Shuriken"},{"floor":14,"key":"Shovel"}],"event_choices":[{"damage_healed":0,"gold_gain":0,"player_choice":"Upgraded","damage_taken":0,"max_hp_gain":0,"max_hp_loss":0,"event_name":"Upgrade Shrine","floor":2,"gold_loss":0,"cards_upgraded":["Bash"]}],"is_beta":false,"boss_relics":[],"items_purged_floors":[],"is_endless":false,"potions_floor_spawned":[1,3,5,10,12],"killed_by":"Hexaghost","ascension_level":20}