{"gold_per_floor":[113,38,50,63,63,97,117,117,142,142,142,42,0,0,0,0],"floor_reached":16,"playtime":599,"items_purged":["Strike_R","Strike_R"],"score":113,"play_id":"ae84c778-26e7-46ee-8d74-c0013961f025","local_time":"20180802201440","is_ascension_mode":true,"campfire_choices":[{"data":"Bash","floor":8,"key":"SMITH"},{"floor":10,"key":"REST"},{"floor":15,"key":"REST"}],"neow_cost":"FIFTY_PERCENT_DAMAGE","seed_source_timestamp":150603903920166,"circlet_count":0,"master_deck":["Strike_R","Strike_R","Strike_R","Defend_R","Defend_R+1","Defend_R+1","Bash+1","Pommel Strike"],"relics":["Burning Blood","Ginger","War Paint","Regal Pillow","Golden Idol"],"potions_floor_usage":[16],"damage_taken":[{"damage":10,"enemies":"2 Louse","floor":1,"turns":3},{"damage":3,"enemies":"Jaw Worm","floor":3,"turns":5},{"damage":8,"enemies":"Small Slimes","floor":4,"turns":7},{"damage":55,"enemies":"Lagavulin","floor":6,"turns":6},{"damage":4,"enemies":"Looter","floor":7,"turns":4},{"damage":76,"enemies":"Hexaghost","floor":16,"turns":9}],"seed_played":"5961498525467117089","potions_obtained":[{"floor":1,"key":"FairyPotion"},{"floor":7,"key":"Strength Potion"}],"is_trial":false,"path_per_floor":["M","$","M","M","?","E","M","R","T","R","?","$","?","$","R"],"character_chosen":"IRONCLAD","items_purchased":[],"campfire_rested":2,"item_purchase_floors":[],"current_hp_per_floor":[36,36,39,37,37,14,16,16,16,55,35,35,35,35,74,0],"gold":0,"neow_bonus":"ONE_RARE_RELIC","is_prod":false,"is_daily":false,"chose_seed":false,"campfire_upgraded":1,"win_rate":0,"timestamp":1533255280,"path_taken":["M","$","M","M","?","E","M","R","T","R","?","$","?","$","R","BOSS"],"build_version":"2018-07-26","purchased_purges":2,"victory":false,"max_hp_per_floor":[80,80,80,80,80,80,80,80,80,80,80,80,80,80,80,80],"card_choices":[{"not_picked":["Heavy Blade","Sword Boomerang","Flex"],"picked":"SKIP","floor":1},{"not_picked":["Iron Wave","Clash","Body Slam"],"picked":"SKIP","floor":3},{"not_picked":["Cleave","Clothesline"],"picked":"Pommel Strike","floor":4},{"not_picked":["Impervious","Shrug It Off","Intimidate"],"picked":"SKIP","floor":6},{"not_picked":["Havoc","Rage","Intimidate"],"picked":"SKIP","floor":7}],"player_experience":138673,"relics_obtained":[{"floor":6,"key":"War Paint"},{"floor":9,"key":"Regal Pillow"}],"event_choices":[{"event_name":"Living Wall","player_choice":"Forget","floor":5,"damage_taken":0},{"event_name":"Golden Idol","player_choice":"Take Damage","floor":11,"damage_taken":0},{"event_name":"World of Goop","player_choice":"Left","floor":13,"damage_taken":0}],"is_beta":false,"boss_relics":[],"items_purged_floors":[2,12],"is_endless":false,"potions_floor_spawned":[1,7],"killed_by":"Hexaghost","ascension_level":3}