{"gold_per_floor":[12,29,49,49,69,69,82,82,108,139,158,158],"floor_reached":12,"playtime":570,"items_purged":[],"score":156,"play_id":"5adb01c0-bdb9-47c0-bfb0-bb3c9a226579","local_time":"20180930010311","is_ascension_mode":true,"campfire_choices":[{"data":"Noxious Fumes","floor":6.0,"key":"SMITH"},{"data":"Wraith Form v2","floor":8.0,"key":"SMITH"}],"neow_cost":"NO_GOLD","seed_source_timestamp":94503084545092,"circlet_count":0,"master_deck":["Defend_G","Defend_G","Defend_G","Defend_G","Defend_G","Strike_G","Strike_G","Strike_G","Strike_G","Strike_G","Survivor","Neutralize","AscendersBane","Wraith Form v2+1","Quick Slash","Distraction","Escape Plan","Noxious Fumes+1","Deadly Poison","Escape Plan"],"special_seed":0,"relics":["Ring of the Snake","Oddly Smooth Stone","Boot","Unceasing Top"],"potions_floor_usage":[],"damage_taken":[{"damage":1.0,"enemies":"Cultist","floor":1.0,"turns":4.0},{"damage":6.0,"enemies":"Jaw Worm","floor":2.0,"turns":7.0},{"damage":0.0,"enemies":"2 Louse","floor":3.0,"turns":3.0},{"damage":3.0,"enemies":"Large Slime","floor":5.0,"turns":8.0},{"damage":13.0,"enemies":"Exordium Wildlife","floor":7.0,"turns":6.0},{"damage":5.0,"enemies":"Lagavulin","floor":10.0,"turns":7.0},{"damage":12.0,"enemies":"Exordium Thugs","floor":11.0,"turns":4.0},{"damage":43,"enemies":"Gremlin Nob","floor":12,"turns":4}],"seed_played":"-5088816098509250398","potions_obtained":[{"floor":2.0,"key":"GhostInAJar"},{"floor":10.0,"key":"PowerPotion"}],"is_trial":false,"path_per_floor":["M","M","M","T","M","R","M","R","T","E","M"],"character_chosen":"THE_SILENT","items_purchased":[],"campfire_rested":0,"item_purchase_floors":[],"current_hp_per_floor":[58,52,52,52,49,49,36,36,36,31,19,0],"gold":158,"neow_bonus":"THREE_RARE_CARDS","is_prod":false,"is_daily":false,"chose_seed":false,"campfire_upgraded":2,"win_rate":0,"timestamp":1538262191,"path_taken":["M","M","M","?","M","R","?","R","T","E","M","E"],"build_version":"2018-09-27","purchased_purges":0,"victory":false,"max_hp_per_floor":[66,66,66,66,66,66,66,66,66,66,66,66],"card_choices":[{"not_picked":["Grand Finale","Corpse Explosion"],"picked":"Wraith Form v2","floor":0.0},{"not_picked":["Dodge and Roll","Poisoned Stab"],"picked":"Quick Slash","floor":1.0},{"not_picked":["Dodge and Roll","Flying Knee"],"picked":"Distraction","floor":2.0},{"not_picked":["Well Laid Plans","Leg Sweep"],"picked":"Escape Plan","floor":3.0},{"not_picked":["Dagger Throw","Dagger Spray"],"picked":"Noxious Fumes","floor":5.0},{"not_picked":["Deflect","Slice"],"picked":"Deadly Poison","floor":7.0},{"not_picked":["Acrobatics","Poisoned Stab","Reflex"],"picked":"SKIP","floor":10.0},{"not_picked":["Infinite Blades","Underhanded Strike"],"picked":"Escape Plan","floor":11.0}],"player_experience":786101,"relics_obtained":[{"floor":4.0,"key":"Oddly Smooth Stone"},{"floor":9.0,"key":"Boot"},{"floor":10.0,"key":"Unceasing Top"}],"event_choices":[],"is_beta":false,"boss_relics":[],"items_purged_floors":[],"is_endless":false,"potions_floor_spawned":[2,10],"killed_by":"Gremlin Nob","ascension_level":18}