{"gold_per_floor":[114,127,127,144,144,144,173,173,197,197,45,45,20,39,39,116,116,127,127,141,161,161,161,161,180,232,232,232,260,69,69],"floor_reached":31,"playtime":1787,"items_purged":["Strike_B","Strike_B"],"score":461,"play_id":"bd7323c3-743b-46d0-892a-478b9f4e8d10","local_time":"20190310233858","is_ascension_mode":true,"campfire_choices":[{"data":"Zap","floor":6.0,"key":"SMITH"},{"data":"Go for the Eyes","floor":10.0,"key":"SMITH"},{"data":"Streamline","floor":12.0,"key":"SMITH"},{"data":"Buffer","floor":15.0,"key":"SMITH"},{"data":"Core Surge","floor":23.0,"key":"SMITH"},{"data":"Hologram","floor":27,"key":"SMITH"}],"neow_cost":"NONE","seed_source_timestamp":2077669639824254,"circlet_count":0,"master_deck":["AscendersBane","Strike_B+1","Defend_B","Defend_B","Defend_B","Defend_B","Zap+1","Dualcast","Go for the Eyes+1","Hologram+1","Ball Lightning+1","Buffer+1","Streamline+1","Hologram","Cold Snap","Auto Shields","Core Surge+1","RitualDagger","Ball Lightning","Sweeping Beam","Sunder"],"special_seed":0,"relics":["Cracked Core","NeowsBlessing","Gremlin Horn","Kunai","Whetstone","Eternal Feather","Centennial Puzzle","Juzu Bracelet"],"potions_floor_usage":[24,31],"damage_taken":[{"damage":0.0,"enemies":"Small Slimes","floor":1.0,"turns":1.0},{"damage":0.0,"enemies":"Jaw Worm","floor":2.0,"turns":1.0},{"damage":0.0,"enemies":"2 Louse","floor":4.0,"turns":1.0},{"damage":22.0,"enemies":"3 Sentries","floor":7.0,"turns":5.0},{"damage":0.0,"enemies":"Blue Slaver","floor":14.0,"turns":2.0},{"damage":15.0,"enemies":"The Guardian","floor":16.0,"turns":11.0},{"damage":0.0,"enemies":"Chosen","floor":18.0,"turns":4.0},{"damage":1.0,"enemies":"Spheric Guardian","floor":20.0,"turns":3.0},{"damage":23.0,"enemies":"3 Cultists","floor":21.0,"turns":5.0},{"damage":0,"enemies":"Book of Stabbing","floor":24,"turns":1},{"damage":21,"enemies":"Centurion and Healer","floor":25,"turns":7},{"damage":32,"enemies":"Gremlin Leader","floor":29,"turns":8},{"damage":25,"enemies":"Book of Stabbing","floor":31,"turns":6}],"seed_played":"-3264956278663051060","potions_obtained":[{"floor":2.0,"key":"LiquidBronze"},{"floor":14.0,"key":"SmokeBomb"},{"floor":25,"key":"EssenceOfSteel"}],"is_trial":false,"path_per_floor":["M","M","?","M","T","R","E","?","T","R","$","R","$","M","R","B",null,"M","?","M","M","?","R","E","M","T","R","?","E","$","E"],"character_chosen":"DEFECT","items_purchased":["Streamline","Hologram","Cold Snap","Sunder","Explosive Potion"],"campfire_rested":0,"item_purchase_floors":[11,11,13,30,30],"current_hp_per_floor":[64,64,64,64,64,64,42,42,42,42,42,42,42,42,42,27,60,60,54,53,30,30,42,42,21,21,33,56,24,24,0],"gold":69,"neow_bonus":"THREE_ENEMY_KILL","is_prod":false,"is_daily":false,"chose_seed":false,"campfire_upgraded":6,"win_rate":0,"timestamp":1552275538,"path_taken":["M","M","?","M","?","R","E","?","T","R","$","R","$","M","R","BOSS","M","?","M","M","?","R","E","M","T","R","?","E","$","E"],"build_version":"2019-01-23","purchased_purges":2,"victory":false,"max_hp_per_floor":[71,71,71,71,71,71,71,71,71,71,71,71,71,71,71,71,71,71,71,71,71,71,71,71,71,71,71,71,71,71,71],"card_choices":[{"not_picked":["Conserve Battery","Leap"],"picked":"Go for the Eyes","floor":1.0},{"not_picked":["Self Repair","Stack"],"picked":"Hologram","floor":2.0},{"not_picked":["Compile Driver","Hologram"],"picked":"Ball Lightning","floor":4.0},{"not_picked":["Redo","Aggregate","Compile Driver"],"picked":"SKIP","floor":7.0},{"not_picked":["Rip and Tear","Creative AI"],"picked":"Auto Shields","floor":14.0},{"not_picked":["Machine Learning","Seek"],"picked":"Core Surge","floor":16.0},{"not_picked":["Streamline","Stack","Compile Driver"],"picked":"SKIP","floor":18.0},{"not_picked":["Steam","Hologram"],"picked":"Ball Lightning","floor":20.0},{"not_picked":["Leap","BootSequence"],"picked":"Sweeping Beam","floor":21.0},{"not_picked":["Cold Snap","Scrape","Reinforced Body"],"picked":"SKIP","floor":25},{"not_picked":["Stack","Turbo+1","Darkness"],"picked":"SKIP","floor":29}],"player_experience":682108,"relics_obtained":[{"floor":5.0,"key":"Gremlin Horn"},{"floor":7.0,"key":"Kunai"},{"floor":9.0,"key":"Whetstone"},{"floor":26,"key":"Centennial Puzzle"},{"floor":29,"key":"Juzu Bracelet"}],"event_choices":[{"damage_healed":0.0,"max_hp_gain":0.0,"max_hp_loss":0.0,"gold_gain":0.0,"event_name":"Liars Game","player_choice":"Ignored","floor":3.0,"gold_loss":0.0,"damage_taken":0.0},{"damage_healed":0.0,"max_hp_gain":0.0,"max_hp_loss":0.0,"gold_gain":0.0,"cards_transformed":["Strike_B"],"event_name":"Living Wall","player_choice":"Change","floor":8.0,"gold_loss":0.0,"damage_taken":0.0,"cards_obtained":["Buffer"]},{"damage_healed":0.0,"max_hp_gain":0.0,"max_hp_loss":0.0,"gold_gain":0.0,"event_name":"Nest","player_choice":"Joined the Cult","floor":19.0,"gold_loss":0.0,"damage_taken":6.0,"cards_obtained":["RitualDagger"]},{"damage_healed":0.0,"max_hp_gain":0.0,"max_hp_loss":0.0,"gold_gain":0.0,"event_name":"Vampires","player_choice":"Ignored","floor":22.0,"gold_loss":0.0,"damage_taken":0.0},{"damage_healed":23,"gold_gain":0,"player_choice":"Heal","damage_taken":0,"max_hp_gain":0,"max_hp_loss":0,"event_name":"The Library","floor":28,"gold_loss":0}],"is_beta":false,"boss_relics":[{"not_picked":["Orrery","Sozu"],"picked":"Eternal Feather"}],"items_purged_floors":[11,30],"is_endless":false,"potions_floor_spawned":[2,14,24,25],"killed_by":"Book of Stabbing","ascension_level":14}