{"gold_per_floor":[118,138,59,29,49,76,89,109,132,132,132,35,52,72,72,177,177,191,191,208,222,145,145],"floor_reached":23,"playtime":2848,"items_purged":[],"score":215,"play_id":"68a8f452-a9ee-494d-81de-1cb01de136ec","local_time":"20180717225153","is_ascension_mode":true,"campfire_choices":[{"floor":10,"key":"REST"},{"floor":15,"key":"REST"}],"neow_cost":"NONE","seed_source_timestamp":586210024721252,"circlet_count":0,"master_deck":["Survivor","Neutralize","Dagger Throw","Noxious Fumes","Noxious Fumes","Doppelganger","Flying Knee","Catalyst","Dash","Burst","Masterful Stab","Eviscerate","Outmaneuver","Finisher","All Out Attack","Setup","PiercingWail","Deflect","Outmaneuver","Underhanded Strike","Noxious Fumes+1","Bouncing Flask+1","J.A.X."],"relics":["Ring of the Snake","Lantern","Omamori","Happy Flower","Art of War","Pandora\u0027s Box","Dream Catcher"],"potions_floor_usage":[6,8,16,16],"damage_taken":[{"damage":0,"enemies":"Small Slimes","floor":1,"turns":5},{"damage":0,"enemies":"Cultist","floor":2,"turns":3},{"damage":0,"enemies":"Jaw Worm","floor":5,"turns":3},{"damage":29,"enemies":"Gremlin Nob","floor":6,"turns":5},{"damage":8,"enemies":"Red Slaver","floor":7,"turns":4},{"damage":9,"enemies":"3 Louse","floor":8,"turns":3},{"damage":24,"enemies":"Exordium Thugs","floor":13,"turns":5},{"damage":11,"enemies":"Exordium Wildlife","floor":14,"turns":3},{"damage":21,"enemies":"The Guardian","floor":16,"turns":9},{"damage":12,"enemies":"Spheric Guardian","floor":18,"turns":5},{"damage":3,"enemies":"Shell Parasite","floor":20,"turns":4},{"damage":13,"enemies":"Snake Plant","floor":21,"turns":4},{"damage":60,"enemies":"Book of Stabbing","floor":23,"turns":5}],"seed_played":"-2501888588892638814","potions_obtained":[{"floor":2,"key":"Block Potion"},{"floor":4,"key":"FairyPotion"},{"floor":4,"key":"Weak Potion"},{"floor":5,"key":"Explosive Potion"},{"floor":6,"key":"LiquidBronze"},{"floor":13,"key":"Strength Potion"},{"floor":20,"key":"FairyPotion"}],"is_trial":false,"path_per_floor":["M","M","$","?","M","E","M","M","T","R","?","$","M","M","R","B",null,"M","?","M","M","?"],"character_chosen":"THE_SILENT","items_purchased":["Noxious Fumes","Flying Knee","Catalyst"],"campfire_rested":2,"item_purchase_floors":[3,12,12],"current_hp_per_floor":[70,70,70,70,70,41,33,24,24,45,45,45,21,10,31,10,70,58,58,55,42,42,0],"gold":145,"neow_bonus":"RANDOM_COMMON_RELIC","is_prod":false,"is_daily":false,"chose_seed":false,"campfire_upgraded":0,"win_rate":0,"timestamp":1531882313,"path_taken":["M","M","$","?","M","E","M","?","T","R","?","?","?","M","R","BOSS","M","?","M","M","?","E"],"build_version":"2018-07-12","purchased_purges":0,"victory":false,"max_hp_per_floor":[70,70,70,70,70,70,70,70,70,70,70,70,70,70,70,70,70,70,70,70,70,70,70],"card_choices":[{"not_picked":["Malaise","Flechettes"],"picked":"Dagger Throw","floor":1},{"not_picked":["Masterful Stab","Backflip"],"picked":"Noxious Fumes","floor":2},{"not_picked":["Poisoned Stab","Dodge and Roll","Expertise"],"picked":"SKIP","floor":5},{"not_picked":["Dodge and Roll","Skewer"],"picked":"Doppelganger","floor":6},{"not_picked":["Concentrate","Backflip","Blade Dance"],"picked":"SKIP","floor":7},{"not_picked":["Underhanded Strike","Backflip","Escape Plan"],"picked":"SKIP","floor":8},{"not_picked":["Dodge and Roll","Heel Hook","Prepared"],"picked":"SKIP","floor":13},{"not_picked":["Deflect","Poisoned Stab"],"picked":"Dash","floor":14},{"not_picked":["Grand Finale","Tools of the Trade"],"picked":"Burst","floor":16},{"not_picked":["Poisoned Stab+1","Cloak And Dagger"],"picked":"Noxious Fumes+1","floor":18},{"not_picked":["Dagger Throw","Underhanded Strike"],"picked":"Bouncing Flask+1","floor":20},{"not_picked":["PiercingWail","Dodge and Roll","Storm of Steel"],"picked":"SKIP","floor":21}],"player_experience":153893,"relics_obtained":[{"floor":6,"key":"Omamori"},{"floor":9,"key":"Happy Flower"}],"event_choices":[{"event_name":"The Woman in Blue","player_choice":"Bought 2 Potions","floor":4,"damage_taken":0},{"event_name":"Accursed Blacksmith","player_choice":"Rummage","floor":11,"damage_taken":0},{"event_name":"The Mausoleum","player_choice":"Yes","floor":19,"damage_taken":0},{"event_name":"Drug Dealer","player_choice":"Got JAXXED","floor":22,"damage_taken":0}],"boss_relics":[{"not_picked":["Empty Cage","Fusion Hammer"],"picked":"Pandora\u0027s Box"}],"items_purged_floors":[],"is_endless":false,"potions_floor_spawned":[2,5,6,13,14,20],"killed_by":"Book of Stabbing","ascension_level":2}