{"gold_per_floor":[117,131,131,131,20,20,37,37,92,104,132,146,158,189,189,284,284,299,299,43,60,60,60],"floor_reached":23,"playtime":2123,"items_purged":["Strike_B","Strike_B"],"score":251,"play_id":"c4645424-0a95-4323-a010-7ab4988a31f7","local_time":"20190130194438","is_ascension_mode":true,"campfire_choices":[{"floor":6.0,"key":"REST"},{"data":"Machine Learning","floor":8.0,"key":"SMITH"},{"floor":15.0,"key":"REST"}],"neow_cost":"PERCENT_DAMAGE","seed_source_timestamp":0,"circlet_count":0,"master_deck":["Strike_B","Strike_B+1","Defend_B","Defend_B","Defend_B","Defend_B+1","Zap+1","Dualcast+1","Machine Learning+1","FTL","BootSequence","Hello World","Loop","Doom and Gloom","Self Repair","Seek","Lockon"],"special_seed":0,"relics":["Cracked Core","Tiny Chest","Ornamental Fan","PreservedInsect","Nuclear Battery","War Paint","Question Card"],"potions_floor_usage":[],"damage_taken":[{"damage":5.0,"enemies":"2 Louse","floor":1.0,"turns":3.0},{"damage":1.0,"enemies":"Cultist","floor":2.0,"turns":3.0},{"damage":9.0,"enemies":"Small Slimes","floor":7.0,"turns":3.0},{"damage":13.0,"enemies":"Exordium Wildlife","floor":10.0,"turns":4.0},{"damage":20.0,"enemies":"Gremlin Nob","floor":11.0,"turns":3.0},{"damage":1.0,"enemies":"Looter","floor":12.0,"turns":3.0},{"damage":0.0,"enemies":"2 Fungi Beasts","floor":13.0,"turns":2.0},{"damage":6.0,"enemies":"3 Sentries","floor":14.0,"turns":7.0},{"damage":23.0,"enemies":"Slime Boss","floor":16.0,"turns":5.0},{"damage":4.0,"enemies":"Shell Parasite","floor":18.0,"turns":5.0},{"damage":0.0,"enemies":"3 Byrds","floor":21.0,"turns":4.0},{"damage":0,"enemies":"Slavers","floor":23,"turns":1}],"seed_played":"-5329536836843295316","potions_obtained":[{"floor":4.0,"key":"Block Potion"},{"floor":4.0,"key":"SpeedPotion"},{"floor":4.0,"key":"Ancient Potion"},{"floor":18.0,"key":"AttackPotion"}],"is_trial":false,"path_per_floor":["M","M","?","?","$","R","M","R","T","M","E","M","M","E","R","B",null,"M","?","$","M","T","E"],"character_chosen":"DEFECT","items_purchased":["Hello World","War Paint"],"campfire_rested":2,"item_purchase_floors":[5,20],"current_hp_per_floor":[49,48,33,33,33,55,46,46,46,33,13,12,12,6,28,5,58,61,61,61,68,68,68],"gold":60,"neow_bonus":"THREE_RARE_CARDS","is_prod":false,"is_daily":false,"chose_seed":false,"campfire_upgraded":1,"win_rate":0,"timestamp":1548895478,"path_taken":["M","M","?","?","$","R","?","R","T","M","E","M","M","E","R","BOSS","M","?","$","M","?","E"],"build_version":"2019-01-23","purchased_purges":2,"victory":false,"max_hp_per_floor":[75,75,75,75,75,75,75,75,75,75,75,75,75,75,75,75,75,75,75,75,75,75,75],"card_choices":[{"not_picked":["Rainbow","Amplify"],"picked":"Machine Learning","floor":0.0},{"not_picked":["Ball Lightning","Cold Snap"],"picked":"FTL","floor":1.0},{"not_picked":["Cold Snap","Leap"],"picked":"BootSequence","floor":2.0},{"not_picked":["Reprogram","Streamline","Compile Driver"],"picked":"SKIP","floor":7.0},{"not_picked":["Gash","Rip and Tear","Beam Cell"],"picked":"SKIP","floor":10.0},{"not_picked":["Machine Learning","White Noise"],"picked":"Loop","floor":11.0},{"not_picked":["Double Energy","Turbo"],"picked":"Doom and Gloom","floor":12.0},{"not_picked":["Hologram","FTL","Force Field"],"picked":"SKIP","floor":13.0},{"not_picked":["Leap","Go for the Eyes"],"picked":"Self Repair","floor":14.0},{"not_picked":["Fission","Thunder Strike"],"picked":"Seek","floor":16.0},{"not_picked":["Beam Cell","Redo","Steam"],"picked":"SKIP","floor":18.0},{"not_picked":["Cold Snap","Streamline","Stack"],"picked":"SKIP","floor":21.0}],"player_experience":334778,"relics_obtained":[{"floor":9.0,"key":"Tiny Chest"},{"floor":11.0,"key":"Ornamental Fan"},{"floor":14.0,"key":"PreservedInsect"},{"floor":22.0,"key":"Question Card"}],"event_choices":[{"damage_healed":0.0,"max_hp_gain":0.0,"max_hp_loss":0.0,"gold_gain":0.0,"event_name":"Shining Light","player_choice":"Entered Light","floor":3.0,"gold_loss":0.0,"damage_taken":15.0,"cards_upgraded":["Strike_B","Zap"]},{"damage_healed":0.0,"max_hp_gain":0.0,"max_hp_loss":0.0,"gold_gain":0.0,"event_name":"Lab","player_choice":"Got Potions","floor":4.0,"gold_loss":0.0,"damage_taken":0.0},{"damage_healed":0.0,"max_hp_gain":0.0,"max_hp_loss":0.0,"gold_gain":0.0,"event_name":"The Library","player_choice":"Read","floor":19.0,"gold_loss":0.0,"damage_taken":0.0,"cards_obtained":["Lockon"]}],"is_beta":false,"boss_relics":[{"not_picked":["Busted Crown","Runic Dome"],"picked":"Nuclear Battery"}],"items_purged_floors":[5,20],"is_endless":false,"potions_floor_spawned":[7,12,13,18],"killed_by":"Slavers","ascension_level":5}