{"gold_per_floor":[118,118,118,128,43,43,78,94,94,107,107,122,149,149,149,225,225,236,236,252,59,59,59,59,59,133,159,169,169],"floor_reached":29,"playtime":1006,"items_purged":["Injury"],"score":489,"play_id":"22d7c7d4-20b3-4b6c-a3e3-3498fe38a5ea","local_time":"20190125130343","is_ascension_mode":true,"campfire_choices":[{"data":"Carnage","floor":6.0,"key":"SMITH"},{"data":"Wild Strike","floor":11.0,"key":"SMITH"},{"data":"Rupture","floor":15.0,"key":"SMITH"},{"data":"Combust","floor":23.0,"key":"SMITH"},{"data":"Sever Soul","floor":25.0,"key":"SMITH"}],"neow_cost":"CURSE","seed_source_timestamp":1360017270053821,"circlet_count":0,"master_deck":["AscendersBane","Strike_R","Strike_R","Defend_R","Defend_R","Defend_R","Bash","Rupture+1","Power Through","True Grit+1","Sever Soul+1","Carnage+1","Wild Strike+1","Second Wind","Clash","Reckless Charge","Combust+1","Reaper","Disarm","Shrug It Off+1","Shockwave","Thunderclap","Warcry+1"],"special_seed":0,"relics":["Burning Blood","Prayer Wheel","The Courier","Bottled Lightning","Eternal Feather","Lantern","Matryoshka","Sundial"],"potions_floor_usage":[29],"damage_taken":[{"damage":0.0,"enemies":"2 Louse","floor":1.0,"turns":2.0},{"damage":1.0,"enemies":"Cultist","floor":4.0,"turns":4.0},{"damage":33.0,"enemies":"Lagavulin","floor":7.0,"turns":7.0},{"damage":0.0,"enemies":"Small Slimes","floor":8.0,"turns":4.0},{"damage":10.0,"enemies":"Blue Slaver","floor":10.0,"turns":4.0},{"damage":2.0,"enemies":"3 Louse","floor":12.0,"turns":3.0},{"damage":8.0,"enemies":"Gremlin Nob","floor":13.0,"turns":3.0},{"damage":10.0,"enemies":"Slime Boss","floor":16.0,"turns":8.0},{"damage":8.0,"enemies":"3 Byrds","floor":18.0,"turns":3.0},{"damage":32.0,"enemies":"2 Thieves","floor":20.0,"turns":5.0},{"damage":58.0,"enemies":"Slavers","floor":27.0,"turns":8.0},{"damage":27.0,"enemies":"Chosen and Byrds","floor":28.0,"turns":6.0},{"damage":17,"enemies":"Gremlin Leader","floor":29,"turns":4}],"seed_played":"4657218886295618459","potions_obtained":[{"floor":1.0,"key":"Explosive Potion"},{"floor":7.0,"key":"SkillPotion"},{"floor":13.0,"key":"EssenceOfSteel"},{"floor":16.0,"key":"LiquidBronze"},{"floor":28.0,"key":"PowerPotion"}],"is_trial":false,"path_per_floor":["M","?","$","M","$","R","E","M","T","M","R","M","E","?","R","B",null,"M","?","M","$","?","R","?","R","T","E","M","E"],"character_chosen":"IRONCLAD","items_purchased":["Carnage","Lantern"],"campfire_rested":0,"item_purchase_floors":[5,21],"current_hp_per_floor":[74,74,74,75,75,75,48,54,54,50,50,54,52,57,57,53,73,76,76,57,57,57,69,69,80,80,34,22,19],"gold":169,"neow_bonus":"TRANSFORM_TWO_CARDS","is_prod":false,"is_daily":false,"chose_seed":false,"campfire_upgraded":5,"win_rate":0,"timestamp":1548417823,"path_taken":["M","?","?","M","$","R","E","M","T","M","R","M","E","?","R","BOSS","M","?","M","$","?","R","?","R","T","E","M","E"],"build_version":"2019-01-23","purchased_purges":1,"victory":false,"max_hp_per_floor":[75,75,75,75,75,75,75,75,75,75,75,75,75,80,80,80,80,80,80,80,80,80,80,80,80,80,80,80,80],"card_choices":[{"not_picked":["Rampage","Heavy Blade"],"picked":"True Grit","floor":1.0},{"not_picked":["Shrug It Off","True Grit"],"picked":"Sever Soul","floor":4.0},{"not_picked":["Perfected Strike","Twin Strike","Spot Weakness"],"picked":"SKIP","floor":7.0},{"not_picked":["True Grit","Blood for Blood"],"picked":"Wild Strike","floor":8.0},{"not_picked":["Shockwave","Havoc","Cleave"],"picked":"SKIP","floor":8.0},{"not_picked":["Clothesline","Twin Strike"],"picked":"Second Wind","floor":10.0},{"not_picked":["Dual Wield","Iron Wave"],"picked":"Clash","floor":10.0},{"not_picked":["Dual Wield","Searing Blow"],"picked":"Reckless Charge","floor":12.0},{"not_picked":["Warcry","Havoc","Heavy Blade"],"picked":"SKIP","floor":12.0},{"not_picked":["Reckless Charge","Perfected Strike"],"picked":"Combust","floor":13.0},{"not_picked":["Berserk","Brutality"],"picked":"Reaper","floor":16.0},{"not_picked":["Wild Strike","Anger+1","Uppercut"],"picked":"SKIP","floor":18.0},{"not_picked":["Burning Pact+1","Twin Strike","True Grit"],"picked":"SKIP","floor":18.0},{"not_picked":["Warcry","Clash"],"picked":"Shrug It Off+1","floor":20.0},{"not_picked":["Searing Blow","Infernal Blade","Anger"],"picked":"SKIP","floor":20.0},{"not_picked":["Combust","Headbutt","Clothesline"],"picked":"SKIP","floor":27.0},{"not_picked":["Cleave","Thunderclap"],"picked":"Warcry+1","floor":28.0},{"not_picked":["Clash","Seeing Red+1","Whirlwind"],"picked":"SKIP","floor":28.0}],"player_experience":936914,"relics_obtained":[{"floor":7.0,"key":"Prayer Wheel"},{"floor":9.0,"key":"The Courier"},{"floor":13.0,"key":"Bottled Lightning"},{"floor":26.0,"key":"Matryoshka"},{"floor":27.0,"key":"Sundial"}],"event_choices":[{"damage_healed":0.0,"max_hp_gain":0.0,"max_hp_loss":0.0,"gold_gain":0.0,"event_name":"Upgrade Shrine","player_choice":"Upgraded","floor":2.0,"gold_loss":0.0,"damage_taken":0.0,"cards_upgraded":["True Grit"]},{"damage_healed":0.0,"max_hp_gain":5.0,"max_hp_loss":0.0,"gold_gain":0.0,"event_name":"Big Fish","player_choice":"Donut","floor":14.0,"gold_loss":0.0,"damage_taken":0.0},{"damage_healed":0.0,"max_hp_gain":0.0,"max_hp_loss":0.0,"gold_gain":0.0,"event_name":"The Library","player_choice":"Read","floor":19.0,"gold_loss":0.0,"damage_taken":0.0,"cards_obtained":["Disarm"]},{"damage_healed":0.0,"max_hp_gain":0.0,"max_hp_loss":0.0,"gold_gain":0.0,"cards_transformed":["Strike_R","Strike_R"],"event_name":"Drug Dealer","player_choice":"Became Test Subject","floor":22.0,"gold_loss":0.0,"damage_taken":0.0,"cards_obtained":["Shockwave","Thunderclap"]},{"damage_healed":0.0,"max_hp_gain":0.0,"max_hp_loss":0.0,"gold_gain":0.0,"event_name":"Match and Keep!","player_choice":"0 cards matched","floor":24.0,"gold_loss":0.0,"damage_taken":0.0,"cards_obtained":[]}],"is_beta":false,"boss_relics":[{"not_picked":["Orrery","Black Blood"],"picked":"Eternal Feather"}],"items_purged_floors":[21],"is_endless":false,"potions_floor_spawned":[1,7,13,16,28],"killed_by":"Gremlin Leader","ascension_level":19}