{"gold_per_floor":[116,116,41,53,128,128,142,170,217,235,266,266,285,285,285,358,358,369,384,384,13,29,29,47,104,104,104,29,42,71,87,87,166,166,186,186,0,19,37,63,63,92,92,120,220,220,27,27,27,27,27],"floor_reached":51,"playtime":1957,"items_purged":["Defend_B"],"score":1716,"play_id":"2ef81af7-9bb5-4985-8b34-94ee093cf93a","local_time":"20190312125629","is_ascension_mode":true,"campfire_choices":[{"data":"Hyperbeam","floor":6.0,"key":"SMITH"},{"data":"Defragment","floor":12.0,"key":"SMITH"},{"data":"Dualcast","floor":15.0,"key":"SMITH"},{"data":"Reinforced Body","floor":23.0,"key":"SMITH"},{"data":"Conserve Battery","floor":27.0,"key":"SMITH"},{"data":"Biased Cognition","floor":32.0,"key":"SMITH"},{"data":"Creative AI","floor":41.0,"key":"SMITH"},{"floor":46.0,"key":"DIG"},{"data":"Mayhem","floor":49.0,"key":"SMITH"}],"neow_cost":"NONE","seed_source_timestamp":1200583024199364,"circlet_count":0,"master_deck":["AscendersBane","Strike_B","Defend_B","Zap+1","Dualcast+1","Hyperbeam+1","Cold Snap","Defragment+1","Auto Shields+1","Reinforced Body+1","Doom and Gloom","Core Surge","Chaos+1","Conserve Battery+1","Turbo","Compile Driver+1","Biased Cognition+1","Conserve Battery+1","Creative AI+1","Tempest+1","Glacier+1","Mayhem+1"],"special_seed":0,"relics":["Cracked Core","Bag of Preparation","Bronze Scales","War Paint","Empty Cage","Strawberry","ClockworkSouvenir","Lantern","Tiny Chest","Shovel","Toxic Egg 2","Runic Pyramid","Red Mask","DataDisk","Orichalcum","Darkstone Periapt","Bag of Marbles","Nunchaku","Dream Catcher"],"potions_floor_usage":[],"damage_taken":[{"damage":0.0,"enemies":"Cultist","floor":1.0,"turns":2.0},{"damage":4.0,"enemies":"Small Slimes","floor":4.0,"turns":2.0},{"damage":9.0,"enemies":"Jaw Worm","floor":7.0,"turns":3.0},{"damage":15.0,"enemies":"Lagavulin","floor":8.0,"turns":9.0},{"damage":0.0,"enemies":"3 Louse","floor":10.0,"turns":1.0},{"damage":9.0,"enemies":"Gremlin Nob","floor":11.0,"turns":4.0},{"damage":11.0,"enemies":"Large Slime","floor":13.0,"turns":3.0},{"damage":0.0,"enemies":"Hexaghost","floor":16.0,"turns":7.0},{"damage":10.0,"enemies":"Chosen","floor":18.0,"turns":4.0},{"damage":4.0,"enemies":"3 Byrds","floor":19.0,"turns":2.0},{"damage":8.0,"enemies":"Sentry and Sphere","floor":22.0,"turns":4.0},{"damage":4.0,"enemies":"Centurion and Healer","floor":24.0,"turns":6.0},{"damage":0.0,"enemies":"Gremlin Leader","floor":25.0,"turns":5.0},{"damage":0.0,"enemies":"Chosen and Byrds","floor":29.0,"turns":3.0},{"damage":0.0,"enemies":"Slavers","floor":30.0,"turns":1.0},{"damage":11.0,"enemies":"Shelled Parasite and Fungi","floor":31.0,"turns":4.0},{"damage":9.0,"enemies":"Collector","floor":33.0,"turns":6.0},{"damage":7.0,"enemies":"Orb Walker","floor":35.0,"turns":3.0},{"damage":15.0,"enemies":"3 Darklings","floor":38.0,"turns":4.0},{"damage":11.0,"enemies":"Jaw Worm Horde","floor":39.0,"turns":3.0},{"damage":0.0,"enemies":"Nemesis","floor":40.0,"turns":5.0},{"damage":4.0,"enemies":"Giant Head","floor":42.0,"turns":8.0},{"damage":14.0,"enemies":"Reptomancer","floor":44.0,"turns":6.0},{"damage":0.0,"enemies":"Mind Bloom Boss Battle","floor":45.0,"turns":4.0},{"damage":48.0,"enemies":"Donu and Deca","floor":50.0,"turns":8.0},{"damage":19,"enemies":"Time Eater","floor":51,"turns":11}],"seed_played":"7385967804952268061","potions_obtained":[{"floor":1.0,"key":"Dexterity Potion"},{"floor":8.0,"key":"Block Potion"},{"floor":13.0,"key":"Strength Potion"},{"floor":16.0,"key":"SneckoOil"},{"floor":25.0,"key":"PowerPotion"},{"floor":30.0,"key":"Fire Potion"},{"floor":31.0,"key":"SneckoOil"},{"floor":39.0,"key":"Block Potion"},{"floor":40.0,"key":"Regen Potion"},{"floor":45.0,"key":"Swift Potion"}],"is_trial":false,"path_per_floor":["M","?","?","M","?","R","M","E","T","M","E","R","M","?","R","B",null,"M","M","?","$","M","R","M","E","T","R","$","M","E","M","R","B",null,"M","?","?","M","M","E","R","E","T","E","?","R","$","?","R","B","B"],"character_chosen":"DEFECT","items_purchased":["ClockworkSouvenir","Lantern","Mayhem"],"campfire_rested":0,"item_purchase_floors":[21,21,47],"current_hp_per_floor":[64,64,64,60,49,49,40,25,25,25,16,16,5,28,28,28,60,50,46,53,53,45,45,41,41,41,41,41,41,41,30,30,21,64,57,57,57,42,31,31,31,42,42,28,28,28,28,61,61,13,0],"gold":27,"neow_bonus":"TRANSFORM_CARD","is_prod":false,"is_daily":false,"chose_seed":false,"campfire_upgraded":8,"win_rate":0,"timestamp":1552391789,"path_taken":["M","?","?","M","?","R","M","E","T","M","E","R","M","?","R","BOSS","M","M","?","$","?","R","M","E","T","R","?","?","E","M","R","BOSS","M","?","?","M","M","E","R","E","T","E","?","R","$","?","R","BOSS","BOSS"],"build_version":"2019-01-23","purchased_purges":1,"victory":false,"max_hp_per_floor":[71,71,71,71,71,71,71,71,71,71,71,71,71,71,71,71,71,71,71,78,78,78,78,78,78,78,78,78,78,78,78,78,78,78,78,74,74,74,74,74,74,74,74,74,74,74,74,61,61,61,61],"card_choices":[{"not_picked":["Fusion","Coolheaded"],"picked":"Cold Snap","floor":1.0},{"not_picked":["Barrage","Lockon"],"picked":"Auto Shields","floor":4.0},{"not_picked":["Force Field","Hologram"],"picked":"Reinforced Body","floor":7.0},{"not_picked":["Storm","Leap","Heatsinks"],"picked":"SKIP","floor":8.0},{"not_picked":["Leap","Hello World"],"picked":"Doom and Gloom","floor":10.0},{"not_picked":["Compile Driver","Heatsinks","White Noise"],"picked":"SKIP","floor":11.0},{"not_picked":["Rebound","Streamline","Skim"],"picked":"SKIP","floor":13.0},{"not_picked":["Creative AI","All For One"],"picked":"Core Surge","floor":16.0},{"not_picked":["White Noise","Coolheaded"],"picked":"Chaos+1","floor":18.0},{"not_picked":["Gash","Coolheaded"],"picked":"Conserve Battery","floor":19.0},{"not_picked":["Rebound","Leap"],"picked":"Turbo","floor":22.0},{"not_picked":["Aggregate+1","Lockon+1","Turbo"],"picked":"SKIP","floor":24.0},{"not_picked":["Heatsinks","Steam","Rebound"],"picked":"SKIP","floor":25.0},{"not_picked":["Sweeping Beam","Hologram"],"picked":"Compile Driver+1","floor":29.0},{"not_picked":["Gash","Leap"],"picked":"Biased Cognition","floor":30.0},{"not_picked":["Ball Lightning","Compile Driver"],"picked":"Conserve Battery+1","floor":31.0},{"not_picked":["Reboot+1","All For One"],"picked":"Creative AI","floor":33.0},{"not_picked":["Doom and Gloom+1","Leap+1","Scrape"],"picked":"SKIP","floor":35.0},{"not_picked":["Compile Driver","Leap+1"],"picked":"Tempest+1","floor":38.0},{"not_picked":["Skim+1","Undo+1","Rebound"],"picked":"SKIP","floor":39.0},{"not_picked":["Hello World","Steam+1"],"picked":"Glacier+1","floor":40.0},{"not_picked":["Conserve Battery+1","Coolheaded+1","Scrape"],"picked":"SKIP","floor":42.0},{"not_picked":["Streamline","Hyperbeam","Compile Driver"],"picked":"SKIP","floor":44.0}],"player_experience":1184025,"relics_obtained":[{"floor":8.0,"key":"Bag of Preparation"},{"floor":9.0,"key":"Bronze Scales"},{"floor":11.0,"key":"War Paint"},{"floor":20.0,"key":"Strawberry"},{"floor":25.0,"key":"Tiny Chest"},{"floor":26.0,"key":"Shovel"},{"floor":30.0,"key":"Toxic Egg 2"},{"floor":40.0,"key":"DataDisk"},{"floor":42.0,"key":"Orichalcum"},{"floor":43.0,"key":"Darkstone Periapt"},{"floor":44.0,"key":"Bag of Marbles"},{"floor":45.0,"key":"Nunchaku"},{"floor":46.0,"key":"Dream Catcher"}],"event_choices":[{"damage_healed":0.0,"max_hp_gain":0.0,"max_hp_loss":0.0,"gold_gain":0.0,"cards_transformed":["Strike_B"],"event_name":"Living Wall","player_choice":"Change","floor":2.0,"gold_loss":0.0,"damage_taken":0.0,"cards_obtained":["Defragment"]},{"cards_removed":["Defend_B"],"damage_healed":0.0,"max_hp_gain":0.0,"max_hp_loss":0.0,"gold_gain":0.0,"event_name":"The Cleric","player_choice":"Card Removal","floor":3.0,"gold_loss":75.0,"damage_taken":0.0},{"damage_healed":0.0,"max_hp_gain":0.0,"max_hp_loss":0.0,"gold_gain":75.0,"event_name":"World of Goop","player_choice":"Gather Gold","floor":5.0,"gold_loss":0.0,"damage_taken":11.0},{"damage_healed":23.0,"max_hp_gain":0.0,"max_hp_loss":0.0,"gold_gain":0.0,"event_name":"Big Fish","player_choice":"Banana","floor":14.0,"gold_loss":0.0,"damage_taken":0.0},{"damage_healed":0.0,"max_hp_gain":0.0,"max_hp_loss":0.0,"gold_gain":0.0,"event_name":"Wheel of Change","player_choice":"Relic","floor":20.0,"gold_loss":0.0,"damage_taken":0.0},{"damage_healed":0.0,"max_hp_gain":0.0,"max_hp_loss":4.0,"gold_gain":0.0,"event_name":"Winding Halls","player_choice":"Max HP","floor":36.0,"gold_loss":0.0,"damage_taken":0.0},{"damage_healed":0.0,"max_hp_gain":0.0,"max_hp_loss":0.0,"gold_gain":0.0,"event_name":"Tomb of Lord Red Mask","player_choice":"Paid","floor":37.0,"gold_loss":186.0,"damage_taken":0.0,"relics_obtained":["Red Mask"]},{"damage_healed":0.0,"max_hp_gain":0.0,"max_hp_loss":0.0,"gold_gain":0.0,"event_name":"MindBloom","player_choice":"Fight","floor":45.0,"gold_loss":0.0,"damage_taken":0.0},{"damage_healed":61.0,"max_hp_gain":0.0,"max_hp_loss":13.0,"gold_gain":0.0,"event_name":"The Moai Head","player_choice":"Heal","floor":48.0,"gold_loss":0.0,"damage_taken":0.0}],"is_beta":false,"boss_relics":[{"not_picked":["Runic Dome","Black Star"],"picked":"Empty Cage"},{"not_picked":["White Beast Statue","Lizard Tail"],"picked":"Runic Pyramid"}],"items_purged_floors":[28],"is_endless":false,"potions_floor_spawned":[1,8,13,16,25,30,31,39,40,45],"killed_by":"Time Eater","ascension_level":20}