{"gold_per_floor":[115,115,40,60,135,135,165,165,216,39,39,55,55,67,67,162,162,172,172,172,190,208,208,223,241,241,29,29,44,44,63,63,63],"floor_reached":33,"playtime":1258,"items_purged":["Strike_G","Strike_G","Strike_G"],"score":312,"play_id":"dcb10ae2-c30b-4689-9a09-996ed2b87c8a","local_time":"20190218091323","is_ascension_mode":true,"campfire_choices":[{"data":"Backstab","floor":6.0,"key":"SMITH"},{"data":"Masterful Stab","floor":8.0,"key":"SMITH"},{"data":"Neutralize","floor":11.0,"key":"SMITH"},{"data":"Infinite Blades","floor":13.0,"key":"SMITH"},{"data":"Dodge and Roll","floor":15.0,"key":"SMITH"},{"data":"Terror","floor":23.0,"key":"SMITH"},{"data":"Underhanded Strike","floor":30.0,"key":"SMITH"},{"floor":32.0,"key":"REST"}],"neow_cost":"NONE","seed_source_timestamp":0,"circlet_count":0,"master_deck":["Defend_G","Defend_G","Defend_G","Defend_G","Survivor","Neutralize+1","Calculated Gamble+1","Blur+1","Wraith Form v2+1","Masterful Stab+1","Backstab+1","Dagger Throw","Infinite Blades+1","Dodge and Roll+1","Glass Knife","Prepared","Terror+1","Footwork+1","Dodge and Roll+1","All Out Attack","Dramatic Entrance","Underhanded Strike+1","Dash+1"],"special_seed":0,"relics":["Astrolabe"],"potions_floor_usage":[33,33,33],"damage_taken":[{"damage":0.0,"enemies":"Cultist","floor":1.0,"turns":5.0},{"damage":3.0,"enemies":"Jaw Worm","floor":4.0,"turns":4.0},{"damage":10.0,"enemies":"Gremlin Nob","floor":7.0,"turns":6.0},{"damage":0.0,"enemies":"2 Louse","floor":12.0,"turns":2.0},{"damage":0.0,"enemies":"Blue Slaver","floor":14.0,"turns":4.0},{"damage":0.0,"enemies":"Hexaghost","floor":16.0,"turns":16.0},{"damage":2.0,"enemies":"Chosen","floor":18.0,"turns":4.0},{"damage":0.0,"enemies":"Shell Parasite","floor":21.0,"turns":4.0},{"damage":12.0,"enemies":"Snake Plant","floor":22.0,"turns":4.0},{"damage":0.0,"enemies":"3 Cultists","floor":24.0,"turns":7.0},{"damage":0.0,"enemies":"Cultist and Chosen","floor":25.0,"turns":8.0},{"damage":17.0,"enemies":"Shelled Parasite and Fungi","floor":29.0,"turns":6.0},{"damage":9.0,"enemies":"Centurion and Healer","floor":31.0,"turns":6.0},{"damage":55,"enemies":"Champ","floor":33,"turns":14}],"seed_played":"2285443101817314026","potions_obtained":[{"floor":12.0,"key":"EssenceOfSteel"},{"floor":14.0,"key":"Poison Potion"},{"floor":18.0,"key":"EssenceOfSteel"},{"floor":22.0,"key":"Poison Potion"},{"floor":29.0,"key":"AttackPotion"}],"is_trial":false,"path_per_floor":["M","?","$","M","?","R","E","R","T","$","R","M","R","M","R","B",null,"M","?","?","M","M","R","M","M","T","$","$","M","R","M","R","B"],"character_chosen":"THE_SILENT","items_purchased":["Infinite Blades","Dramatic Entrance"],"campfire_rested":1,"item_purchase_floors":[10,27],"current_hp_per_floor":[70,70,70,67,56,56,46,46,46,46,46,46,46,46,46,46,70,68,68,68,68,56,56,56,56,56,56,56,39,39,30,51,0],"gold":63,"neow_bonus":"BOSS_RELIC","is_prod":false,"is_daily":false,"chose_seed":false,"campfire_upgraded":7,"win_rate":0,"timestamp":1550477603,"path_taken":["M","?","$","?","?","R","E","R","T","?","R","?","R","M","R","BOSS","M","?","?","?","M","R","M","M","T","?","$","M","R","M","R","BOSS"],"build_version":"2019-01-23","purchased_purges":3,"victory":false,"max_hp_per_floor":[70,70,70,70,70,70,70,70,70,70,70,70,70,70,70,70,70,70,70,70,70,70,70,70,70,70,70,70,70,70,70,70,70],"card_choices":[{"not_picked":["Outmaneuver","Caltrops"],"picked":"Masterful Stab","floor":1.0},{"not_picked":["Caltrops","Leg Sweep"],"picked":"Backstab","floor":4.0},{"not_picked":["Quick Slash","Flying Knee"],"picked":"Dagger Throw","floor":7.0},{"not_picked":["Outmaneuver","Setup","Caltrops"],"picked":"SKIP","floor":12.0},{"not_picked":["Deadly Poison","Accuracy"],"picked":"Dodge and Roll","floor":14.0},{"not_picked":["Envenom","Night Terror"],"picked":"Glass Knife","floor":16.0},{"not_picked":["Catalyst+1","PiercingWail"],"picked":"Prepared","floor":18.0},{"not_picked":["Deflect+1","Infinite Blades"],"picked":"Footwork+1","floor":21.0},{"not_picked":["Setup+1","Grand Finale"],"picked":"Dodge and Roll+1","floor":22.0},{"not_picked":["Sucker Punch","Dagger Throw"],"picked":"All Out Attack","floor":24.0},{"not_picked":["Blade Dance","Slice","Expertise"],"picked":"SKIP","floor":25.0},{"not_picked":["Blade Dance","Flechettes+1"],"picked":"Underhanded Strike","floor":29.0},{"not_picked":["Blur+1","Prepared+1"],"picked":"Dash+1","floor":31.0}],"player_experience":1096834,"relics_obtained":[],"event_choices":[{"damage_healed":0.0,"max_hp_gain":0.0,"max_hp_loss":0.0,"gold_gain":0.0,"event_name":"The Woman in Blue","player_choice":"Bought 0 Potions","floor":2.0,"gold_loss":0.0,"damage_taken":0.0},{"damage_healed":0.0,"max_hp_gain":0.0,"max_hp_loss":0.0,"gold_gain":75.0,"event_name":"World of Goop","player_choice":"Gather Gold","floor":5.0,"gold_loss":0.0,"damage_taken":11.0},{"damage_healed":0.0,"max_hp_gain":0.0,"max_hp_loss":0.0,"gold_gain":0.0,"event_name":"The Library","player_choice":"Read","floor":19.0,"gold_loss":0.0,"damage_taken":0.0,"cards_obtained":["Terror"]},{"damage_healed":0.0,"max_hp_gain":0.0,"max_hp_loss":0.0,"gold_gain":0.0,"event_name":"Ghosts","player_choice":"Ignored","floor":20.0,"gold_loss":0.0,"damage_taken":0.0}],"is_beta":false,"boss_relics":[{"not_picked":["Cursed Key","Empty Cage","Orrery"]}],"items_purged_floors":[3,10,27],"is_endless":false,"potions_floor_spawned":[12,14,18,22,29],"killed_by":"Champ","ascension_level":1}