{"gold_per_floor":[112,176,186,23,23,50,50,80,128,147,147,179,194,194],"floor_reached":14,"playtime":372,"items_purged":[],"score":246,"play_id":"c9999614-db85-4bfe-aff0-0a8ae4063b8a","local_time":"20180927134853","is_ascension_mode":true,"campfire_choices":[{"data":"After Image","floor":7,"key":"SMITH"}],"neow_cost":"NONE","seed_source_timestamp":493672270262941,"circlet_count":0,"master_deck":["Defend_G","Defend_G","Defend_G","Defend_G","Defend_G","Strike_G","Strike_G","Strike_G","Strike_G","Strike_G","Survivor","Neutralize","AscendersBane","Choke","Backflip","After Image+1","Blade Dance","Leg Sweep","Slice"],"relics":["Ring of the Snake","NeowsBlessing","Bag of Preparation","Sundial","Bronze Scales","Blue Candle","Shuriken"],"potions_floor_usage":[8,12,14],"damage_taken":[{"damage":0,"enemies":"Small Slimes","floor":1,"turns":1},{"damage":0,"enemies":"2 Louse","floor":3,"turns":1},{"damage":0,"enemies":"3 Sentries","floor":6,"turns":1},{"damage":41,"enemies":"Lagavulin","floor":8,"turns":9},{"damage":0,"enemies":"Jaw Worm","floor":10,"turns":4},{"damage":12,"enemies":"Gremlin Nob","floor":12,"turns":5},{"damage":4,"enemies":"Exordium Wildlife","floor":13,"turns":4},{"damage":10,"enemies":"Exordium Thugs","floor":14,"turns":2}],"seed_played":"-6431234805651688284","potions_obtained":[{"floor":3,"key":"FearPotion"},{"floor":10,"key":"SteroidPotion"},{"floor":13,"key":"Block Potion"}],"is_trial":false,"path_per_floor":["M","?","M","$","$","E","R","E","T","M","T","E","M"],"character_chosen":"THE_SILENT","items_purchased":["After Image"],"campfire_rested":0,"item_purchase_floors":[4],"current_hp_per_floor":[59,59,59,59,59,59,59,18,18,18,18,6,2,0],"gold":194,"neow_bonus":"THREE_ENEMY_KILL","is_prod":false,"is_daily":false,"chose_seed":false,"campfire_upgraded":1,"win_rate":0,"timestamp":1538048933,"path_taken":["M","?","M","?","$","E","R","E","T","?","?","E","M","M"],"build_version":"2018-09-20","purchased_purges":0,"victory":false,"max_hp_per_floor":[66,66,66,66,66,66,66,66,66,66,66,66,66,66],"card_choices":[{"not_picked":["Flying Knee","Slice"],"picked":"Choke","floor":1},{"not_picked":["Bane","Well Laid Plans"],"picked":"Backflip","floor":3},{"not_picked":["Grand Finale","Expertise"],"picked":"Blade Dance","floor":6},{"not_picked":["Predator","Skewer"],"picked":"Leg Sweep","floor":8},{"not_picked":["Masterful Stab","Leg Sweep"],"picked":"Slice","floor":10},{"not_picked":["Flying Knee","Quick Slash","Outmaneuver"],"picked":"SKIP","floor":12},{"not_picked":["Reflex","Poisoned Stab","Underhanded Strike"],"picked":"SKIP","floor":13}],"player_experience":768664,"relics_obtained":[{"floor":6,"key":"Bag of Preparation"},{"floor":8,"key":"Sundial"},{"floor":9,"key":"Bronze Scales"},{"floor":11,"key":"Blue Candle"},{"floor":12,"key":"Shuriken"}],"event_choices":[{"event_name":"Golden Wing","player_choice":"Gained Gold","floor":2,"damage_taken":0}],"is_beta":false,"boss_relics":[],"items_purged_floors":[],"is_endless":false,"potions_floor_spawned":[3,10,13],"killed_by":"Exordium Thugs","ascension_level":17}