{"gold_per_floor":[114,162,176,195,48,76,76,110,157,157,157,173,173,183,183,279,279,296,309,309,323,334,359,375,375,375,393,102,102,201,217,217,314,344,355,355,355,355,11,11,29,29,29,46,66,113,127,137,137,137],"floor_reached":51,"playtime":5239,"items_purged":["Strike_G","Defend_G","Defend_G"],"score":714,"play_id":"63cf9a5f-d9d3-4ad4-81bd-1902034a3762","local_time":"20180717233849","is_ascension_mode":true,"campfire_choices":[{"data":"Noxious Fumes","floor":7,"key":"SMITH"},{"data":"Catalyst","floor":10,"key":"SMITH"},{"data":"Neutralize","floor":13,"key":"SMITH"},{"floor":15,"key":"REST"},{"floor":25,"key":"REST"},{"data":"Adrenaline","floor":29,"key":"SMITH"},{"floor":32,"key":"REST"},{"data":"Catalyst","floor":40,"key":"SMITH"},{"data":"Tools of the Trade","floor":42,"key":"SMITH"},{"floor":49,"key":"REST"}],"neow_cost":"","seed_source_timestamp":271644899040109,"circlet_count":0,"master_deck":["Defend_G","Defend_G","Defend_G","Strike_G+1","Strike_G+1","Strike_G","Survivor","Neutralize+1","Sucker Punch","Escape Plan","Expertise","Noxious Fumes+1","Catalyst+1","Catalyst+1","Backflip","Backflip","Adrenaline+1","Dodge and Roll+1","Underhanded Strike","After Image","Deadly Poison+1","Madness","Madness","Backflip","Tools of the Trade+1","Backflip+1","Blur+1"],"relics":["Ring of the Snake","Whetstone","Omamori","Darkstone Periapt","Vajra","Sozu","Ginger","Ninja Scroll","Membership Card","Tiny House","Bag of Preparation","Centennial Puzzle","Question Card","Dead Branch"],"potions_floor_usage":[6,14,21,33],"damage_taken":[{"damage":1,"enemies":"Cultist","floor":1,"turns":5},{"damage":0,"enemies":"Small Slimes","floor":3,"turns":2},{"damage":1,"enemies":"Jaw Worm","floor":4,"turns":4},{"damage":9,"enemies":"Lagavulin","floor":6,"turns":9},{"damage":13,"enemies":"3 Sentries","floor":8,"turns":7},{"damage":1,"enemies":"Exordium Wildlife","floor":12,"turns":4},{"damage":12,"enemies":"Gremlin Gang","floor":14,"turns":5},{"damage":8,"enemies":"Slime Boss","floor":16,"turns":10},{"damage":0,"enemies":"Chosen","floor":18,"turns":4},{"damage":1,"enemies":"3 Byrds","floor":19,"turns":6},{"damage":9,"enemies":"Sentry and Sphere","floor":21,"turns":7},{"damage":5,"enemies":"Snecko","floor":22,"turns":6},{"damage":27,"enemies":"Gremlin Leader","floor":23,"turns":8},{"damage":9,"enemies":"3 Cultists","floor":24,"turns":6},{"damage":3,"enemies":"Centurion and Healer","floor":27,"turns":6},{"damage":1,"enemies":"Snake Plant","floor":31,"turns":5},{"damage":38,"enemies":"Collector","floor":33,"turns":9},{"damage":0,"enemies":"Orb Walker","floor":35,"turns":3},{"damage":0,"enemies":"3 Shapes","floor":41,"turns":4},{"damage":0,"enemies":"3 Darklings","floor":44,"turns":6},{"damage":0,"enemies":"Transient","floor":45,"turns":5},{"damage":16,"floor":46,"turns":5},{"damage":0,"enemies":"Spire Growth","floor":47,"turns":4},{"damage":0,"enemies":"Maw","floor":48,"turns":7},{"damage":22,"enemies":"Donu and Deca","floor":50,"turns":12}],"seed_played":"3349595340152885028","potions_obtained":[{"floor":1,"key":"GhostInAJar"},{"floor":12,"key":"Regen Potion"},{"floor":14,"key":"EssenceOfSteel"},{"floor":16,"key":"Strength Potion"}],"is_trial":false,"path_per_floor":["M","T","M","M","$","E","R","E","T","R","?","M","R","M","R","B",null,"M","M","?","M","M","E","M","R","T","M","$","R","?","M","R","B",null,"M","?","?","?","$","R","M","R","T","M","M","?","M","M","R","B"],"character_chosen":"THE_SILENT","items_purchased":["Noxious Fumes","Membership Card","Bag of Preparation","Centennial Puzzle"],"campfire_rested":4,"item_purchase_floors":[5,28,39,39],"current_hp_per_floor":[69,69,69,68,68,59,59,46,46,46,39,38,38,38,59,51,70,70,69,69,60,55,28,19,40,40,37,37,37,37,36,57,19,75,75,66,66,66,66,66,66,66,66,66,66,50,50,50,72,50],"gold":137,"neow_bonus":"","is_prod":false,"is_daily":false,"chose_seed":false,"campfire_upgraded":6,"win_rate":0,"timestamp":1531885129,"path_taken":["M","?","?","M","$","E","R","E","T","R","?","M","R","M","R","BOSS","M","M","?","M","M","E","?","R","T","M","?","R","?","M","R","BOSS","M","?","?","?","$","R","M","R","T","M","M","?","M","?","R","BOSS"],"build_version":"2018-07-12","purchased_purges":3,"victory":true,"max_hp_per_floor":[70,70,70,70,70,70,70,70,70,70,70,70,70,70,70,70,70,70,70,70,70,70,70,70,70,70,70,70,70,70,70,70,70,75,75,75,75,75,75,75,75,75,75,75,75,75,75,75,75,75],"card_choices":[{"not_picked":["Expertise","Bouncing Flask"],"picked":"Sucker Punch","floor":1},{"not_picked":["Expertise","Outmaneuver"],"picked":"Escape Plan","floor":3},{"not_picked":["Acrobatics","Deadly Poison"],"picked":"Expertise","floor":4},{"not_picked":["Die Die Die","Dash"],"picked":"Catalyst","floor":6},{"not_picked":["All Out Attack","Dagger Spray"],"picked":"Catalyst","floor":8},{"not_picked":["Underhanded Strike","Poisoned Stab"],"picked":"Backflip","floor":12},{"not_picked":["Choke","Prepared"],"picked":"Backflip","floor":14},{"not_picked":["Doppelganger","Night Terror"],"picked":"Adrenaline","floor":16},{"not_picked":["Flying Knee","PiercingWail","Outmaneuver"],"picked":"SKIP","floor":18},{"not_picked":["Riddle With Holes","Calculated Gamble","Finisher"],"picked":"SKIP","floor":19},{"not_picked":["Outmaneuver","Sucker Punch+1","Quick Slash"],"picked":"SKIP","floor":21},{"not_picked":["Flying Knee","Outmaneuver","Underhanded Strike"],"picked":"SKIP","floor":22},{"not_picked":["Outmaneuver+1","Expertise"],"picked":"Dodge and Roll","floor":23},{"not_picked":["Caltrops+1","Poisoned Stab+1"],"picked":"Underhanded Strike","floor":24},{"not_picked":["Escape Plan","Distraction","Bane"],"picked":"SKIP","floor":27},{"not_picked":["Choke","Sucker Punch","Quick Slash"],"picked":"SKIP","floor":31},{"not_picked":["Adrenaline","Unload"],"picked":"After Image","floor":33},{"not_picked":["Bane","Blur+1"],"picked":"Deadly Poison+1","floor":35},{"not_picked":["Sucker Punch+1","Backstab"],"picked":"Tools of the Trade","floor":41},{"not_picked":["Flying Knee+1","PiercingWail","Bane+1"],"picked":"Backflip+1","floor":44},{"not_picked":["Flying Knee","Sucker Punch+1","Dodge and Roll","Skewer"],"picked":"SKIP","floor":45},{"not_picked":["Quick Slash+1","Terror+1","Endless Agony+1","Skewer"],"picked":"SKIP","floor":47},{"not_picked":["Quick Slash+1","Terror+1","Endless Agony+1","Skewer"],"picked":"SKIP","floor":47},{"not_picked":["Masterful Stab+1","Eviscerate+1","Dagger Throw+1"],"picked":"Blur+1","floor":48}],"player_experience":105303,"relics_obtained":[{"floor":2,"key":"Whetstone"},{"floor":6,"key":"Omamori"},{"floor":8,"key":"Darkstone Periapt"},{"floor":9,"key":"Vajra"},{"floor":23,"key":"Ginger"},{"floor":26,"key":"Ninja Scroll"},{"floor":43,"key":"Question Card"},{"floor":46,"key":"Dead Branch"}],"event_choices":[{"event_name":"Golden Wing","player_choice":"Card Removal","floor":11,"damage_taken":0},{"event_name":"Drug Dealer","player_choice":"Ignored","floor":20,"damage_taken":0},{"event_name":"Nest","player_choice":"Stole From Cult","floor":30,"damage_taken":0},{"event_name":"Winding Halls","player_choice":"Embrace Madness","floor":36,"damage_taken":0},{"event_name":"Duplicator","player_choice":"One dupe","floor":37,"damage_taken":0},{"event_name":"Tomb of Lord Red Mask","player_choice":"Ignored","floor":38,"damage_taken":0},{"event_name":"Mysterious Sphere","player_choice":"Fight","floor":46,"damage_taken":0}],"boss_relics":[{"not_picked":["Astrolabe","Black Star"],"picked":"Sozu"},{"not_picked":["White Beast Statue","Eternal Feather"],"picked":"Tiny House"}],"items_purged_floors":[5,28,39],"is_endless":false,"potions_floor_spawned":[1,12,14,16,18,21,22,31,33,41,45,47],"ascension_level":1}