{"gold_per_floor":[109,126,301,301,317,346,356,356,431,431],"floor_reached":10,"playtime":438,"items_purged":[],"score":68,"play_id":"0ee2936b-2764-4aad-b08f-73d51e16a6aa","local_time":"20180922212852","is_ascension_mode":false,"campfire_choices":[{"floor":8,"key":"REST"}],"neow_cost":"","seed_source_timestamp":89195328388384,"circlet_count":0,"master_deck":["Defend_G","Defend_G","Defend_G","Defend_G","Defend_G","Strike_G","Strike_G","Strike_G","Strike_G","Strike_G","Survivor","Neutralize","Dagger Spray","Backflip","Doubt","Doppelganger","Dash"],"relics":["Ring of the Snake","Incense Burner","Snake Skull","Question Card"],"potions_floor_usage":[7,10],"damage_taken":[{"damage":0,"enemies":"Small Slimes","floor":1,"turns":3},{"damage":0,"enemies":"2 Louse","floor":2,"turns":3},{"damage":2,"enemies":"Jaw Worm","floor":5,"turns":6},{"damage":21,"enemies":"3 Sentries","floor":6,"turns":12},{"damage":0,"enemies":"Large Slime","floor":7,"turns":7},{"damage":43,"enemies":"Lagavulin","floor":10,"turns":9}],"seed_played":"-3020298169591711945","potions_obtained":[{"floor":2,"key":"Swift Potion"},{"floor":7,"key":"Ancient Potion"}],"is_trial":false,"path_per_floor":["M","M","?","?","M","E","M","R","T"],"character_chosen":"THE_SILENT","items_purchased":[],"campfire_rested":1,"item_purchase_floors":[],"current_hp_per_floor":[70,70,70,45,43,22,22,43,43,0],"gold":431,"neow_bonus":"","is_prod":false,"is_daily":false,"chose_seed":false,"campfire_upgraded":0,"win_rate":0,"timestamp":1537644532,"path_taken":["M","M","?","?","M","E","M","R","T","E"],"build_version":"2018-09-20","purchased_purges":0,"victory":false,"max_hp_per_floor":[70,70,70,70,70,70,70,70,70,70],"card_choices":[{"not_picked":["Bane","Flechettes"],"picked":"Dagger Spray","floor":1},{"not_picked":["Blade Dance","Masterful Stab"],"picked":"Backflip","floor":2},{"not_picked":["Masterful Stab","Expertise","Flying Knee"],"picked":"SKIP","floor":5},{"not_picked":["Tactician","Dagger Spray"],"picked":"Doppelganger","floor":6},{"not_picked":["Underhanded Strike","Well Laid Plans"],"picked":"Dash","floor":7}],"player_experience":756042,"relics_obtained":[{"floor":6,"key":"Snake Skull"},{"floor":9,"key":"Question Card"}],"event_choices":[{"event_name":"Liars Game","player_choice":"agreed","floor":3,"damage_taken":0},{"event_name":"Scrap Ooze","player_choice":"success","floor":4,"damage_taken":25}],"is_beta":false,"boss_relics":[],"items_purged_floors":[],"is_endless":false,"potions_floor_spawned":[2,7],"killed_by":"Lagavulin","ascension_level":0}