{"gold_per_floor":[10,0,0,14,29,29,55,55,55,55],"floor_reached":10,"playtime":280,"items_purged":[],"score":132,"play_id":"d3edb7c5-d215-41f9-8751-fe65031fb1f1","local_time":"20190203012149","is_ascension_mode":true,"campfire_choices":[{"data":"Defragment","floor":6.0,"key":"SMITH"},{"floor":8.0,"key":"REST"}],"neow_cost":"NO_GOLD","seed_source_timestamp":2096338541875435,"circlet_count":0,"master_deck":["AscendersBane","Strike_B","Strike_B","Strike_B","Strike_B","Defend_B","Defend_B+1","Defend_B+1","Defend_B","Zap","Dualcast","Dark Shackles","Panacea","Defragment+1","Leap","BootSequence","Conserve Battery"],"special_seed":0,"relics":["Cracked Core","Shuriken","Vajra"],"potions_floor_usage":[],"damage_taken":[{"damage":10.0,"enemies":"2 Louse","floor":1.0,"turns":3.0},{"damage":2.0,"enemies":"Small Slimes","floor":4.0,"turns":3.0},{"damage":1.0,"enemies":"Cultist","floor":5.0,"turns":4.0},{"damage":20.0,"enemies":"Lagavulin","floor":7.0,"turns":8.0},{"damage":35,"enemies":"Gremlin Nob","floor":10,"turns":4}],"seed_played":"5496608662237905327","potions_obtained":[],"is_trial":false,"path_per_floor":["M","?","?","M","M","R","E","R","T","E"],"character_chosen":"DEFECT","items_purchased":[],"campfire_rested":1,"item_purchase_floors":[],"current_hp_per_floor":[54,54,33,31,30,30,10,31,31,0],"gold":55,"neow_bonus":"RANDOM_COLORLESS_2","is_prod":false,"is_daily":false,"chose_seed":false,"campfire_upgraded":1,"win_rate":0,"timestamp":1549153309,"path_taken":["M","?","?","M","M","R","E","R","T","E"],"build_version":"2019-01-23","purchased_purges":0,"victory":false,"max_hp_per_floor":[71,71,71,71,71,71,71,71,71,71],"card_choices":[{"not_picked":["Steam","Barrage"],"picked":"Defragment","floor":1.0},{"not_picked":["Blizzard","Turbo"],"picked":"Leap","floor":4.0},{"not_picked":["Storm","Fusion"],"picked":"BootSequence","floor":5.0},{"not_picked":["Gash","Coolheaded"],"picked":"Conserve Battery","floor":7.0}],"player_experience":982244,"relics_obtained":[{"floor":7.0,"key":"Shuriken"},{"floor":9.0,"key":"Vajra"}],"event_choices":[{"damage_healed":0.0,"max_hp_gain":0.0,"max_hp_loss":0.0,"gold_gain":0.0,"event_name":"World of Goop","player_choice":"Left Gold","floor":2.0,"gold_loss":10.0,"damage_taken":0.0},{"damage_healed":0.0,"max_hp_gain":0.0,"max_hp_loss":0.0,"gold_gain":0.0,"event_name":"Shining Light","player_choice":"Entered Light","floor":3.0,"gold_loss":0.0,"damage_taken":21.0,"cards_upgraded":["Defend_B","Defend_B"]}],"is_beta":false,"boss_relics":[],"items_purged_floors":[],"is_endless":false,"potions_floor_spawned":[],"killed_by":"Gremlin Nob","ascension_level":20}