{"gold_per_floor":[113,113,113,38,38,69,69,98,145,180,193,213,58,73,73,73],"floor_reached":16,"playtime":712,"items_purged":["Strike_R"],"score":269,"play_id":"82bcb5b9-17c9-48c9-b3d2-f2193b776820","local_time":"20190309192546","is_ascension_mode":true,"campfire_choices":[{"data":"Feed","floor":7.0,"key":"SMITH"},{"data":"Bash","floor":15,"key":"SMITH"}],"neow_cost":"NONE","seed_source_timestamp":2265765982126,"circlet_count":0,"master_deck":["AscendersBane","Strike_R","Strike_R","Strike_R","Defend_R","Defend_R+1","Defend_R+1","Defend_R","Bash+1","Feel No Pain","Feed+1","Ghostly Armor","Shrug It Off","True Grit"],"special_seed":0,"relics":["Burning Blood","NeowsBlessing","Dream Catcher","Bag of Preparation","War Paint","Anchor","Boot","Red Skull"],"potions_floor_usage":[14],"damage_taken":[{"damage":0.0,"enemies":"Small Slimes","floor":1.0,"turns":1.0},{"damage":0.0,"enemies":"3 Sentries","floor":6.0,"turns":2.0},{"damage":0.0,"enemies":"Gremlin Nob","floor":8.0,"turns":1.0},{"damage":53.0,"enemies":"Lagavulin","floor":10.0,"turns":8.0},{"damage":0.0,"enemies":"2 Louse","floor":11.0,"turns":3.0},{"damage":1.0,"enemies":"Cultist","floor":12.0,"turns":3.0},{"damage":1,"enemies":"Gremlin Gang","floor":14,"turns":10},{"damage":34,"enemies":"Hexaghost","floor":16,"turns":10}],"seed_played":"-2734809284734558274","potions_obtained":[{"floor":1.0,"key":"SpeedPotion"},{"floor":6.0,"key":"GamblersBrew"},{"floor":12.0,"key":"EssenceOfSteel"}],"is_trial":false,"path_per_floor":["M","?","?","$","?","E","R","E","T","E","M","M","$","M","R","B"],"character_chosen":"IRONCLAD","items_purchased":["Red Skull"],"campfire_rested":0,"item_purchase_floors":[13],"current_hp_per_floor":[78,45,38,38,38,44,44,54,54,7,17,22,22,31,31,0],"gold":73,"neow_bonus":"THREE_ENEMY_KILL","is_prod":false,"is_daily":false,"chose_seed":false,"campfire_upgraded":2,"win_rate":0,"timestamp":1552188346,"path_taken":["M","?","?","$","?","E","R","E","T","E","?","M","$","M","R","BOSS"],"build_version":"2019-01-23","purchased_purges":1,"victory":false,"max_hp_per_floor":[80,80,80,80,80,80,80,84,84,84,88,88,88,92,92,92],"card_choices":[{"not_picked":["Inflame","Twin Strike"],"picked":"Feel No Pain","floor":1.0},{"not_picked":["Body Slam","Iron Wave"],"picked":"Feed","floor":6.0},{"not_picked":["Cleave","Rage"],"picked":"Ghostly Armor","floor":8.0},{"not_picked":["Twin Strike","Pummel","Corruption"],"picked":"SKIP","floor":10.0},{"not_picked":["Pommel Strike","Perfected Strike"],"picked":"Shrug It Off","floor":11.0},{"not_picked":["Spot Weakness","Pummel"],"picked":"True Grit","floor":12.0},{"not_picked":["Body Slam","Clash","Searing Blow"],"picked":"SKIP","floor":14}],"player_experience":342569,"relics_obtained":[{"floor":8.0,"key":"War Paint"},{"floor":9.0,"key":"Anchor"},{"floor":10.0,"key":"Boot"}],"event_choices":[{"damage_healed":0.0,"max_hp_gain":0.0,"max_hp_loss":0.0,"gold_gain":0.0,"event_name":"Scrap Ooze","player_choice":"Success","floor":2.0,"gold_loss":0.0,"damage_taken":33.0,"relics_obtained":["Dream Catcher"]},{"cards_removed":["Strike_R"],"damage_healed":0.0,"max_hp_gain":0.0,"max_hp_loss":0.0,"gold_gain":0.0,"event_name":"Golden Wing","player_choice":"Card Removal","floor":3.0,"gold_loss":0.0,"damage_taken":7.0},{"damage_healed":0.0,"max_hp_gain":0.0,"max_hp_loss":0.0,"gold_gain":0.0,"event_name":"WeMeetAgain","player_choice":"Gave Potion","floor":5.0,"gold_loss":0.0,"damage_taken":0.0,"relics_obtained":["Bag of Preparation"]}],"is_beta":false,"boss_relics":[],"items_purged_floors":[4],"is_endless":false,"potions_floor_spawned":[1,6,12],"killed_by":"Hexaghost","ascension_level":12}