{"gold_per_floor":[11,28,28,39,59,59,71,87,87,87,102,102,128,143,143,216,216,233,249,249,249,249],"floor_reached":22,"playtime":903,"items_purged":[],"score":371,"play_id":"72d407f6-af3c-4226-a726-97fffebd51eb","local_time":"20181015182802","is_ascension_mode":true,"campfire_choices":[{"data":"Melter","floor":6,"key":"SMITH"},{"data":"Loop","floor":10,"key":"SMITH"},{"data":"Fusion","floor":12,"key":"SMITH"},{"floor":15,"key":"REST"}],"neow_cost":"NO_GOLD","seed_source_timestamp":350656457012548,"circlet_count":0,"master_deck":["Strike_B","Strike_B","Strike_B","Defend_B","Defend_B+1","Defend_B","Zap+1","Dualcast","AscendersBane","Turbo","Melter+1","Beam Cell","Glacier+1","Go for the Eyes","White Noise","Loop+1","Fusion+1","Core Surge","Creative AI","Hologram+1","Loop+1"],"relics":["Cracked Core","Pen Nib","Dream Catcher","Lizard Tail","War Paint"],"potions_floor_usage":[11,14,16],"damage_taken":[{"damage":0,"enemies":"Small Slimes","floor":1,"turns":2},{"damage":7,"enemies":"Jaw Worm","floor":2,"turns":2},{"damage":0,"enemies":"2 Louse","floor":4,"turns":3},{"damage":20,"enemies":"Lots of Slimes","floor":5,"turns":4},{"damage":0,"enemies":"Red Slaver","floor":7,"turns":3},{"damage":0,"enemies":"2 Fungi Beasts","floor":8,"turns":4},{"damage":2,"enemies":"3 Louse","floor":11,"turns":3},{"damage":19,"enemies":"3 Sentries","floor":13,"turns":6},{"damage":3,"enemies":"Exordium Thugs","floor":14,"turns":4},{"damage":17,"enemies":"Hexaghost","floor":16,"turns":10},{"damage":34,"enemies":"2 Thieves","floor":18,"turns":5},{"damage":30,"enemies":"3 Byrds","floor":19,"turns":7},{"damage":35,"enemies":"3 Cultists","floor":22,"turns":3}],"seed_played":"-4619779597404791608","potions_obtained":[{"floor":5,"key":"Fire Potion"},{"floor":8,"key":"Strength Potion"},{"floor":13,"key":"FearPotion"},{"floor":16,"key":"Energy Potion"}],"is_trial":false,"path_per_floor":["M","M","?","M","M","R","M","M","T","R","M","R","E","M","R","B",null,"M","M","?","T"],"character_chosen":"DEFECT","items_purchased":[],"campfire_rested":1,"item_purchase_floors":[],"current_hp_per_floor":[64,57,57,57,37,37,37,37,37,37,35,35,16,13,34,17,58,24,29,29,29,0],"gold":249,"neow_bonus":"TRANSFORM_TWO_CARDS","is_prod":false,"is_daily":false,"chose_seed":false,"campfire_upgraded":3,"win_rate":0,"timestamp":1539620882,"path_taken":["M","M","?","M","M","R","M","M","T","R","M","R","E","M","R","BOSS","M","M","?","?","M"],"build_version":"2018-10-11","purchased_purges":0,"victory":false,"max_hp_per_floor":[71,71,71,71,71,71,71,71,71,71,71,71,71,71,71,71,71,71,71,71,71,71],"card_choices":[{"not_picked":["Barrage","Melter"],"picked":"Beam Cell","floor":1},{"not_picked":["Redo","Rip and Tear"],"picked":"Glacier","floor":2},{"not_picked":["Hologram","Rebound"],"picked":"Go for the Eyes","floor":4},{"not_picked":["Hologram","Redo","Genetic Algorithm"],"picked":"SKIP","floor":5},{"not_picked":["Genetic Algorithm","Rebound"],"picked":"White Noise","floor":7},{"not_picked":["Barrage","Cold Snap"],"picked":"Loop","floor":8},{"not_picked":["Doom and Gloom","Recycle"],"picked":"Fusion","floor":11},{"not_picked":["Cold Snap","Fusion"],"picked":"Core Surge","floor":13},{"not_picked":["Static Discharge","Consume","Cold Snap"],"picked":"SKIP","floor":14},{"not_picked":["Multi-Cast","Amplify"],"picked":"Creative AI","floor":16},{"not_picked":["Go for the Eyes","Chaos"],"picked":"Hologram+1","floor":18},{"not_picked":["Barrage","Self Repair"],"picked":"Loop+1","floor":19}],"player_experience":833927,"relics_obtained":[{"floor":9,"key":"Pen Nib"},{"floor":13,"key":"Dream Catcher"},{"floor":21,"key":"War Paint"}],"event_choices":[{"event_name":"Living Wall","player_choice":"Grow","floor":3,"damage_taken":0},{"event_name":"Cursed Tome","player_choice":"Ignored","floor":20,"damage_taken":0}],"is_beta":false,"boss_relics":[{"not_picked":["Calling Bell","Runic Dome"],"picked":"Lizard Tail"}],"items_purged_floors":[],"is_endless":false,"potions_floor_spawned":[5,8,13,16],"killed_by":"3 Cultists","ascension_level":19}