{"gold_per_floor":[114,114,20,20,35,35,65,65,140,16,73,73,123,138,138,238,238,253,3,18,33,33,63,63,63,88,103,133,158,173,73,73,73],"floor_reached":33,"playtime":3373,"items_purged":[],"score":356,"play_id":"7137396a-131e-4a7a-97fa-8e18bbc5521e","local_time":"20190131000744","daily_mods":["Draft","Diverse","Terminal"],"is_ascension_mode":false,"campfire_choices":[{"data":"Accuracy","floor":6.0,"key":"SMITH"},{"data":"Armaments","floor":8.0,"key":"SMITH"},{"data":"Blade Dance","floor":15.0,"key":"SMITH"},{"data":"Phantasmal Killer","floor":24,"key":"SMITH"},{"data":"Cloak And Dagger","floor":32,"key":"SMITH"}],"neow_cost":"","seed_source_timestamp":264078975429988,"circlet_count":0,"master_deck":["Flying Knee","Predator","Headbutt","Clothesline","Cloak And Dagger","Cold Snap","Sweeping Beam","Armaments+1","Sucker Punch","Steam","Cloak And Dagger","Accuracy+1","Cloak And Dagger+1","Blade Dance+1","Finesse","Anger+1","Phantasmal Killer+1","Heel Hook+1"],"special_seed":17927,"relics":["Cracked Core","Meat on the Bone","Dream Catcher","Centennial Puzzle","Nuclear Battery","Bottled Lightning","Pen Nib","Nloth\u0027s Gift","DataDisk","Smiling Mask","Bag of Preparation"],"potions_floor_usage":[18,28,28,33,33],"damage_taken":[{"damage":0.0,"enemies":"Jaw Worm","floor":1.0,"turns":2.0},{"damage":0.0,"enemies":"Cultist","floor":5.0,"turns":3.0},{"damage":7.0,"enemies":"3 Sentries","floor":7.0,"turns":5.0},{"damage":0.0,"enemies":"Small Slimes","floor":14.0,"turns":3.0},{"damage":0.0,"enemies":"Slime Boss","floor":16.0,"turns":6.0},{"damage":0,"enemies":"2 Thieves","floor":18,"turns":3},{"damage":0,"enemies":"Shell Parasite","floor":20,"turns":4},{"damage":0,"enemies":"Centurion and Healer","floor":21,"turns":5},{"damage":0,"enemies":"Book of Stabbing","floor":23,"turns":4},{"damage":0,"enemies":"Sentry and Sphere","floor":27,"turns":3},{"damage":9,"enemies":"Slavers","floor":28,"turns":2},{"damage":0,"enemies":"Cultist and Chosen","floor":30,"turns":3},{"damage":79,"enemies":"Automaton","floor":33,"turns":6}],"seed_played":"1719304631374948551","potions_obtained":[{"floor":1.0,"key":"EssenceOfSteel"},{"floor":20,"key":"FocusPotion"},{"floor":23,"key":"AttackPotion"}],"is_trial":false,"path_per_floor":["M","?","$","T","M","R","E","R","T","$","?","?","T","M","R","B",null,"M","$","M","M","?","E","R","?","T","M","E","T","M","$","R","B"],"character_chosen":"DEFECT","items_purchased":["Finesse","Anger+1","Energy Potion","Fire Potion","Bottled Lightning","Swift Potion","FearPotion"],"campfire_rested":0,"item_purchase_floors":[3,10,10,10,19,31,31],"current_hp_per_floor":[73,72,71,70,69,68,61,61,61,61,61,66,66,65,64,63,62,61,60,59,58,57,56,55,54,53,52,43,43,43,43,43,0],"gold":73,"neow_bonus":"","is_prod":false,"is_daily":true,"chose_seed":false,"campfire_upgraded":5,"win_rate":0,"timestamp":1548911264,"path_taken":["M","?","$","?","?","R","E","R","T","?","?","?","?","M","R","BOSS","M","$","?","M","?","E","R","?","T","?","E","?","M","$","R","BOSS"],"build_version":"2019-01-23","purchased_purges":0,"victory":false,"max_hp_per_floor":[73,72,71,70,69,68,67,66,65,64,63,67,66,65,64,63,62,61,60,59,58,57,56,55,54,53,52,51,50,49,48,47,47],"card_choices":[{"not_picked":["Disarm","Acrobatics"],"picked":"Flying Knee","floor":0.0},{"not_picked":["Infinite Blades","Sucker Punch"],"picked":"Predator","floor":0.0},{"not_picked":["Noxious Fumes","Endless Agony"],"picked":"Headbutt","floor":0.0},{"not_picked":["Corruption","Flex"],"picked":"PiercingWail","floor":0.0},{"not_picked":["Blade Dance","Intimidate"],"picked":"Clothesline","floor":0.0},{"not_picked":["Go for the Eyes","Stack"],"picked":"Cloak And Dagger","floor":0.0},{"not_picked":["Heavy Blade","Darkness"],"picked":"Cold Snap","floor":0.0},{"not_picked":["Deadly Poison","Clothesline"],"picked":"Sweeping Beam","floor":0.0},{"not_picked":["Headbutt","Scrape"],"picked":"Reflex","floor":0.0},{"not_picked":["Flex","Dagger Spray"],"picked":"Armaments","floor":0.0},{"not_picked":["Steam Power","Havoc"],"picked":"Sucker Punch","floor":0.0},{"not_picked":["Bane","Burning Pact"],"picked":"Steam","floor":0.0},{"not_picked":["Rupture","Spot Weakness"],"picked":"Cloak And Dagger","floor":0.0},{"not_picked":["Dodge and Roll","Power Through"],"picked":"Accuracy","floor":0.0},{"not_picked":["Sucker Punch","Clash"],"picked":"Cloak And Dagger","floor":0.0},{"not_picked":["Terror","Prepared"],"picked":"Blade Dance","floor":1.0},{"not_picked":["Poisoned Stab","Twin Strike","Sucker Punch"],"picked":"SKIP","floor":5.0},{"not_picked":["True Grit","Bane","Cold Snap"],"picked":"SKIP","floor":7.0},{"not_picked":["Grand Finale+1","Intimidate","True Grit"],"picked":"SKIP","floor":14.0},{"not_picked":["Core Surge+1","Fission"],"picked":"Phantasmal Killer","floor":16.0},{"not_picked":["Shrug It Off","Entrench","Armaments"],"picked":"SKIP","floor":18},{"not_picked":["Armaments","Sweeping Beam+1"],"picked":"Heel Hook+1","floor":20},{"not_picked":["Steam","Streamline+1","Cold Snap+1"],"picked":"SKIP","floor":21},{"not_picked":["Prepared","Leap","Dodge and Roll"],"picked":"SKIP","floor":23},{"not_picked":["Flying Knee","Stack","Redo+1"],"picked":"SKIP","floor":27},{"not_picked":["Body Slam","Lockon","Auto Shields"],"picked":"SKIP","floor":28},{"not_picked":["Body Slam","Lockon","Auto Shields"],"picked":"SKIP","floor":28},{"not_picked":["Outmaneuver","Leap+1","Dagger Spray"],"picked":"SKIP","floor":30}],"player_experience":344066,"relics_obtained":[{"floor":4.0,"key":"Meat on the Bone"},{"floor":7.0,"key":"Dream Catcher"},{"floor":9.0,"key":"Molten Egg 2"},{"floor":13.0,"key":"Centennial Puzzle"},{"floor":23,"key":"Pen Nib"},{"floor":26,"key":"DataDisk"},{"floor":28,"key":"Smiling Mask"},{"floor":29,"key":"Bag of Preparation"}],"event_choices":[{"cards_removed":["Reflex"],"damage_healed":0.0,"max_hp_gain":0.0,"max_hp_loss":0.0,"gold_gain":0.0,"event_name":"Purifier","player_choice":"Purged","floor":2.0,"gold_loss":0.0,"damage_taken":0.0},{"damage_healed":0.0,"max_hp_gain":0.0,"max_hp_loss":0.0,"gold_gain":57.0,"event_name":"Golden Wing","player_choice":"Gained Gold","floor":11.0,"gold_loss":0.0,"damage_taken":0.0},{"damage_healed":0.0,"max_hp_gain":5.0,"max_hp_loss":0.0,"gold_gain":0.0,"event_name":"Big Fish","player_choice":"Donut","floor":12.0,"gold_loss":0.0,"damage_taken":0.0},{"cards_removed":["PiercingWail"],"damage_healed":0,"gold_gain":0,"player_choice":"Elegance","damage_taken":0,"max_hp_gain":0,"max_hp_loss":0,"event_name":"Back to Basics","floor":22,"gold_loss":0},{"damage_healed":0,"gold_gain":0,"player_choice":"Traded Relic","damage_taken":0,"relics_obtained":["Nloth\u0027s Gift"],"max_hp_gain":0,"max_hp_loss":0,"event_name":"N\u0027loth","floor":25,"relics_lost":["Molten Egg 2"],"gold_loss":0}],"is_beta":false,"boss_relics":[{"not_picked":["Snecko Eye","Eternal Feather"],"picked":"Nuclear Battery"}],"items_purged_floors":[],"is_endless":false,"potions_floor_spawned":[1,20,21,23],"killed_by":"Automaton","ascension_level":0}