{"gold_per_floor":[114,114,114,189,189,189,212,243,269,293,308,339,364,393,393,487,487,507,507,523,536,116,116,159,119,119,119,394,425,450,132,132,132],"floor_reached":33,"playtime":915,"items_purged":["Defend_R","Regret"],"score":645,"play_id":"897902c0-e92b-4f3d-9731-19c500536635","local_time":"20190123221328","is_ascension_mode":true,"campfire_choices":[{"data":"Carnage","floor":6.0,"key":"SMITH"},{"data":"Bludgeon","floor":15.0,"key":"SMITH"},{"data":"Whirlwind","floor":23.0,"key":"SMITH"},{"data":"Immolate","floor":27.0,"key":"SMITH"},{"data":"Havoc","floor":32.0,"key":"SMITH"}],"neow_cost":"NONE","seed_source_timestamp":1220205116495856,"circlet_count":0,"master_deck":["AscendersBane","Defend_R","Defend_R","Defend_R","Bash","Carnage+1","Metallicize","Whirlwind+1","Battle Trance","Shrug It Off","Bludgeon+1","Immolate+1","Bite","Bite","Bite","Bite","Bite","Injury","Havoc+1","Impervious"],"special_seed":0,"relics":["Burning Blood","NeowsBlessing","Golden Idol","Juzu Bracelet","Anchor","Orichalcum","Odd Mushroom","Cursed Key","Membership Card","Bag of Marbles","Happy Flower","Dodecahedron","Charon\u0027s Ashes","Magic Flower","Blood Vial","Strawberry"],"potions_floor_usage":[33,33],"damage_taken":[{"damage":0.0,"enemies":"Small Slimes","floor":1.0,"turns":1.0},{"damage":0.0,"enemies":"2 Louse","floor":7.0,"turns":1.0},{"damage":0.0,"enemies":"Lagavulin","floor":8.0,"turns":1.0},{"damage":0.0,"enemies":"Jaw Worm","floor":10.0,"turns":2.0},{"damage":0.0,"enemies":"Lots of Slimes","floor":11.0,"turns":1.0},{"damage":27.0,"enemies":"3 Sentries","floor":12.0,"turns":8.0},{"damage":0.0,"enemies":"Red Slaver","floor":13.0,"turns":3.0},{"damage":5.0,"enemies":"The Mushroom Lair","floor":14.0,"turns":4.0},{"damage":38.0,"enemies":"The Guardian","floor":16.0,"turns":10.0},{"damage":6.0,"enemies":"Chosen","floor":18.0,"turns":3.0},{"damage":6.0,"enemies":"2 Thieves","floor":20.0,"turns":3.0},{"damage":10.0,"enemies":"Snecko","floor":21.0,"turns":3.0},{"damage":32.0,"enemies":"Book of Stabbing","floor":24.0,"turns":4.0},{"damage":24.0,"enemies":"Gremlin Leader","floor":29.0,"turns":4.0},{"damage":15.0,"enemies":"Sentry and Sphere","floor":30.0,"turns":4.0},{"damage":70,"enemies":"Automaton","floor":33,"turns":6}],"seed_played":"-1999082588461083891","potions_obtained":[{"floor":1.0,"key":"Poison Potion"},{"floor":7.0,"key":"Poison Potion"},{"floor":21.0,"key":"Poison Potion"},{"floor":25.0,"key":"Poison Potion"},{"floor":25.0,"key":"AttackPotion"},{"floor":30.0,"key":"LiquidBronze"}],"is_trial":false,"path_per_floor":["M","?","?","?","?","R","M","E","T","M","M","E","M","?","R","B",null,"M","?","M","M","$","R","E","?","T","R","?","E","M","$","R","B"],"character_chosen":"IRONCLAD","items_purchased":["Membership Card","Bag of Marbles","Happy Flower","Blood Vial","Strawberry","Energy Potion","Impervious"],"campfire_rested":0,"item_purchase_floors":[22,22,22,31,31,31,31],"current_hp_per_floor":[74,68,61,50,55,55,61,67,67,73,73,52,58,59,59,27,62,62,51,51,47,47,47,31,31,31,31,31,21,30,37,37,0],"gold":132,"neow_bonus":"THREE_ENEMY_KILL","is_prod":false,"is_daily":false,"chose_seed":false,"campfire_upgraded":5,"win_rate":0,"timestamp":1548278008,"path_taken":["M","?","?","?","?","R","M","E","T","M","M","E","M","?","R","BOSS","M","?","M","M","$","R","E","?","T","R","?","E","M","$","R","BOSS"],"build_version":"2019-01-23","purchased_purges":2,"victory":false,"max_hp_per_floor":[75,68,68,68,73,73,73,73,73,73,73,73,73,73,73,73,73,73,51,51,51,51,51,51,51,51,51,51,51,51,58,58,58],"card_choices":[{"not_picked":["Second Wind","Hemokinesis"],"picked":"Carnage","floor":1.0},{"not_picked":["Rage","Clash","Carnage"],"picked":"SKIP","floor":7.0},{"not_picked":["True Grit","Corruption"],"picked":"Metallicize","floor":8.0},{"not_picked":["Flex","Carnage"],"picked":"Whirlwind","floor":10.0},{"not_picked":["Warcry","Headbutt"],"picked":"Battle Trance","floor":11.0},{"not_picked":["Warcry","Clash"],"picked":"Shrug It Off","floor":12.0},{"not_picked":["Clash","Headbutt","Iron Wave"],"picked":"SKIP","floor":13.0},{"not_picked":["Corruption","Headbutt"],"picked":"Bludgeon","floor":14.0},{"not_picked":["Berserk","Reaper"],"picked":"Immolate","floor":16.0},{"not_picked":["Warcry","Perfected Strike+1","Heavy Blade"],"picked":"SKIP","floor":18.0},{"not_picked":["Armaments","Second Wind","Iron Wave"],"picked":"SKIP","floor":20.0},{"not_picked":["Spot Weakness","Warcry","Hemokinesis"],"picked":"SKIP","floor":21.0},{"not_picked":["Bludgeon","Wild Strike","Anger"],"picked":"SKIP","floor":24.0},{"not_picked":["Headbutt","Hemokinesis"],"picked":"Havoc","floor":29.0},{"not_picked":["Wild Strike","Clash+1","Ghostly Armor"],"picked":"SKIP","floor":30.0}],"player_experience":921175,"relics_obtained":[{"floor":8.0,"key":"Juzu Bracelet"},{"floor":9.0,"key":"Anchor"},{"floor":12.0,"key":"Orichalcum"},{"floor":14.0,"key":"Odd Mushroom"},{"floor":24.0,"key":"Dodecahedron"},{"floor":26.0,"key":"Charon\u0027s Ashes"},{"floor":29.0,"key":"Magic Flower"}],"event_choices":[{"damage_healed":0.0,"max_hp_gain":0.0,"max_hp_loss":7.0,"gold_gain":0.0,"event_name":"Golden Idol","player_choice":"Lose Max HP","floor":2.0,"gold_loss":0.0,"damage_taken":0.0,"relics_obtained":["Golden Idol"]},{"cards_removed":["Strike_R"],"damage_healed":0.0,"max_hp_gain":0.0,"max_hp_loss":0.0,"gold_gain":0.0,"event_name":"Golden Wing","player_choice":"Card Removal","floor":3.0,"gold_loss":0.0,"damage_taken":7.0},{"damage_healed":0.0,"max_hp_gain":0.0,"max_hp_loss":0.0,"gold_gain":75.0,"event_name":"World of Goop","player_choice":"Gather Gold","floor":4.0,"gold_loss":0.0,"damage_taken":11.0},{"damage_healed":0.0,"max_hp_gain":5.0,"max_hp_loss":0.0,"gold_gain":0.0,"event_name":"Big Fish","player_choice":"Donut","floor":5.0,"gold_loss":0.0,"damage_taken":0.0},{"damage_healed":0.0,"max_hp_gain":0.0,"max_hp_loss":0.0,"gold_gain":0.0,"event_name":"Mushrooms","player_choice":"Fought Mushrooms","floor":14.0,"gold_loss":0.0,"damage_taken":0.0},{"damage_healed":0.0,"max_hp_gain":0.0,"max_hp_loss":22.0,"gold_gain":0.0,"event_name":"Vampires","player_choice":"Became a vampire","floor":19.0,"gold_loss":0.0,"damage_taken":0.0,"cards_obtained":["Bite","Bite","Bite","Bite","Bite"]},{"damage_healed":0.0,"max_hp_gain":0.0,"max_hp_loss":0.0,"gold_gain":0.0,"event_name":"The Woman in Blue","player_choice":"Bought 3 Potions","floor":25.0,"gold_loss":0.0,"damage_taken":0.0},{"damage_healed":0.0,"max_hp_gain":0.0,"max_hp_loss":0.0,"gold_gain":275.0,"event_name":"Golden Shrine","player_choice":"Desecrate","floor":28.0,"gold_loss":0.0,"damage_taken":0.0,"cards_obtained":["Regret"]}],"is_beta":false,"boss_relics":[{"not_picked":["Orrery","Astrolabe"],"picked":"Cursed Key"}],"items_purged_floors":[22,31],"is_endless":false,"potions_floor_spawned":[1,7,11,12,18,21,30],"killed_by":"Automaton","ascension_level":19}