{"gold_per_floor":[116,133,58,70,70,90,38,73,97,97,130,144,164,189,189,189],"floor_reached":16,"playtime":1690,"items_purged":["Writhe"],"score":159,"play_id":"8b3e3c26-94a9-456e-b4c0-487fd50f9717","local_time":"20190218013412","is_ascension_mode":true,"campfire_choices":[{"floor":10.0,"key":"REST"},{"floor":15.0,"key":"REST"}],"neow_cost":"CURSE","seed_source_timestamp":0,"circlet_count":0,"master_deck":["Strike_B","Strike_B","Strike_B","Defend_B","Defend_B","Defend_B","Defend_B","Zap","Dualcast","Multi-Cast","Rip and Tear","Auto Shields","Compile Driver","Aggregate","Hologram","Ball Lightning","Steam","Beam Cell"],"special_seed":0,"relics":["Cracked Core","Strawberry","Centennial Puzzle","Bronze Scales","Dodecahedron"],"potions_floor_usage":[],"damage_taken":[{"damage":12.0,"enemies":"Jaw Worm","floor":1.0,"turns":3.0},{"damage":0.0,"enemies":"Cultist","floor":2.0,"turns":2.0},{"damage":3.0,"enemies":"2 Louse","floor":4.0,"turns":2.0},{"damage":15.0,"enemies":"Gremlin Gang","floor":6.0,"turns":7.0},{"damage":6.0,"enemies":"Lagavulin","floor":8.0,"turns":8.0},{"damage":17.0,"enemies":"3 Sentries","floor":11.0,"turns":6.0},{"damage":0.0,"enemies":"Large Slime","floor":12.0,"turns":3.0},{"damage":12.0,"enemies":"Lots of Slimes","floor":13.0,"turns":3.0},{"damage":16.0,"enemies":"Lagavulin","floor":14.0,"turns":5.0},{"damage":0,"enemies":"The Guardian","floor":16,"turns":1}],"seed_played":"-5015005118264417503","potions_obtained":[{"floor":1.0,"key":"GamblersBrew"},{"floor":2.0,"key":"SpeedPotion"},{"floor":12.0,"key":"FearPotion"},{"floor":13.0,"key":"FairyPotion"}],"is_trial":false,"path_per_floor":["M","M","$","M","?","M","$","E","T","R","E","M","M","E","R","B"],"character_chosen":"DEFECT","items_purchased":["Explosive Potion"],"campfire_rested":2,"item_purchase_floors":[7],"current_hp_per_floor":[56,56,56,53,53,38,38,39,39,63,46,46,34,18,42,42],"gold":189,"neow_bonus":"THREE_RARE_CARDS","is_prod":false,"is_daily":false,"chose_seed":false,"campfire_upgraded":0,"win_rate":0,"timestamp":1550471652,"path_taken":["M","M","$","M","?","M","$","E","T","R","E","?","M","E","R","BOSS"],"build_version":"2019-01-23","purchased_purges":1,"victory":false,"max_hp_per_floor":[75,75,75,75,75,75,75,82,82,82,82,82,82,82,82,82],"card_choices":[{"not_picked":["Meteor Strike","Amplify"],"picked":"Multi-Cast","floor":0.0},{"not_picked":["Beam Cell","BootSequence"],"picked":"Rip and Tear","floor":1.0},{"not_picked":["Cold Snap","Fusion"],"picked":"Auto Shields","floor":2.0},{"not_picked":["Turbo","Machine Learning"],"picked":"Compile Driver","floor":4.0},{"not_picked":["Turbo","Cold Snap","Redo"],"picked":"SKIP","floor":6.0},{"not_picked":["Consume","Scrape"],"picked":"Hologram","floor":8.0},{"not_picked":["Undo","Stack"],"picked":"Ball Lightning","floor":11.0},{"not_picked":["Cold Snap","Leap"],"picked":"Steam","floor":12.0},{"not_picked":["Gash","Rebound"],"picked":"Beam Cell","floor":13.0},{"not_picked":["Meteor Strike","Consume","Barrage"],"picked":"SKIP","floor":14.0}],"player_experience":495811,"relics_obtained":[{"floor":8.0,"key":"Strawberry"},{"floor":9.0,"key":"Centennial Puzzle"},{"floor":11.0,"key":"Bronze Scales"},{"floor":14.0,"key":"Dodecahedron"}],"event_choices":[{"damage_healed":0.0,"max_hp_gain":0.0,"max_hp_loss":0.0,"gold_gain":0.0,"cards_transformed":["Strike_B"],"event_name":"Transmorgrifier","player_choice":"Transformed","floor":5.0,"gold_loss":0.0,"damage_taken":0.0,"cards_obtained":["Aggregate"]}],"is_beta":false,"boss_relics":[],"items_purged_floors":[3],"is_endless":false,"potions_floor_spawned":[1,2,12,13],"killed_by":"The Guardian","ascension_level":6}