{"gold_per_floor":[109,125,125,145,156,182,202,228,228,241,266,266,266,279,279,383,383,401,418,418],"floor_reached":20,"playtime":2229,"items_purged":[],"score":287,"play_id":"86bbeda0-2c86-4ad2-9b3c-63cef985dc28","local_time":"20190317212815","is_ascension_mode":true,"campfire_choices":[{"floor":12,"key":"REST"},{"data":"Tools of the Trade","floor":15,"key":"SMITH"}],"neow_cost":"NONE","seed_source_timestamp":31856144228815,"circlet_count":0,"master_deck":["Defend_G","Defend_G","Defend_G","Defend_G","Defend_G","Strike_G","Strike_G","Strike_G","Strike_G","Survivor","Neutralize","Flying Knee","Caltrops","Skewer+1","Well Laid Plans","Footwork","Terror","Acrobatics","Prepared","Infinite Blades","Finisher+1","Tools of the Trade+1","Corpse Explosion","Blade Dance+1","Backflip"],"relics":["Ring of the Snake","Pear","Molten Egg 2","Pen Nib","Snake Skull","SsserpentHead","Black Star"],"potions_floor_usage":[8,10,10,11,16,20],"damage_taken":[{"damage":0,"enemies":"Jaw Worm","floor":1,"turns":4},{"damage":0,"enemies":"Cultist","floor":2,"turns":4},{"damage":0,"enemies":"Small Slimes","floor":4,"turns":2},{"damage":0,"enemies":"3 Louse","floor":5,"turns":3},{"damage":23,"enemies":"3 Sentries","floor":6,"turns":8},{"damage":15,"enemies":"2 Fungi Beasts","floor":7,"turns":4},{"damage":3,"enemies":"Lagavulin","floor":8,"turns":6},{"damage":0,"enemies":"Red Slaver","floor":10,"turns":1},{"damage":13,"enemies":"3 Sentries","floor":11,"turns":8},{"damage":2,"enemies":"Looter","floor":14,"turns":3},{"damage":15,"enemies":"The Guardian","floor":16,"turns":7},{"damage":25,"enemies":"Shell Parasite","floor":18,"turns":9},{"damage":28,"enemies":"Spheric Guardian","floor":19,"turns":6},{"damage":18,"enemies":"Snecko","floor":20,"turns":4}],"seed_played":"-4698742064784632923","potions_obtained":[{"floor":1,"key":"Dexterity Potion"},{"floor":2,"key":"Poison Potion"},{"floor":4,"key":"FearPotion"},{"floor":8,"key":"Strength Potion"},{"floor":11,"key":"PowerPotion"},{"floor":19,"key":"Energy Potion"}],"is_trial":false,"path_per_floor":["M","M","?","M","M","E","M","E","T","M","E","R","?","M","R","B",null,"M","M","M"],"character_chosen":"THE_SILENT","items_purchased":[],"campfire_rested":1,"item_purchase_floors":[],"current_hp_per_floor":[63,63,63,63,63,50,35,32,32,32,19,43,43,41,41,26,67,42,14,0],"gold":418,"neow_bonus":"TRANSFORM_CARD","is_prod":false,"is_daily":false,"chose_seed":false,"campfire_upgraded":1,"win_rate":0,"timestamp":1552854495,"path_taken":["M","M","?","M","M","E","M","E","T","M","E","R","?","M","R","BOSS","M","M","M"],"build_version":"2019-01-23","purchased_purges":0,"victory":false,"max_hp_per_floor":[70,70,70,70,70,80,80,80,80,80,80,80,80,80,80,80,80,80,80,80],"card_choices":[{"not_picked":["Sucker Punch","Riddle With Holes"],"picked":"Caltrops","floor":1},{"not_picked":["Distraction","Underhanded Strike"],"picked":"Skewer","floor":2},{"not_picked":["Escape Plan","Blur"],"picked":"Well Laid Plans","floor":4},{"not_picked":["Prepared","Masterful Stab"],"picked":"Footwork","floor":5},{"not_picked":["Backflip","Deadly Poison"],"picked":"Terror","floor":6},{"not_picked":["Outmaneuver","Flying Knee"],"picked":"Acrobatics","floor":7},{"not_picked":["Distraction","Underhanded Strike"],"picked":"Prepared","floor":8},{"not_picked":["Predator+1","Outmaneuver"],"picked":"Infinite Blades","floor":10},{"not_picked":["Outmaneuver","Quick Slash+1"],"picked":"Finisher+1","floor":11},{"not_picked":["Escape Plan","Distraction"],"picked":"Tools of the Trade","floor":14},{"not_picked":["Doppelganger","Bullet Time"],"picked":"Corpse Explosion","floor":16},{"not_picked":["Flying Knee+1","Sucker Punch+1"],"picked":"Blade Dance+1","floor":18},{"not_picked":["Riddle With Holes+1","Backstab+1"],"picked":"Backflip","floor":19}],"player_experience":520514,"relics_obtained":[{"floor":6,"key":"Pear"},{"floor":8,"key":"Molten Egg 2"},{"floor":9,"key":"Pen Nib"},{"floor":11,"key":"Snake Skull"}],"event_choices":[{"damage_healed":0,"gold_gain":0,"player_choice":"Grow","damage_taken":0,"max_hp_gain":0,"max_hp_loss":0,"event_name":"Living Wall","floor":3,"gold_loss":0,"cards_upgraded":["Skewer"]},{"damage_healed":0,"gold_gain":0,"player_choice":"Trade","damage_taken":0,"relics_obtained":["SsserpentHead"],"max_hp_gain":0,"max_hp_loss":0,"event_name":"FaceTrader","floor":13,"gold_loss":0}],"is_beta":false,"boss_relics":[{"not_picked":["Lizard Tail","Runic Dome"],"picked":"Black Star"}],"items_purged_floors":[],"is_endless":false,"potions_floor_spawned":[1,2,4,8,11,19],"killed_by":"Snecko","ascension_level":9}