{"gold_per_floor":[115,115,129,147,170,209,233,271,271,41,41,41,41,59,59,148,148,88,88,88,88,13,13,13,13,13,13,13,13,13,13],"floor_reached":31,"playtime":1307,"items_purged":["Strike_R"],"score":517,"play_id":"dda1bdcd-061b-4f36-9aa3-d2cc95605dbf","local_time":"20190125003637","is_ascension_mode":true,"campfire_choices":[{"data":"Carnage","floor":12,"key":"SMITH"},{"data":"Twin Strike","floor":15,"key":"SMITH"},{"data":"Fiend Fire","floor":23,"key":"SMITH"},{"data":"Bash","floor":25,"key":"SMITH"},{"data":"Inflame","floor":28,"key":"SMITH"}],"neow_cost":"PERCENT_DAMAGE","seed_source_timestamp":1315001006953837,"circlet_count":0,"master_deck":["AscendersBane","Strike_R","Strike_R","Strike_R","Strike_R","Defend_R","Defend_R","Defend_R","Defend_R","Bash+1","Carnage+1","Battle Trance","Thunderclap","Inflame+1","Evolve","Metallicize","Twin Strike+1","Fiend Fire+1","Cleave+1"],"special_seed":0,"relics":["Burning Blood","Golden Idol","Ornamental Fan","Pen Nib","Kunai","Toy Ornithopter","FossilizedHelix","Ectoplasm","Bird Faced Urn","Potion Belt","Molten Egg 2"],"potions_floor_usage":[14,16,24,24,30],"damage_taken":[{"damage":4.0,"enemies":"Jaw Worm","floor":1.0,"turns":5.0},{"damage":7.0,"enemies":"2 Louse","floor":3.0,"turns":3.0},{"damage":1.0,"enemies":"Cultist","floor":4.0,"turns":3.0},{"damage":7.0,"enemies":"Blue Slaver","floor":5.0,"turns":4.0},{"damage":30.0,"enemies":"Lagavulin","floor":6.0,"turns":6.0},{"damage":7.0,"enemies":"Large Slime","floor":7.0,"turns":5.0},{"damage":34.0,"enemies":"3 Sentries","floor":8.0,"turns":8.0},{"damage":0,"enemies":"2 Fungi Beasts","floor":14,"turns":2},{"damage":35,"enemies":"Hexaghost","floor":16,"turns":9},{"damage":8,"enemies":"2 Thieves","floor":18,"turns":3},{"damage":15,"enemies":"Spheric Guardian","floor":20,"turns":4},{"damage":24,"enemies":"Chosen and Byrds","floor":24,"turns":5},{"damage":2,"enemies":"Cultist and Chosen","floor":27,"turns":5},{"damage":87,"enemies":"Slavers","floor":30,"turns":6},{"damage":13,"enemies":"Snake Plant","floor":31,"turns":2}],"seed_played":"1055958922587387140","potions_obtained":[{"floor":3.0,"key":"Block Potion"},{"floor":5.0,"key":"GamblersBrew"},{"floor":8.0,"key":"BloodPotion"},{"floor":16,"key":"Dexterity Potion"},{"floor":20,"key":"SpeedPotion"},{"floor":24,"key":"BloodPotion"}],"is_trial":false,"path_per_floor":["M","?","M","M","M","E","M","E","T","$","?","R","T","M","R","B",null,"M","?","M","?","$","R","M","R","T","M","R","T","E","M"],"character_chosen":"IRONCLAD","items_purchased":["Toy Ornithopter"],"campfire_rested":0,"item_purchase_floors":[10],"current_hp_per_floor":[66,66,65,70,69,45,44,16,16,16,16,16,16,35,35,11,64,62,81,72,81,81,81,63,63,63,71,71,71,9,0],"gold":13,"neow_bonus":"TWENTY_PERCENT_HP_BONUS","is_prod":false,"is_daily":false,"chose_seed":false,"campfire_upgraded":5,"win_rate":0,"timestamp":1548372997,"path_taken":["M","?","M","M","M","E","M","E","T","$","?","R","?","M","R","BOSS","M","?","?","?","$","R","M","R","T","M","R","?","E","M"],"build_version":"2019-01-23","purchased_purges":1,"victory":false,"max_hp_per_floor":[89,81,81,81,81,81,81,81,81,81,81,81,81,81,81,81,81,81,81,81,81,81,81,81,81,81,81,81,81,81,81],"card_choices":[{"not_picked":["Iron Wave","Twin Strike"],"picked":"Carnage","floor":1.0},{"not_picked":["Heavy Blade","Body Slam"],"picked":"Battle Trance","floor":3.0},{"not_picked":["Pommel Strike","Headbutt"],"picked":"Thunderclap","floor":4.0},{"not_picked":["Cleave","Clash"],"picked":"Inflame","floor":5.0},{"not_picked":["Cleave","Barricade"],"picked":"Evolve","floor":6.0},{"not_picked":["Anger","Blood for Blood"],"picked":"Metallicize","floor":7.0},{"not_picked":["Thunderclap","Rampage"],"picked":"Twin Strike","floor":8.0},{"not_picked":["Warcry","Armaments","Flex"],"picked":"SKIP","floor":14},{"not_picked":["Dark Embrace","Impervious"],"picked":"Fiend Fire","floor":16},{"not_picked":["Bloodletting","Twin Strike","Searing Blow"],"picked":"SKIP","floor":18},{"not_picked":["Sword Boomerang","Burning Pact","Heavy Blade"],"picked":"SKIP","floor":20},{"not_picked":["Second Wind","Headbutt","True Grit"],"picked":"SKIP","floor":24},{"not_picked":["Flame Barrier+1","Pommel Strike","Rupture"],"picked":"SKIP","floor":27},{"not_picked":["Dark Embrace","Warcry"],"picked":"Cleave+1","floor":30}],"player_experience":935126,"relics_obtained":[{"floor":6.0,"key":"Ornamental Fan"},{"floor":8.0,"key":"Pen Nib"},{"floor":9.0,"key":"Kunai"},{"floor":13,"key":"FossilizedHelix"},{"floor":26,"key":"Bird Faced Urn"},{"floor":29,"key":"Potion Belt"},{"floor":30,"key":"Molten Egg 2"}],"event_choices":[{"damage_healed":0.0,"max_hp_gain":0.0,"max_hp_loss":8.0,"gold_gain":0.0,"event_name":"Golden Idol","player_choice":"Lose Max HP","floor":2.0,"gold_loss":0.0,"damage_taken":0.0,"relics_obtained":["Golden Idol"]},{"damage_healed":0,"gold_gain":0,"player_choice":"Fled","damage_taken":0,"max_hp_gain":0,"max_hp_loss":0,"event_name":"Scrap Ooze","floor":11,"gold_loss":0},{"damage_healed":19,"gold_gain":0,"player_choice":"Full Heal","damage_taken":0,"max_hp_gain":0,"max_hp_loss":0,"event_name":"Wheel of Change","floor":19,"gold_loss":0},{"damage_healed":16,"gold_gain":0,"player_choice":"Heal","damage_taken":0,"max_hp_gain":0,"max_hp_loss":0,"event_name":"The Library","floor":21,"gold_loss":0}],"is_beta":false,"boss_relics":[{"not_picked":["Lizard Tail","Orrery"],"picked":"Ectoplasm"}],"items_purged_floors":[22],"is_endless":false,"potions_floor_spawned":[3,5,8,16,20,24],"killed_by":"Snake Plant","ascension_level":19}