{"gold_per_floor":[113,127,127,127,145,145,176,176,176,176,202,218,218,242,242,337,337,353,353,353,372,390,390,390,390,390,390,421,433,444,464,464,464],"floor_reached":33,"playtime":2648,"items_purged":[],"score":375,"play_id":"c028e696-2100-4827-9acd-21572b193a5d","local_time":"20190327202500","is_ascension_mode":false,"campfire_choices":[{"data":"Bash","floor":6,"key":"SMITH"},{"floor":8,"key":"REST"},{"floor":13,"key":"REST"},{"floor":15,"key":"RECALL"},{"floor":23,"key":"REST"},{"floor":25,"key":"REST"},{"floor":27,"key":"REST"},{"floor":32,"key":"REST"}],"neow_cost":"NONE","seed_source_timestamp":0,"circlet_count":0,"master_deck":["Strike_R+1","Strike_R+1","Strike_R+1","Strike_R+1","Defend_R+1","Defend_R+1","Defend_R+1","Defend_R+1","Bash+1","Battle Trance+1","Shrug It Off+1","Cleave","Pommel Strike+1","Clothesline+1","Demon Form","Rampage+1","Iron Wave+1","Metallicize","Pain","Pommel Strike+1","Infernal Blade+1","Headbutt+1","Flex"],"special_seed":0,"relics":["Burning Blood","Molten Egg 2","Matryoshka","Odd Mushroom","Cursed Key","Bronze Scales","Ancient Tea Set","Kunai","War Paint"],"potions_floor_usage":[7,16,21,28,33],"damage_taken":[{"damage":5,"enemies":"Jaw Worm","floor":1,"turns":4},{"damage":7,"enemies":"2 Louse","floor":2,"turns":4},{"damage":9,"enemies":"Small Slimes","floor":5,"turns":4},{"damage":47,"enemies":"Lagavulin","floor":7,"turns":8},{"damage":6,"enemies":"Gremlin Nob","floor":11,"turns":3},{"damage":7,"enemies":"3 Louse","floor":12,"turns":2},{"damage":8,"enemies":"The Mushroom Lair","floor":14,"turns":4},{"damage":64,"enemies":"The Guardian","floor":16,"turns":13},{"damage":45,"enemies":"Spheric Guardian","floor":18,"turns":6},{"damage":23,"enemies":"2 Thieves","floor":21,"turns":4},{"damage":22,"enemies":"Sentry and Sphere","floor":22,"turns":5},{"damage":28,"enemies":"Gremlin Leader","floor":28,"turns":5},{"damage":26,"enemies":"Snake Plant","floor":29,"turns":3},{"damage":6,"enemies":"Centurion and Healer","floor":30,"turns":5},{"damage":22,"enemies":"3 Cultists","floor":31,"turns":4},{"damage":62,"enemies":"Collector","floor":33,"turns":7}],"seed_played":"8005532834840141031","potions_obtained":[{"floor":1,"key":"SkillPotion"},{"floor":5,"key":"Ancient Potion"},{"floor":12,"key":"Fire Potion"},{"floor":16,"key":"Poison Potion"},{"floor":28,"key":"SpeedPotion"},{"floor":30,"key":"PowerPotion"}],"is_trial":false,"path_per_floor":["?","?","?","?","?","?","M","?"],"character_chosen":"IRONCLAD","items_purchased":[],"campfire_rested":6,"item_purchase_floors":[],"current_hp_per_floor":[88,87,80,85,82,82,41,68,68,68,68,67,93,91,91,33,93,54,54,54,37,21,48,48,75,75,93,71,51,51,35,62,0],"gold":464,"neow_bonus":"TEN_PERCENT_HP_BONUS","is_prod":false,"is_daily":false,"chose_seed":false,"campfire_upgraded":1,"win_rate":0,"timestamp":1553732700,"path_taken":["M","M","?","?","M","R","E","R","T","?","E","M","R","?","R","BOSS","M","?","?","?","M","R","?","R","T","R","E","M","M","M","R","BOSS"],"build_version":"2019-01-23","purchased_purges":0,"victory":false,"max_hp_per_floor":[88,88,88,93,93,93,93,93,93,93,93,93,93,93,93,93,93,93,93,93,93,93,93,93,93,93,93,93,93,93,93,93,93],"card_choices":[{"not_picked":["Whirlwind","Reckless Charge"],"picked":"Battle Trance","floor":1},{"not_picked":["Corruption","Anger"],"picked":"Shrug It Off","floor":2},{"not_picked":["Fire Breathing","Havoc"],"picked":"Cleave","floor":5},{"not_picked":["Havoc","Entrench"],"picked":"Pommel Strike","floor":7},{"not_picked":["Anger+1","Body Slam+1","Hemokinesis+1"],"picked":"SKIP","floor":11},{"not_picked":["Exhume","Havoc","Evolve"],"picked":"SKIP","floor":12},{"not_picked":["Whirlwind+1","Pommel Strike+1"],"picked":"Clothesline+1","floor":14},{"not_picked":["Exhume","Reaper+1"],"picked":"Demon Form","floor":16},{"not_picked":["Anger+1","Havoc"],"picked":"Rampage+1","floor":18},{"not_picked":["Perfected Strike+1","Anger+1"],"picked":"Iron Wave+1","floor":21},{"not_picked":["Body Slam+1","Exhume"],"picked":"Metallicize","floor":22},{"not_picked":["Havoc","Bloodletting+1"],"picked":"Pommel Strike+1","floor":28},{"not_picked":["Body Slam+1","Flame Barrier+1"],"picked":"Infernal Blade+1","floor":29},{"not_picked":["True Grit","Havoc"],"picked":"Headbutt+1","floor":30},{"not_picked":["Evolve","Shrug It Off"],"picked":"Flex","floor":31}],"player_experience":70026,"relics_obtained":[{"floor":7,"key":"Molten Egg 2"},{"floor":11,"key":"Matryoshka"},{"floor":14,"key":"Odd Mushroom"},{"floor":26,"key":"Ancient Tea Set"},{"floor":26,"key":"Kunai"},{"floor":28,"key":"War Paint"}],"event_choices":[{"cards_removed":["Strike_R"],"damage_healed":0,"gold_gain":0,"player_choice":"Card Removal","damage_taken":7,"max_hp_gain":0,"max_hp_loss":0,"event_name":"Golden Wing","floor":3,"gold_loss":0},{"damage_healed":0,"gold_gain":0,"player_choice":"Donut","damage_taken":0,"max_hp_gain":5,"max_hp_loss":0,"event_name":"Big Fish","floor":4,"gold_loss":0},{"damage_healed":0,"gold_gain":0,"player_choice":"Ignored","damage_taken":0,"max_hp_gain":0,"max_hp_loss":0,"event_name":"Liars Game","floor":10,"gold_loss":0},{"damage_healed":0,"gold_gain":0,"player_choice":"Fought Mushrooms","damage_taken":0,"max_hp_gain":0,"max_hp_loss":0,"event_name":"Mushrooms","floor":14,"gold_loss":0},{"damage_healed":0,"gold_gain":0,"player_choice":"Opened","damage_taken":0,"relics_obtained":["Bronze Scales"],"max_hp_gain":0,"max_hp_loss":0,"event_name":"The Mausoleum","floor":19,"gold_loss":0},{"damage_healed":0,"gold_gain":0,"player_choice":"Ignored","damage_taken":0,"max_hp_gain":0,"max_hp_loss":0,"event_name":"N\u0027loth","floor":20,"gold_loss":0},{"damage_healed":0,"gold_gain":0,"player_choice":"Simplicity","damage_taken":0,"max_hp_gain":0,"max_hp_loss":0,"event_name":"Back to Basics","floor":24,"gold_loss":0,"cards_upgraded":["Strike_R","Strike_R","Strike_R","Strike_R","Defend_R","Defend_R","Defend_R","Defend_R"]}],"is_beta":false,"boss_relics":[{"not_picked":["Lizard Tail","Pandora\u0027s Box"],"picked":"Cursed Key"}],"items_purged_floors":[],"is_endless":false,"potions_floor_spawned":[1,5,12,16,28,30],"killed_by":"Collector","ascension_level":0}