{"gold_per_floor":[119,119,119,69,88,88,107,107,107,107,142,142,92,92,92,92],"floor_reached":16,"playtime":414,"items_purged":["Defend_G"],"score":125,"play_id":"5b6ed86c-cf4b-4e18-a128-f65fd54b376b","local_time":"20190419222334","is_ascension_mode":true,"campfire_choices":[{"floor":6.0,"key":"REST"},{"floor":8.0,"key":"REST"},{"floor":10.0,"key":"REST"},{"floor":12.0,"key":"REST"},{"floor":15,"key":"REST"}],"neow_cost":"NONE","seed_source_timestamp":696847194948484,"circlet_count":0,"master_deck":["Defend_G","Defend_G","Defend_G","Defend_G","Strike_G","Strike_G","Strike_G","Survivor","Neutralize+1","Deadly Poison","Escape Plan","Expertise"],"special_seed":0,"relics":["Fusion Hammer","Strawberry","Smiling Mask"],"potions_floor_usage":[],"damage_taken":[{"damage":2.0,"enemies":"2 Louse","floor":1.0,"turns":4.0},{"damage":5.0,"enemies":"Jaw Worm","floor":5.0,"turns":6.0},{"damage":4.0,"enemies":"Small Slimes","floor":7.0,"turns":5.0},{"damage":29.0,"enemies":"3 Sentries","floor":11.0,"turns":15.0},{"damage":0,"enemies":"Hexaghost","floor":16,"turns":1}],"seed_played":"-689977374673118298","potions_obtained":[{"floor":5.0,"key":"LiquidBronze"}],"is_trial":false,"path_per_floor":["M","?","?","?","M","R","M","R","T","R","E","R","$","?","R","B"],"character_chosen":"THE_SILENT","items_purchased":[],"campfire_rested":5,"item_purchase_floors":[],"current_hp_per_floor":[61,61,54,54,49,70,66,70,77,77,48,71,71,76,82,82],"gold":92,"neow_bonus":"BOSS_RELIC","is_prod":false,"is_daily":false,"chose_seed":false,"campfire_upgraded":0,"win_rate":0,"timestamp":1555680214,"path_taken":["M","?","?","?","M","R","M","R","T","R","E","R","?","?","R","BOSS"],"build_version":"2019-01-23","purchased_purges":1,"victory":false,"max_hp_per_floor":[70,70,70,70,70,70,70,70,77,77,77,77,77,82,82,82],"card_choices":[{"not_picked":["Slice","Quick Slash","Blade Dance"],"picked":"SKIP","floor":1.0},{"not_picked":["Cloak And Dagger","Leg Sweep"],"picked":"Deadly Poison","floor":5.0},{"not_picked":["Infinite Blades","Deflect"],"picked":"Escape Plan","floor":7.0},{"not_picked":["Distraction","Bane"],"picked":"Expertise","floor":11.0}],"player_experience":646797,"relics_obtained":[{"floor":9.0,"key":"Strawberry"},{"floor":11.0,"key":"Smiling Mask"}],"event_choices":[{"damage_healed":0.0,"max_hp_gain":0.0,"max_hp_loss":0.0,"gold_gain":0.0,"event_name":"Living Wall","player_choice":"Grow","floor":2.0,"gold_loss":0.0,"damage_taken":0.0,"cards_upgraded":["Neutralize"]},{"cards_removed":["Strike_G"],"damage_healed":0.0,"max_hp_gain":0.0,"max_hp_loss":0.0,"gold_gain":0.0,"event_name":"Golden Wing","player_choice":"Card Removal","floor":3.0,"gold_loss":0.0,"damage_taken":7.0},{"cards_removed":["Strike_G"],"damage_healed":0.0,"max_hp_gain":0.0,"max_hp_loss":0.0,"gold_gain":0.0,"event_name":"The Cleric","player_choice":"Card Removal","floor":4.0,"gold_loss":50.0,"damage_taken":0.0},{"damage_healed":0,"gold_gain":0,"player_choice":"Donut","damage_taken":0,"max_hp_gain":5,"max_hp_loss":0,"event_name":"Big Fish","floor":14,"gold_loss":0}],"is_beta":false,"boss_relics":[],"items_purged_floors":[13],"is_endless":false,"potions_floor_spawned":[5],"killed_by":"Hexaghost","ascension_level":6}