{"gold_per_floor":[109,11,23,23,41,69,80,180,180,180,208,225,259,69,69,173,173,190,207,130,130,148,173,173],"floor_reached":24,"playtime":4309,"items_purged":["Strike_R"],"score":261,"play_id":"3941e0ff-bfcc-41e0-8188-7d056b11577f","local_time":"20180725032948","is_ascension_mode":false,"campfire_choices":[{"data":"Brutality","floor":15,"key":"SMITH"}],"neow_cost":"NONE","seed_source_timestamp":31326088214922,"circlet_count":0,"master_deck":["Strike_R","Defend_R","Defend_R","Defend_R","Defend_R","Bash","Juggernaut","Warcry","Warcry","Warcry","Pommel Strike","Headbutt","Sentinel","Pommel Strike","Juggernaut","Brutality+1","Havoc","Immolate","Warcry+1","Shockwave+1","Brutality+1","Flex+1","Fire Breathing+1","Carnage"],"relics":["Burning Blood","Pear","Dodecahedron","Red Skull","Centennial Puzzle","Bag of Preparation","Astrolabe","Thread and Needle","Bronze Scales"],"potions_floor_usage":[6,11,11,13,18,19],"damage_taken":[{"damage":5,"enemies":"Cultist","floor":1,"turns":4},{"damage":14,"enemies":"Small Slimes","floor":3,"turns":5},{"damage":0,"enemies":"2 Louse","floor":5,"turns":3},{"damage":27,"enemies":"Gremlin Nob","floor":6,"turns":5},{"damage":9,"enemies":"2 Fungi Beasts","floor":7,"turns":5},{"damage":21,"enemies":"Lagavulin","floor":11,"turns":7},{"damage":8,"enemies":"Gremlin Gang","floor":12,"turns":5},{"damage":18,"enemies":"Gremlin Nob","floor":13,"turns":4},{"damage":35,"enemies":"Hexaghost","floor":16,"turns":9},{"damage":35,"enemies":"2 Thieves","floor":18,"turns":4},{"damage":22,"enemies":"Shell Parasite","floor":19,"turns":6},{"damage":2,"enemies":"3 Cultists","floor":22,"turns":2},{"damage":48,"enemies":"Gremlin Leader","floor":23,"turns":6},{"damage":19,"enemies":"Sentry and Sphere","floor":24,"turns":3}],"seed_played":"-8847793516162821891","potions_obtained":[{"floor":5,"key":"Dexterity Potion"},{"floor":7,"key":"AttackPotion"},{"floor":10,"key":"Strength Potion"},{"floor":10,"key":"Fire Potion"},{"floor":12,"key":"Regen Potion"},{"floor":16,"key":"Regen Potion"},{"floor":23,"key":"Ancient Potion"}],"is_trial":false,"path_per_floor":["M","$","M","$","M","E","M","?","T","?","E","M","E","$","R","B",null,"M","M","?","?","M","E"],"character_chosen":"IRONCLAD","items_purchased":["Warcry","Havoc","Bag of Preparation"],"campfire_rested":0,"item_purchase_floors":[2,14,14],"current_hp_per_floor":[80,80,72,72,78,67,64,64,64,64,49,47,44,44,44,15,90,70,54,54,54,58,16,0],"gold":173,"neow_bonus":"ONE_RANDOM_RARE_CARD","is_prod":false,"is_daily":false,"chose_seed":false,"campfire_upgraded":1,"win_rate":0,"timestamp":1532453388,"path_taken":["M","?","M","?","M","E","M","?","T","?","E","M","E","$","R","BOSS","M","M","?","?","M","E","M"],"build_version":"2018-07-19v2","purchased_purges":1,"victory":false,"max_hp_per_floor":[80,80,80,80,80,90,90,90,90,90,90,90,90,90,90,90,90,90,90,90,90,90,90,90],"card_choices":[{"not_picked":["Twin Strike","Flame Barrier"],"picked":"Warcry","floor":1},{"not_picked":["Cleave","Wild Strike"],"picked":"Warcry","floor":3},{"not_picked":["Burning Pact","Clothesline"],"picked":"Pommel Strike","floor":5},{"not_picked":["Clothesline","Whirlwind"],"picked":"Headbutt","floor":6},{"not_picked":["Pummel","Flex"],"picked":"Sentinel","floor":7},{"not_picked":["Wild Strike","Feel No Pain"],"picked":"Pommel Strike","floor":11},{"not_picked":["Pummel","True Grit"],"picked":"Juggernaut","floor":12},{"not_picked":["Headbutt","Rage"],"picked":"Brutality","floor":13},{"not_picked":["Impervious","Juggernaut"],"picked":"Immolate","floor":16},{"not_picked":["Pummel+1","Perfected Strike"],"picked":"Flex+1","floor":18},{"not_picked":["Intimidate","Flex"],"picked":"Fire Breathing+1","floor":19},{"not_picked":["Clash","Cleave+1"],"picked":"Carnage","floor":22},{"not_picked":["Spot Weakness","Flame Barrier","Power Through"],"picked":"SKIP","floor":23}],"player_experience":72698,"relics_obtained":[{"floor":6,"key":"Pear"},{"floor":9,"key":"Dodecahedron"},{"floor":11,"key":"Red Skull"},{"floor":13,"key":"Centennial Puzzle"},{"floor":23,"key":"Bronze Scales"}],"event_choices":[{"event_name":"Golden Shrine","player_choice":"Pray","floor":8,"damage_taken":0},{"event_name":"The Lab","player_choice":"Got Potions","floor":10,"damage_taken":0},{"event_name":"Drug Dealer","player_choice":"Got JAXXED","floor":20,"damage_taken":0},{"event_name":"Addict","player_choice":"Gave JAX","floor":21,"damage_taken":0}],"is_beta":false,"boss_relics":[{"not_picked":["Black Blood","Orrery"],"picked":"Astrolabe"}],"items_purged_floors":[2],"is_endless":false,"potions_floor_spawned":[5,7,12,16,23],"killed_by":"Sentry and Sphere","ascension_level":0}