{"gold_per_floor":[115,69,144,162,178,195,215,215,294,305,305,305,305,305,305,406,406,421,432,432,357,376,376,388,388,457,457,179,179,230,240,240,345,345,361,377,277,277,288,288,288],"floor_reached":41,"playtime":2228,"items_purged":["Strike_R","Strike_R"],"score":383,"play_id":"05254649-1d79-4640-b535-62ecac5a6f00","local_time":"20190324005212","is_ascension_mode":false,"campfire_choices":[{"data":"Trip","floor":11,"key":"SMITH"},{"data":"Metamorphosis","floor":13,"key":"SMITH"},{"data":"Bash","floor":15,"key":"SMITH"},{"floor":23,"key":"REST"},{"data":"Armaments","floor":25,"key":"SMITH"},{"data":"True Grit","floor":27,"key":"SMITH"},{"floor":32,"key":"REST"},{"floor":40,"key":"REST"}],"neow_cost":"TEN_PERCENT_HP_LOSS","seed_source_timestamp":1237562455826343,"circlet_count":0,"master_deck":["Strike_R+1","Defend_R","Defend_R","Defend_R","Defend_R","Bash+1","Metamorphosis+1","Trip+1","Thunderclap","Twin Strike+1","Spot Weakness","Dropkick","Inflame","Dropkick","Impervious","True Grit+1","Armaments+1","Shrug It Off","Dropkick","Finesse","Flame Barrier","Offering","Pummel+1","Rage+1"],"relics":["Burning Blood"],"potions_floor_usage":[16,16,16,22,31,33,33,39,39],"damage_taken":[{"damage":6,"enemies":"Cultist","floor":1,"turns":3},{"damage":6,"enemies":"Jaw Worm","floor":4,"turns":3},{"damage":4,"enemies":"2 Louse","floor":5,"turns":3},{"damage":17,"enemies":"Large Slime","floor":6,"turns":5},{"damage":14,"enemies":"Blue Slaver","floor":7,"turns":3},{"damage":15,"enemies":"Looter","floor":10,"turns":3},{"damage":15,"enemies":"Hexaghost","floor":16,"turns":4},{"damage":22,"enemies":"Spheric Guardian","floor":18,"turns":4},{"damage":26,"enemies":"2 Thieves","floor":19,"turns":5},{"damage":25,"enemies":"Snake Plant","floor":22,"turns":3},{"damage":11,"enemies":"Centurion and Healer","floor":24,"turns":7},{"damage":13,"enemies":"3 Cultists","floor":31,"turns":5},{"damage":30,"enemies":"Champ","floor":33,"turns":11},{"damage":31,"enemies":"3 Darklings","floor":35,"turns":7},{"damage":13,"enemies":"3 Shapes","floor":36,"turns":3},{"damage":21,"enemies":"Writhing Mass","floor":39,"turns":4},{"damage":50,"enemies":"Spire Growth","floor":41,"turns":5}],"seed_played":"4190914993802878173","potions_obtained":[{"floor":4,"key":"Strength Potion"},{"floor":6,"key":"FearPotion"},{"floor":10,"key":"BloodPotion"},{"floor":16,"key":"SteroidPotion"},{"floor":18,"key":"Weak Potion"},{"floor":22,"key":"Energy Potion"},{"floor":24,"key":"Dexterity Potion"},{"floor":35,"key":"SkillPotion"},{"floor":38,"key":"Dexterity Potion"},{"floor":38,"key":"SkillPotion"}],"is_trial":false,"path_per_floor":["M","$","?","M","M","M","M","?","T","M","R","?","R","?","R","B",null,"M","M","?","?","M","R","M","R","T","R","$","?","T","M","R","B",null,"M","M","$","?","M","R","M"],"character_chosen":"IRONCLAD","items_purchased":["Twin Strike","Shrug It Off","Dropkick","Finesse"],"campfire_rested":3,"item_purchase_floors":[2,28,28,28],"current_hp_per_floor":[72,72,65,65,67,56,48,34,34,25,25,25,25,18,18,16,72,56,36,36,36,17,38,33,33,33,33,33,33,33,26,47,23,72,47,40,40,40,25,46,0],"gold":288,"neow_bonus":"RANDOM_COLORLESS_2","is_prod":false,"is_daily":false,"chose_seed":false,"campfire_upgraded":5,"win_rate":0,"timestamp":1553403132,"path_taken":["M","$","?","M","M","M","?","?","T","M","R","?","R","?","R","BOSS","M","M","?","?","M","R","M","R","T","R","$","?","?","M","R","BOSS","M","M","$","?","M","R","M"],"build_version":"2019-01-23","purchased_purges":2,"victory":false,"max_hp_per_floor":[72,72,72,72,72,72,72,72,72,72,72,72,72,72,72,72,72,72,72,72,72,72,72,72,72,72,72,72,72,72,72,72,72,72,72,72,72,72,72,72,72],"card_choices":[{"not_picked":["Power Through","Wild Strike"],"picked":"Thunderclap","floor":1},{"not_picked":["Pommel Strike","Iron Wave"],"picked":"Spot Weakness","floor":4},{"not_picked":["Armaments","Shrug It Off"],"picked":"Dropkick","floor":5},{"not_picked":["Ghostly Armor","Headbutt"],"picked":"Inflame","floor":6},{"not_picked":["Fiend Fire","Perfected Strike","Uppercut"],"picked":"SKIP","floor":7},{"not_picked":["Wild Strike","Armaments"],"picked":"Dropkick","floor":10},{"not_picked":["Exhume","Fiend Fire"],"picked":"Impervious","floor":16},{"not_picked":["Corruption","Evolve","Iron Wave"],"picked":"SKIP","floor":18},{"not_picked":["Warcry","Power Through+1","Reckless Charge"],"picked":"SKIP","floor":19},{"not_picked":["Twin Strike","Cleave+1"],"picked":"True Grit","floor":22},{"not_picked":["Bloodletting","Hemokinesis"],"picked":"Armaments","floor":24},{"not_picked":["Clash+1","Demon Form"],"picked":"Flame Barrier","floor":31},{"not_picked":["Bludgeon","Dark Embrace"],"picked":"Offering","floor":33},{"not_picked":["Power Through+1","Disarm+1"],"picked":"Pummel+1","floor":35},{"not_picked":["Sword Boomerang","Armaments+1","Body Slam+1"],"picked":"SKIP","floor":36},{"not_picked":["Whirlwind","Rampage"],"picked":"Rage+1","floor":39}],"player_experience":885746,"relics_obtained":[],"event_choices":[{"damage_healed":0,"gold_gain":75,"player_choice":"Touch","damage_taken":7,"max_hp_gain":0,"max_hp_loss":0,"event_name":"FaceTrader","floor":3,"gold_loss":0},{"damage_healed":0,"gold_gain":0,"player_choice":"Entered Light","damage_taken":14,"max_hp_gain":0,"max_hp_loss":0,"event_name":"Shining Light","floor":8,"gold_loss":0,"cards_upgraded":["Strike_R","Twin Strike"]},{"damage_healed":0,"gold_gain":0,"player_choice":"Fled","damage_taken":0,"max_hp_gain":0,"max_hp_loss":0,"event_name":"Scrap Ooze","floor":12,"gold_loss":0},{"cards_removed":["Strike_R"],"damage_healed":0,"gold_gain":0,"player_choice":"Card Removal","damage_taken":7,"max_hp_gain":0,"max_hp_loss":0,"event_name":"Golden Wing","floor":14,"gold_loss":0},{"damage_healed":0,"gold_gain":0,"player_choice":"Ignored","damage_taken":0,"max_hp_gain":0,"max_hp_loss":0,"event_name":"Cursed Tome","floor":20,"gold_loss":0},{"cards_removed":["Strike_R"],"damage_healed":0,"gold_gain":0,"player_choice":"Gave Gold","damage_taken":0,"max_hp_gain":0,"max_hp_loss":0,"event_name":"Beggar","floor":21,"gold_loss":75},{"damage_healed":0,"gold_gain":0,"player_choice":"Ignored","damage_taken":0,"max_hp_gain":0,"max_hp_loss":0,"event_name":"Ghosts","floor":29,"gold_loss":0},{"damage_healed":0,"gold_gain":0,"player_choice":"Got Potions","damage_taken":0,"max_hp_gain":0,"max_hp_loss":0,"event_name":"Lab","floor":38,"gold_loss":0}],"is_beta":false,"boss_relics":[{"not_picked":[]},{"not_picked":[]}],"items_purged_floors":[28,37],"is_endless":false,"potions_floor_spawned":[4,6,10,16,18,22,24,35],"killed_by":"Spire Growth","ascension_level":0}