{"gold_per_floor":[117,127,147,167,179,209,222,222,248,262,273,298,313,340,340,443,443,432,450,467,481,38,38,67,79,128,146,181,96,111,111],"floor_reached":31,"playtime":2959,"items_purged":["Strike_R"],"score":382,"play_id":"29302d93-875d-464a-9265-81a10e85c62e","local_time":"20180728235538","is_ascension_mode":true,"campfire_choices":[{"data":"True Grit","floor":8,"key":"SMITH"},{"data":"Body Slam","floor":15,"key":"SMITH"},{"data":"Shrug It Off","floor":23,"key":"SMITH"}],"neow_cost":"NONE","seed_source_timestamp":365422614580406,"circlet_count":0,"master_deck":["Strike_R","Strike_R","Strike_R","Strike_R","Defend_R","Defend_R","Defend_R","Defend_R","Bash","True Grit+1","Armaments","Power Through","Body Slam+1","Clothesline","Shrug It Off+1","Pommel Strike","Barricade","Offering","Sentinel+1","Shrug It Off","Body Slam+1","Feel No Pain","Seeing Red","Shrug It Off","Second Wind"],"relics":["Burning Blood","Bottled Lightning","Bag of Preparation","Question Card","Red Skull","Mark of Pain","Mercury Hourglass","Potion Belt","Strawberry","Molten Egg 2","Darkstone Periapt"],"potions_floor_usage":[6,12,24,28,31],"damage_taken":[{"damage":12,"enemies":"Cultist","floor":1,"turns":5},{"damage":0,"enemies":"2 Louse","floor":2,"turns":5},{"damage":0,"enemies":"Jaw Worm","floor":3,"turns":6},{"damage":1,"enemies":"2 Fungi Beasts","floor":4,"turns":5},{"damage":2,"enemies":"3 Louse","floor":5,"turns":5},{"damage":10,"enemies":"3 Sentries","floor":6,"turns":8},{"damage":2,"enemies":"Large Slime","floor":7,"turns":11},{"damage":16,"enemies":"Exordium Thugs","floor":10,"turns":5},{"damage":3,"enemies":"3 Louse","floor":11,"turns":6},{"damage":12,"enemies":"Gremlin Nob","floor":12,"turns":5},{"damage":0,"enemies":"Blue Slaver","floor":13,"turns":3},{"damage":0,"enemies":"Lagavulin","floor":14,"turns":8},{"damage":17,"enemies":"Slime Boss","floor":16,"turns":14},{"damage":14,"enemies":"2 Thieves","floor":18,"turns":4},{"damage":5,"enemies":"Chosen","floor":19,"turns":1},{"damage":13,"enemies":"Snake Plant","floor":20,"turns":6},{"damage":31,"enemies":"Centurion and Healer","floor":21,"turns":7},{"damage":6,"enemies":"Slavers","floor":24,"turns":4},{"damage":5,"enemies":"3 Cultists","floor":25,"turns":5},{"damage":5,"enemies":"Sentry and Sphere","floor":27,"turns":5},{"damage":33,"enemies":"Gremlin Leader","floor":28,"turns":7},{"damage":5,"enemies":"Snake Plant","floor":30,"turns":2},{"damage":24,"enemies":"Slavers","floor":31,"turns":2}],"seed_played":"792468694136048132","potions_obtained":[{"floor":2,"key":"SteroidPotion"},{"floor":3,"key":"SteroidPotion"},{"floor":4,"key":"Explosive Potion"},{"floor":6,"key":"SteroidPotion"},{"floor":14,"key":"FearPotion"},{"floor":24,"key":"Ancient Potion"},{"floor":30,"key":"SpeedPotion"}],"is_trial":false,"path_per_floor":["M","M","M","M","M","E","M","R","T","M","M","E","M","E","R","B",null,"M","M","M","M","$","R","E","M","T","M","E","?","M"],"character_chosen":"IRONCLAD","items_purchased":["Feel No Pain","Mercury Hourglass","Seeing Red"],"campfire_rested":0,"item_purchase_floors":[22,22,22],"current_hp_per_floor":[74,80,80,80,80,76,80,80,80,70,73,67,73,79,79,68,80,72,73,66,41,41,41,41,42,49,50,23,23,24,0],"gold":111,"neow_bonus":"THREE_CARDS","is_prod":false,"is_daily":false,"chose_seed":false,"campfire_upgraded":3,"win_rate":0,"timestamp":1532786138,"path_taken":["M","M","M","M","M","E","M","R","T","?","M","E","M","E","R","BOSS","M","M","?","M","$","R","E","M","T","M","E","?","M","E"],"build_version":"2018-07-26","purchased_purges":1,"victory":false,"max_hp_per_floor":[80,80,80,80,80,80,80,80,80,80,80,80,80,80,80,80,80,80,80,80,80,80,80,80,80,87,87,87,87,87,87],"card_choices":[{"not_picked":["Perfected Strike","Cleave"],"picked":"True Grit","floor":0},{"not_picked":["Wild Strike","True Grit"],"picked":"Armaments","floor":1},{"not_picked":["Evolve","Bloodletting"],"picked":"Power Through","floor":2},{"not_picked":["Anger","Rupture"],"picked":"Body Slam","floor":3},{"not_picked":["Blood for Blood","Dark Embrace"],"picked":"Clothesline","floor":4},{"not_picked":["Blood for Blood","Anger","Warcry"],"picked":"SKIP","floor":5},{"not_picked":["Sword Boomerang","Flex"],"picked":"Shrug It Off","floor":6},{"not_picked":["Twin Strike","Thunderclap","Reckless Charge"],"picked":"SKIP","floor":7},{"not_picked":["Sentinel","Twin Strike","Ghostly Armor"],"picked":"SKIP","floor":10},{"not_picked":["Combust","Clothesline"],"picked":"Pommel Strike","floor":11},{"not_picked":["Rupture","Havoc","Sword Boomerang"],"picked":"SKIP","floor":12},{"not_picked":["Intimidate","Flex","Fire Breathing"],"picked":"Barricade","floor":13},{"not_picked":["Iron Wave","Anger","Corruption","Ghostly Armor"],"picked":"SKIP","floor":14},{"not_picked":["Fiend Fire","Double Tap","Impervious"],"picked":"Offering","floor":16},{"not_picked":["Thunderclap","Clothesline+1","Clash+1"],"picked":"Sentinel+1","floor":18},{"not_picked":["Warcry","Body Slam","Ghostly Armor+1"],"picked":"Shrug It Off","floor":19},{"not_picked":["Wild Strike","Corruption","Headbutt"],"picked":"Body Slam+1","floor":20},{"not_picked":["Sword Boomerang+1","Immolate","Iron Wave","Armaments+1"],"picked":"SKIP","floor":21},{"not_picked":["Wild Strike","Immolate","Clash"],"picked":"Shrug It Off","floor":24},{"not_picked":["Heavy Blade","Pummel","Headbutt","Wild Strike+1"],"picked":"SKIP","floor":25},{"not_picked":["Body Slam","Twin Strike+1","Headbutt"],"picked":"Second Wind","floor":27},{"not_picked":["Exhume","Twin Strike+1","Pommel Strike+1","Iron Wave"],"picked":"SKIP","floor":28},{"not_picked":["Fire Breathing","Headbutt+1","Pummel+1","Reckless Charge+1"],"picked":"SKIP","floor":30}],"player_experience":213575,"relics_obtained":[{"floor":6,"key":"Bottled Lightning"},{"floor":9,"key":"Bag of Preparation"},{"floor":12,"key":"Question Card"},{"floor":14,"key":"Red Skull"},{"floor":24,"key":"Potion Belt"},{"floor":26,"key":"Strawberry"},{"floor":28,"key":"Molten Egg 2"}],"event_choices":[{"event_name":"Addict","player_choice":"Obtained Relic","floor":29,"damage_taken":0}],"is_beta":false,"boss_relics":[{"not_picked":["Fusion Hammer","Snecko Eye"],"picked":"Mark of Pain"}],"items_purged_floors":[22],"is_endless":false,"potions_floor_spawned":[2,3,4,6,14,16,19,24,30],"killed_by":"Slavers","ascension_level":3}