{"gold_per_floor":[114,134,151,151,170,213,213,246,246,22,40,59,59,100,100,228,228,246,246,261,261,285,285,320,344,417,417],"floor_reached":27,"playtime":2150,"items_purged":["Defend_R"],"score":361,"play_id":"22ddb849-9d20-439f-a8df-ddc2d4c1868a","local_time":"20180730004515","is_ascension_mode":true,"campfire_choices":[{"data":"True Grit","floor":7,"key":"SMITH"},{"data":"Feed","floor":13,"key":"SMITH"},{"data":"Clothesline","floor":15,"key":"SMITH"},{"data":"Demon Form","floor":23,"key":"SMITH"}],"neow_cost":"NONE","seed_source_timestamp":455623235236375,"circlet_count":0,"master_deck":["Strike_R","Strike_R","Strike_R","Strike_R","Strike_R","Defend_R","Defend_R","Defend_R","Bash+1","Reckless Charge","Shrug It Off","Shrug It Off","True Grit+1","Rampage","Feed+1","Clothesline+1","Flex","Iron Wave","Demon Form+1","Pummel","Heavy Blade","Heavy Blade","Disarm+1","Fiend Fire","Whirlwind"],"relics":["Burning Blood","Golden Idol","Blue Candle","Ginger","Darkstone Periapt","Mummified Hand","Snecko Eye","Bag of Marbles","Ornamental Fan"],"potions_floor_usage":[8,11,14,16,16,25,27],"damage_taken":[{"damage":7,"enemies":"2 Louse","floor":1,"turns":4},{"damage":8,"enemies":"Jaw Worm","floor":2,"turns":4},{"damage":1,"enemies":"Cultist","floor":3,"turns":3},{"damage":10,"enemies":"Exordium Wildlife","floor":5,"turns":6},{"damage":29,"enemies":"Gremlin Nob","floor":6,"turns":5},{"damage":9,"enemies":"Lagavulin","floor":8,"turns":6},{"damage":1,"enemies":"2 Fungi Beasts","floor":11,"turns":3},{"damage":25,"enemies":"Large Slime","floor":12,"turns":6},{"damage":0,"enemies":"Gremlin Nob","floor":14,"turns":2},{"damage":36,"enemies":"Slime Boss","floor":16,"turns":11},{"damage":3,"enemies":"3 Byrds","floor":18,"turns":4},{"damage":23,"enemies":"Chosen","floor":20,"turns":7},{"damage":47,"enemies":"Snake Plant","floor":22,"turns":5},{"damage":19,"enemies":"Book of Stabbing","floor":24,"turns":7},{"damage":6,"enemies":"Snecko","floor":25,"turns":3},{"damage":45,"enemies":"Slavers","floor":27,"turns":3}],"seed_played":"-909716438567891856","potions_obtained":[{"floor":1,"key":"PowerPotion"},{"floor":3,"key":"Explosive Potion"},{"floor":8,"key":"Block Potion"},{"floor":14,"key":"Dexterity Potion"},{"floor":20,"key":"Regen Potion"},{"floor":22,"key":"SpeedPotion"}],"is_trial":false,"path_per_floor":["M","M","M","?","M","E","R","E","T","$","M","M","R","E","R","B",null,"M","?","M","?","M","R","E","M","T"],"character_chosen":"IRONCLAD","items_purchased":["Clothesline","Fruit Juice"],"campfire_rested":0,"item_purchase_floors":[10,10],"current_hp_per_floor":[79,77,80,60,56,33,33,30,30,30,43,27,27,37,37,7,95,95,95,82,82,41,41,28,37,37,0],"gold":417,"neow_bonus":"UPGRADE_CARD","is_prod":false,"is_daily":false,"chose_seed":false,"campfire_upgraded":4,"win_rate":0,"timestamp":1532875515,"path_taken":["M","M","M","?","M","E","R","E","T","$","M","?","R","E","R","BOSS","M","?","?","?","M","R","E","M","T","E"],"build_version":"2018-07-26","purchased_purges":1,"victory":false,"max_hp_per_floor":[80,80,80,80,80,80,80,80,80,80,88,91,91,95,95,95,95,95,95,99,99,99,99,99,99,99,99],"card_choices":[{"not_picked":["Power Through","Iron Wave"],"picked":"Reckless Charge","floor":1},{"not_picked":["Fire Breathing","Entrench"],"picked":"Shrug It Off","floor":2},{"not_picked":["Heavy Blade","Ghostly Armor"],"picked":"Shrug It Off","floor":3},{"not_picked":["Searing Blow","Headbutt"],"picked":"True Grit","floor":5},{"not_picked":["Rage","Thunderclap"],"picked":"Rampage","floor":6},{"not_picked":["Shrug It Off","Dual Wield"],"picked":"Feed","floor":8},{"not_picked":["Warcry","Iron Wave"],"picked":"Flex","floor":11},{"not_picked":["Bloodletting","Thunderclap","Corruption"],"picked":"SKIP","floor":12},{"not_picked":["Clothesline","Warcry"],"picked":"Iron Wave","floor":14},{"not_picked":["Brutality","Exhume"],"picked":"Demon Form","floor":16},{"not_picked":["Shrug It Off","Anger"],"picked":"Pummel","floor":18},{"not_picked":["Searing Blow","Entrench"],"picked":"Heavy Blade","floor":20},{"not_picked":["True Grit+1","Warcry"],"picked":"Disarm+1","floor":22},{"not_picked":["Thunderclap","Anger"],"picked":"Fiend Fire","floor":24},{"not_picked":["Second Wind","Anger"],"picked":"Whirlwind","floor":25}],"player_experience":264307,"relics_obtained":[{"floor":6,"key":"Blue Candle"},{"floor":8,"key":"Ginger"},{"floor":9,"key":"Darkstone Periapt"},{"floor":14,"key":"Mummified Hand"},{"floor":24,"key":"Bag of Marbles"},{"floor":26,"key":"Ornamental Fan"}],"event_choices":[{"event_name":"Golden Idol","player_choice":"Take Damage","floor":4,"damage_taken":0},{"event_name":"Drug Dealer","player_choice":"Ignored","floor":19,"damage_taken":0},{"event_name":"The Library","player_choice":"Read","floor":21,"damage_taken":0}],"is_beta":false,"boss_relics":[{"not_picked":["Calling Bell","Empty Cage"],"picked":"Snecko Eye"}],"items_purged_floors":[10],"is_endless":false,"potions_floor_spawned":[1,3,8,14,20,22],"killed_by":"Slavers","ascension_level":4}