{"path_per_floor":["M","$","M","?","?","R","E","M","T","M","E","M","E","T","R","B",null,"M","?","M","?","$","M","R","M","T","M","M","M","R","?","R","B",null,"M","?","M","M","T","R","?","R","T","T","$","?","M","M","R","B"],"character_chosen":"IRONCLAD","items_purchased":["Iron Wave","Frozen Egg 2","Inflame","Shrug It Off"],"gold_per_floor":[116,15,34,34,34,34,77,92,92,113,149,168,211,288,288,418,418,433,433,457,457,24,38,38,53,53,78,92,108,108,108,108,233,233,246,246,260,283,283,283,283,283,283,283,105,174,194,207,207,207],"floor_reached":51,"campfire_rested":2,"playtime":2295,"current_hp_per_floor":[78,77,77,58,63,63,69,75,89,91,42,36,43,43,43,27,82,78,78,86,86,86,80,80,66,66,68,57,53,53,53,53,13,86,52,52,52,25,25,59,59,59,59,59,59,36,29,35,71,26],"items_purged":["Parasite","Strike_R","Pain"],"gold":207,"score":866,"play_id":"4f12a63d-2f7e-4bfa-90fd-e7634a9b0145","is_prod":false,"is_daily":false,"is_ascension_mode":true,"campfire_upgraded":4,"path_taken":["M","$","M","?","?","R","E","?","T","M","E","M","E","?","R","BOSS","M","?","M","?","$","M","R","M","T","M","?","M","R","?","R","BOSS","M","?","M","M","?","R","?","R","T","?","$","?","?","M","R","BOSS"],"build_version":"2018-02-22-PROD1","purchased_purges":3,"victory":true,"master_deck":["Strike_R+1","Strike_R+1","Strike_R+1","Strike_R+1","Defend_R+1","Defend_R+1","Defend_R+1","Defend_R+1","Bash+1","Pommel Strike+1","Iron Wave+1","Cleave+1","Double Tap+1","True Grit+1","Shrug It Off+1","Disarm+1","Inflame+1","Shrug It Off+1","Evolve+1","Limit Break+1","Body Slam+1","Parasite","Shrug It Off+1"],"max_hp_per_floor":[80,77,77,77,82,82,82,82,96,96,96,96,98,98,98,100,100,102,102,104,104,104,106,106,106,106,108,110,110,110,110,110,110,110,112,112,114,114,114,114,114,114,114,114,114,116,118,120,120,120],"relics":["Burning Blood","NeowsBlessing","Golden Idol","Toxic Egg 2","Mango","Pantograph","Singing Bowl","Toolbox","Velvet Choker","Frozen Egg 2","Dodecahedron","Peace Pipe","Cursed Key","Matryoshka","Blue Candle","Bottled Flame","Vajra","Ornamental Fan","Sundial","Girya"],"card_choices":[{"not_picked":["Iron Wave","Shrug It Off"],"picked":"Pommel Strike"},{"not_picked":["Headbutt","Battle Trance"],"picked":"Cleave"},{"not_picked":["Sword Boomerang","Anger"],"picked":"Double Tap"},{"not_picked":["Hemokinesis","Sword Boomerang"],"picked":"True Grit"},{"not_picked":["Evolve","True Grit"],"picked":"Shrug It Off"},{"not_picked":["Anger","Pommel Strike"],"picked":"Shrug It Off"},{"not_picked":["Hemokinesis","Body Slam"],"picked":"Evolve"},{"not_picked":["Feed","Reaper"],"picked":"Limit Break"},{"not_picked":["Carnage","Sword Boomerang"],"picked":"Body Slam"}],"player_experience":181009,"potions_floor_usage":[10,13,13,16,28,33,33,50,50,50],"damage_taken":[{"damage":0,"enemies":"2 Louse","floor":1,"turns":1},{"damage":0,"enemies":"Jaw Worm","floor":3,"turns":1},{"damage":0,"enemies":"Gremlin Nob","floor":7,"turns":1},{"damage":0,"enemies":"Small Slimes","floor":8,"turns":3},{"damage":4,"enemies":"Red Slaver","floor":10,"turns":4},{"damage":55,"enemies":"Lagavulin","floor":11,"turns":6},{"damage":12,"enemies":"Exordium Wildlife","floor":12,"turns":3},{"damage":13,"enemies":"3 Sentries","floor":13,"turns":7},{"damage":61,"enemies":"Slime Boss","floor":16,"turns":10},{"damage":12,"enemies":"2 Thieves","floor":18,"turns":5},{"damage":0,"enemies":"Spheric Guardian","floor":20,"turns":6},{"damage":14,"enemies":"Cultist and Chosen","floor":23,"turns":6},{"damage":20,"enemies":"Slaver and Parasite","floor":25,"turns":5},{"damage":6,"enemies":"Sentry and Sphere","floor":27,"turns":5},{"damage":19,"enemies":"Centurion and Healer","floor":28,"turns":5},{"damage":10,"enemies":"Snake Plant","floor":29,"turns":4},{"damage":71,"enemies":"Automaton","floor":33,"turns":10},{"damage":42,"enemies":"3 Darklings","floor":35,"turns":7},{"damage":8,"enemies":"Orb Walker","floor":37,"turns":5},{"damage":33,"enemies":"Sphere and 2 Shapes","floor":38,"turns":5},{"damage":31,"enemies":"Mysterious Sphere","floor":46,"turns":6},{"damage":15,"enemies":"4 Shapes","floor":47,"turns":6},{"damage":2,"enemies":"Maw","floor":48,"turns":6},{"damage":76,"enemies":"Donu and Deca","floor":50,"turns":9}],"event_choices":[{"event_name":"Golden Idol","player_choice":"Take Damage","floor":4,"damage_taken":0},{"event_name":"Big Fish","player_choice":"Donut","floor":5,"damage_taken":0},{"event_name":"Back to Basics","player_choice":"Simplicity","floor":19,"damage_taken":0},{"event_name":"The Library","player_choice":"Read","floor":21,"damage_taken":0},{"event_name":"The Mausoleum","player_choice":"Yes","floor":31,"damage_taken":0},{"event_name":"Wheel of Change","player_choice":"Relic","floor":36,"damage_taken":0},{"event_name":"The Moai Head","player_choice":"Ignored","floor":41,"damage_taken":0},{"event_name":"Mysterious Sphere","player_choice":"Fight","floor":46,"damage_taken":0}],"boss_relics":[{"not_picked":["Snecko Eye","Runic Pyramid"],"picked":"Velvet Choker"},{"not_picked":["Question Card","Eternal Feather"],"picked":"Cursed Key"}],"potions_floor_spawned":[7,8,11,12,18,23,25,37,46,48],"seed_played":"-4598127157230590634","ascension_level":11,"is_trial":false}