{"gold_per_floor":[112,19,32,48,48,48,78,78,147,147,55,55,69,69,69,165,165,150,16,41,41],"floor_reached":21,"playtime":1143,"items_purged":["Defend_G"],"score":327,"play_id":"f48c9443-4099-4d21-a501-da3007c72ee4","local_time":"20190329153605","is_ascension_mode":true,"campfire_choices":[{"data":"Quick Slash","floor":6,"key":"SMITH"},{"data":"Well Laid Plans","floor":8,"key":"SMITH"},{"data":"Neutralize","floor":10,"key":"SMITH"},{"data":"Trip","floor":12,"key":"SMITH"},{"data":"Leg Sweep","floor":15,"key":"SMITH"}],"neow_cost":"NONE","seed_source_timestamp":232643880489730,"circlet_count":0,"master_deck":["AscendersBane","Defend_G","Defend_G","Defend_G","Strike_G","Strike_G","Strike_G","Strike_G","Survivor","Neutralize+1","Quick Slash+1","Backflip","Footwork+1","Flying Knee","Well Laid Plans+1","Slice","Backstab","Trip+1","Leg Sweep+1","Envenom","Endless Agony+1","Dodge and Roll","Catalyst"],"relics":["Ring of the Snake","Snake Skull","Shuriken","Golden Idol","Empty Cage"],"potions_floor_usage":[7,21],"damage_taken":[{"damage":0,"enemies":"2 Louse","floor":1,"turns":4},{"damage":0,"enemies":"Jaw Worm","floor":3,"turns":6},{"damage":0,"enemies":"Cultist","floor":4,"turns":5},{"damage":14,"enemies":"Gremlin Nob","floor":7,"turns":5},{"damage":0,"enemies":"Exordium Wildlife","floor":13,"turns":3},{"damage":1,"enemies":"The Guardian","floor":16,"turns":11},{"damage":15,"enemies":"2 Thieves","floor":18,"turns":4},{"damage":21,"enemies":"3 Byrds","floor":20,"turns":5},{"damage":33,"enemies":"Snecko","floor":21,"turns":5}],"seed_played":"-6206173303690069230","potions_obtained":[{"floor":4,"key":"Explosive Potion"},{"floor":7,"key":"Dexterity Potion"},{"floor":16,"key":"Strength Potion"}],"is_trial":false,"path_per_floor":["M","$","M","M","?","R","E","R","T","R","$","R","M","?","R","B",null,"M","$","M","M"],"character_chosen":"THE_SILENT","items_purchased":["Footwork","Flying Knee","Trip","Dodge and Roll"],"campfire_rested":0,"item_purchase_floors":[2,2,11,19],"current_hp_per_floor":[59,59,59,59,59,59,45,45,45,45,45,45,45,45,45,44,56,41,41,20,0],"gold":41,"neow_bonus":"THREE_CARDS","is_prod":false,"is_daily":false,"chose_seed":false,"campfire_upgraded":5,"win_rate":0,"timestamp":1553888165,"path_taken":["M","$","M","M","?","R","E","R","T","R","$","R","M","?","R","BOSS","M","$","M","M"],"build_version":"2019-01-23","purchased_purges":1,"victory":false,"max_hp_per_floor":[66,66,66,66,66,66,66,66,66,66,66,66,66,60,60,60,60,60,60,60,60],"card_choices":[{"not_picked":["Escape Plan","Predator"],"picked":"Quick Slash","floor":0},{"not_picked":["Flying Knee","Slice"],"picked":"Backflip","floor":1},{"not_picked":["Accuracy","Deflect"],"picked":"Well Laid Plans","floor":3},{"not_picked":["Tactician","Cloak And Dagger"],"picked":"Slice","floor":4},{"not_picked":["Quick Slash","Prepared"],"picked":"Backstab","floor":7},{"not_picked":["Setup","Underhanded Strike"],"picked":"Leg Sweep","floor":13},{"not_picked":["Bullet Time","Die Die Die"],"picked":"Envenom","floor":16},{"not_picked":["All Out Attack","Backflip"],"picked":"Endless Agony+1","floor":18},{"not_picked":["Skewer","Bouncing Flask"],"picked":"Catalyst","floor":20}],"player_experience":905127,"relics_obtained":[{"floor":7,"key":"Snake Skull"},{"floor":9,"key":"Shuriken"}],"event_choices":[{"damage_healed":0,"gold_gain":0,"player_choice":"Grow","damage_taken":0,"max_hp_gain":0,"max_hp_loss":0,"event_name":"Living Wall","floor":5,"gold_loss":0,"cards_upgraded":["Footwork"]},{"damage_healed":0,"gold_gain":0,"player_choice":"Lose Max HP","damage_taken":0,"relics_obtained":["Golden Idol"],"max_hp_gain":0,"max_hp_loss":6,"event_name":"Golden Idol","floor":14,"gold_loss":0}],"is_beta":false,"boss_relics":[{"not_picked":["Fusion Hammer","Black Star"],"picked":"Empty Cage"}],"items_purged_floors":[19],"is_endless":false,"potions_floor_spawned":[4,7,16,20],"killed_by":"Snecko","ascension_level":17}