{"gold_per_floor":[117,192,37,37,49,49,68,68,68,86,5,50,50,68,68,163,163,178,44,57,57,71,71,85,18,71,101,101,101,111,30,30,132,132,142,162,162,172,189,189,25,53,104,104,104,104,120,135,135,135,135,135,135,162,162],"floor_reached":55,"playtime":1821,"items_purged":["Defend_B","Normality","Hello World+1"],"score":805,"play_id":"e92261d5-3e6a-4b8d-8d40-b6e4066c4abd","local_time":"20190414205030","is_ascension_mode":true,"campfire_choices":[{"data":"Zap","floor":6,"key":"SMITH"},{"data":"Sunder","floor":8,"key":"SMITH"},{"data":"Capacitor","floor":13,"key":"SMITH"},{"data":"Glacier","floor":15,"key":"SMITH"},{"data":"Biased Cognition","floor":23,"key":"SMITH"},{"floor":28,"key":"REST"},{"floor":32,"key":"REST"},{"data":"Storm","floor":40,"key":"SMITH"},{"floor":44,"key":"RECALL"},{"data":"Defragment","floor":46,"key":"SMITH"},{"floor":49,"key":"REST"},{"data":"Static Discharge","floor":52,"key":"SMITH"}],"neow_cost":"NONE","seed_source_timestamp":263653927916015,"circlet_count":0,"master_deck":["Strike_B","Strike_B","Strike_B","Defend_B","Dualcast","Cold Snap","Capacitor+1","Sunder+1","Beam Cell","Loop","Glacier+1","Barrage","Electrodynamics","Decay","Doubt","Cold Snap+1","Capacitor","Defragment+1","Biased Cognition+1","Conserve Battery","Steam","Self Repair","Storm+1","Coolheaded","Defragment+1","Reboot","Compile Driver+1","Aggregate+1","Glacier","Hologram+1","Static Discharge+1","Sweeping Beam+1","Coolheaded+1","Core Surge"],"relics":["Cracked Core","Anchor","Pocketwatch","DataDisk","Calling Bell","Orichalcum","Kunai","Dead Branch","Meat on the Bone","Astrolabe","Pear","Ancient Tea Set","Art of War"],"potions_floor_usage":[50],"damage_taken":[{"damage":6,"enemies":"Cultist","floor":1,"turns":4},{"damage":0,"enemies":"Jaw Worm","floor":5,"turns":4},{"damage":2,"enemies":"Small Slimes","floor":7,"turns":2},{"damage":0,"enemies":"2 Fungi Beasts","floor":10,"turns":1},{"damage":0,"enemies":"Blue Slaver","floor":14,"turns":2},{"damage":13,"enemies":"The Guardian","floor":16,"turns":9},{"damage":25,"enemies":"2 Thieves","floor":18,"turns":3},{"damage":0,"enemies":"Shell Parasite","floor":20,"turns":6},{"damage":8,"enemies":"3 Cultists","floor":22,"turns":3},{"damage":2,"enemies":"Snake Plant","floor":24,"turns":4},{"damage":27,"enemies":"Slavers","floor":27,"turns":4},{"damage":9,"enemies":"Centurion and Healer","floor":30,"turns":5},{"damage":0,"enemies":"Collector","floor":33,"turns":8},{"damage":1,"enemies":"Orb Walker","floor":35,"turns":4},{"damage":0,"enemies":"3 Shapes","floor":36,"turns":4},{"damage":35,"enemies":"Jaw Worm Horde","floor":38,"turns":5},{"damage":14,"enemies":"Maw","floor":39,"turns":9},{"damage":0,"enemies":"Nemesis","floor":42,"turns":7},{"damage":12,"enemies":"4 Shapes","floor":47,"turns":4},{"damage":46,"enemies":"Jaw Worm Horde","floor":48,"turns":3},{"damage":7,"enemies":"Donu and Deca","floor":50,"turns":10},{"damage":54,"enemies":"Shield and Spear","floor":54,"turns":6},{"damage":53,"enemies":"The Heart","floor":55,"turns":3}],"seed_played":"2924791334165237307","potions_obtained":[{"floor":1,"key":"Explosive Potion"},{"floor":7,"key":"Ancient Potion"},{"floor":24,"key":"Poison Potion"}],"is_trial":false,"path_per_floor":["M","?","$","$","M","R","M","R","T","M","$","T","R","M","R","B",null,"M","$","M","?","M","R","M","$","T","E","R","?","M","$","R","B",null,"M","M","?","M","M","R","$","E","T","R","?","R","M","M","R","B",null,"R","$","E","B"],"character_chosen":"DEFECT","items_purchased":["Capacitor","Glacier","Capacitor","Self Repair","Defragment","Static Discharge"],"campfire_rested":3,"item_purchase_floors":[3,11,19,25,31,41],"current_hp_per_floor":[69,62,62,62,62,62,60,60,60,60,60,60,60,60,60,47,75,50,50,50,50,42,42,40,40,40,20,42,42,52,52,74,75,75,74,75,75,47,52,52,52,69,69,69,69,69,64,37,61,54,81,81,81,39,0],"gold":162,"neow_bonus":"RANDOM_COMMON_RELIC","is_prod":false,"is_daily":false,"chose_seed":false,"campfire_upgraded":8,"win_rate":0,"timestamp":1555293030,"path_taken":["M","?","?","$","M","R","M","R","T","M","$","?","R","M","R","BOSS","M","$","M","?","M","R","M","$","T","E","R","?","M","$","R","BOSS","M","M","?","M","M","R","$","E","T","R","?","R","M","M","R","BOSS","R","$","E","BOSS"],"build_version":"2019-01-23","purchased_purges":3,"victory":false,"max_hp_per_floor":[75,75,75,75,75,75,75,75,75,75,75,75,75,75,75,75,75,75,75,75,75,75,75,75,75,75,75,75,75,75,75,75,75,75,75,75,75,75,75,75,75,85,85,85,81,81,81,81,81,81,81,81,81,81,81],"card_choices":[{"not_picked":["Gash","Compile Driver"],"picked":"Cold Snap","floor":1},{"not_picked":["Conserve Battery","Blizzard"],"picked":"Sunder","floor":5},{"not_picked":["Gash","Capacitor"],"picked":"Beam Cell","floor":7},{"not_picked":["Beam Cell","Lockon"],"picked":"Loop","floor":10},{"not_picked":["Rebound","Recycle"],"picked":"Barrage","floor":14},{"not_picked":["Fission","Reboot"],"picked":"Electrodynamics","floor":16},{"not_picked":["Leap","Streamline"],"picked":"Cold Snap+1","floor":18},{"not_picked":["Redo","Streamline+1"],"picked":"Defragment+1","floor":20},{"not_picked":["Leap","Heatsinks"],"picked":"Conserve Battery","floor":22},{"not_picked":["Sweeping Beam","All For One"],"picked":"Steam","floor":24},{"not_picked":["Turbo+1","Compile Driver"],"picked":"Storm","floor":27},{"not_picked":["Beam Cell+1","Force Field"],"picked":"Coolheaded","floor":30},{"not_picked":["Electrodynamics","Fission"],"picked":"Reboot","floor":33},{"not_picked":["Genetic Algorithm","Steam+1"],"picked":"Glacier","floor":35},{"not_picked":["Compile Driver+1","Cold Snap","Genetic Algorithm+1"],"picked":"SKIP","floor":36},{"not_picked":["Auto Shields+1","Gash+1"],"picked":"Hologram+1","floor":38},{"not_picked":["Reinforced Body","Compile Driver+1","Streamline"],"picked":"SKIP","floor":39},{"not_picked":["Beam Cell+1","Melter+1"],"picked":"Sweeping Beam+1","floor":42},{"not_picked":["Genetic Algorithm+1","Heatsinks","Go for the Eyes+1"],"picked":"SKIP","floor":47},{"not_picked":["Barrage+1","Rebound+1"],"picked":"Coolheaded+1","floor":48},{"not_picked":["Static Discharge+1","Conserve Battery"],"picked":"Core Surge","floor":54}],"player_experience":176606,"relics_obtained":[{"floor":9,"key":"Pocketwatch"},{"floor":12,"key":"DataDisk"},{"floor":17,"key":"Orichalcum"},{"floor":17,"key":"Kunai"},{"floor":17,"key":"Dead Branch"},{"floor":27,"key":"Meat on the Bone"},{"floor":42,"key":"Pear"},{"floor":43,"key":"Ancient Tea Set"},{"floor":54,"key":"Art of War"}],"event_choices":[{"damage_healed":0,"gold_gain":75,"player_choice":"Touch","damage_taken":7,"max_hp_gain":0,"max_hp_loss":0,"event_name":"FaceTrader","floor":2,"gold_loss":0},{"damage_healed":0,"gold_gain":0,"player_choice":"Read","damage_taken":0,"max_hp_gain":0,"max_hp_loss":0,"event_name":"The Library","floor":21,"gold_loss":0,"cards_obtained":["Biased Cognition"]},{"damage_healed":0,"gold_gain":0,"player_choice":"Ignored","damage_taken":0,"max_hp_gain":0,"max_hp_loss":0,"event_name":"Cursed Tome","floor":29,"gold_loss":0},{"cards_removed":["Zap"],"damage_healed":0,"gold_gain":0,"player_choice":"Removed Skill","damage_taken":0,"max_hp_gain":0,"max_hp_loss":0,"event_name":"Falling","floor":37,"gold_loss":0},{"damage_healed":0,"gold_gain":0,"player_choice":"Max HP","damage_taken":0,"max_hp_gain":0,"max_hp_loss":4,"event_name":"Winding Halls","floor":45,"gold_loss":0}],"is_beta":false,"boss_relics":[{"not_picked":["White Beast Statue","Philosopher\u0027s Stone"],"picked":"Calling Bell"},{"not_picked":["Lizard Tail","Velvet Choker"],"picked":"Astrolabe"}],"items_purged_floors":[3,19,41],"is_endless":false,"potions_floor_spawned":[1,7,24,30,33,38,47,48],"killed_by":"The Heart","ascension_level":2}