{"gold_per_floor":[118,138,138,151,76,102,102,132,156,156,156,172,189,169],"floor_reached":14,"playtime":5907,"items_purged":["Regret"],"score":200,"play_id":"cb94e3f6-733f-4542-b1b2-e3cd2847bc03","local_time":"20190119230042","is_ascension_mode":true,"campfire_choices":[{"data":"Streamline","floor":7.0,"key":"SMITH"},{"data":"Rip and Tear","floor":11,"key":"SMITH"}],"neow_cost":"NONE","seed_source_timestamp":809898025920000,"circlet_count":0,"master_deck":["AscendersBane","Strike_B","Strike_B","Strike_B","Strike_B","Defend_B+1","Defend_B+1","Defend_B","Defend_B","Zap","Dualcast","Genetic Algorithm","FTL","Streamline+1","Rip and Tear+1","Coolheaded","Recycle","Self Repair"],"special_seed":0,"relics":["Cracked Core","War Paint","Smiling Mask","Gremlin Horn","Regal Pillow"],"potions_floor_usage":[8,13,13],"damage_taken":[{"damage":13.0,"enemies":"2 Louse","floor":1.0,"turns":2.0},{"damage":0.0,"enemies":"Cultist","floor":2.0,"turns":3.0},{"damage":9.0,"enemies":"Small Slimes","floor":4.0,"turns":3.0},{"damage":20.0,"enemies":"Lagavulin","floor":6.0,"turns":5.0},{"damage":11,"enemies":"Gremlin Nob","floor":8,"turns":3},{"damage":6,"enemies":"Looter","floor":12,"turns":2},{"damage":0,"enemies":"Blue Slaver","floor":13,"turns":2},{"damage":6,"enemies":"Exordium Thugs","floor":14,"turns":1}],"seed_played":"8773180570492738560","potions_obtained":[{"floor":2.0,"key":"Swift Potion"},{"floor":4.0,"key":"SteroidPotion"},{"floor":6.0,"key":"EssenceOfSteel"},{"floor":10,"key":"Dexterity Potion"}],"is_trial":false,"path_per_floor":["M","M","?","M","$","E","R","E","T","?","R","M","M","M"],"character_chosen":"DEFECT","items_purchased":[],"campfire_rested":0,"item_purchase_floors":[],"current_hp_per_floor":[51,51,51,42,42,22,22,11,11,11,11,5,5,0],"gold":169,"neow_bonus":"THREE_CARDS","is_prod":false,"is_daily":false,"chose_seed":false,"campfire_upgraded":2,"win_rate":0,"timestamp":1547935242,"path_taken":["M","M","?","M","$","E","R","E","T","?","R","?","M","M"],"build_version":"2019-01-17","purchased_purges":1,"victory":false,"max_hp_per_floor":[71,71,71,71,71,71,71,71,71,71,71,71,71,71],"card_choices":[{"not_picked":["Turbo","Conserve Battery"],"picked":"Genetic Algorithm","floor":0.0},{"not_picked":["Sweeping Beam","Stack"],"picked":"FTL","floor":1.0},{"not_picked":["Conserve Battery","Rebound"],"picked":"Streamline","floor":2.0},{"not_picked":["Leap","Ball Lightning"],"picked":"Rip and Tear","floor":4.0},{"not_picked":["Reprogram","Tempest","Blizzard"],"picked":"SKIP","floor":6.0},{"not_picked":["Conserve Battery","Rainbow"],"picked":"Coolheaded","floor":8},{"not_picked":["Barrage","Steam Power"],"picked":"Recycle","floor":12},{"not_picked":["Ball Lightning","Barrage"],"picked":"Self Repair","floor":13}],"player_experience":555633,"relics_obtained":[{"floor":6.0,"key":"Smiling Mask"},{"floor":8,"key":"Gremlin Horn"},{"floor":9,"key":"Regal Pillow"}],"event_choices":[{"damage_healed":0.0,"max_hp_gain":0.0,"max_hp_loss":0.0,"gold_gain":0.0,"event_name":"Big Fish","player_choice":"Box","floor":3.0,"gold_loss":0.0,"damage_taken":0.0,"relics_obtained":["War Paint"],"cards_obtained":["Regret"]},{"damage_healed":0,"gold_gain":0,"player_choice":"Got Potions","damage_taken":0,"max_hp_gain":0,"max_hp_loss":0,"event_name":"Lab","floor":10,"gold_loss":0}],"is_beta":true,"boss_relics":[],"items_purged_floors":[5],"is_endless":false,"potions_floor_spawned":[2,4,6,12],"killed_by":"Exordium Thugs","ascension_level":20}