{"gold_per_floor":[109,127,147,147,165,165,197,212,235,235,265,283,283,303,303,407,407,422,437,457,470,480,480,514,514,514,514,541,541,47,57,57,153,153,166,166,177,0,0,0,35,35,35,65,82,110,110,110,110,110],"floor_reached":51,"playtime":6960,"items_purged":["Decay"],"score":813,"play_id":"d544465b-a4b4-4796-b931-a7f78ecc96de","local_time":"20180730035053","is_ascension_mode":true,"campfire_choices":[{"data":"Sweeping Beam","floor":6,"key":"SMITH"},{"data":"Seek","floor":10,"key":"SMITH"},{"data":"Go for the Eyes","floor":13,"key":"SMITH"},{"data":"Dualcast","floor":15,"key":"SMITH"},{"data":"Hyperbeam","floor":23,"key":"SMITH"},{"floor":25,"key":"REST"},{"floor":27,"key":"REST"},{"data":"Chill","floor":32,"key":"SMITH"},{"data":"Go for the Eyes","floor":40,"key":"SMITH"},{"data":"FTL","floor":42,"key":"SMITH"},{"data":"Defragment","floor":47,"key":"SMITH"},{"data":"Coolheaded","floor":49,"key":"SMITH"}],"neow_cost":"NONE","seed_source_timestamp":461846890063883,"circlet_count":0,"master_deck":["Strike_B","Strike_B","Defend_B","Defend_B","Zap+1","Dualcast+1","Melter","Sweeping Beam+1","Cold Snap","Conserve Battery","Seek+1","Compile Driver","Go for the Eyes+1","Conserve Battery","Auto Shields","Hyperbeam+1","Ball Lightning+1","Loop+1","Machine Learning+1","Chill+1","Coolheaded+1","Go for the Eyes+1","Ball Lightning+1","Stack","FTL+1","Barrage","Conserve Battery+1","Barrage+1","Decay","Defragment+1","Stack","Steam+1"],"relics":["Cracked Core","Nunchaku","Dream Catcher","Odd Mushroom","Astrolabe","Vajra","Bottled Lightning","Pen Nib","Bag of Preparation","Runic Capacitor","Cursed Key","Red Mask","Oddly Smooth Stone","Mummified Hand","Omamori"],"potions_floor_usage":[16,18,22,33,41,41,50,50,50,50,50,50],"damage_taken":[{"damage":0,"enemies":"Small Slimes","floor":1,"turns":3},{"damage":2,"enemies":"Jaw Worm","floor":2,"turns":3},{"damage":0,"enemies":"2 Louse","floor":3,"turns":2},{"damage":5,"enemies":"Exordium Wildlife","floor":5,"turns":3},{"damage":23,"enemies":"3 Sentries","floor":7,"turns":6},{"damage":2,"enemies":"Looter","floor":8,"turns":2},{"damage":3,"floor":11,"turns":3},{"damage":0,"enemies":"Gremlin Gang","floor":12,"turns":3},{"damage":12,"enemies":"Lots of Slimes","floor":14,"turns":3},{"damage":7,"enemies":"The Guardian","floor":16,"turns":12},{"damage":0,"enemies":"2 Thieves","floor":18,"turns":1},{"damage":2,"enemies":"Shell Parasite","floor":19,"turns":3},{"damage":5,"enemies":"Centurion and Healer","floor":20,"turns":6},{"damage":17,"enemies":"Snake Plant","floor":21,"turns":4},{"damage":8,"enemies":"Chosen and Byrds","floor":22,"turns":6},{"damage":29,"enemies":"Book of Stabbing","floor":24,"turns":6},{"damage":0,"enemies":"Centurion and Healer","floor":31,"turns":3},{"damage":25,"enemies":"Collector","floor":33,"turns":8},{"damage":15,"enemies":"3 Darklings","floor":35,"turns":3},{"damage":0,"enemies":"3 Shapes","floor":37,"turns":4},{"damage":9,"enemies":"2 Orb Walkers","floor":41,"turns":2},{"damage":14,"enemies":"Nemesis","floor":44,"turns":7},{"damage":0,"enemies":"Spire Growth","floor":45,"turns":3},{"damage":18,"enemies":"Giant Head","floor":46,"turns":7},{"damage":1,"enemies":"Donu and Deca","floor":50,"turns":8}],"seed_played":"3222445164701442352","potions_obtained":[{"floor":3,"key":"FearPotion"},{"floor":7,"key":"Energy Potion"},{"floor":8,"key":"SpeedPotion"},{"floor":12,"key":"SteroidPotion"},{"floor":19,"key":"SkillPotion"},{"floor":24,"key":"Dexterity Potion"},{"floor":33,"key":"SkillPotion"},{"floor":35,"key":"EntropicBrew"},{"floor":37,"key":"SteroidPotion"},{"floor":41,"key":"SpeedPotion"},{"floor":46,"key":"FocusPotion"}],"is_trial":false,"path_per_floor":["M","M","M","?","M","R","E","M","T","R","?","M","R","M","R","B",null,"M","M","M","M","M","R","E","R","T","R","T","?","$","M","R","B",null,"M","?","M","?","$","R","E","R","T","E","M","E","R","?","R","B"],"character_chosen":"DEFECT","items_purchased":["Bag of Preparation","Runic Capacitor","FTL"],"campfire_rested":2,"item_purchase_floors":[30,30,30],"current_hp_per_floor":[75,73,73,78,73,73,50,48,48,48,45,45,45,33,33,26,80,80,78,73,56,48,48,19,43,43,67,67,67,67,67,67,42,80,65,65,65,65,65,65,56,56,56,42,42,24,24,44,44,43],"gold":110,"neow_bonus":"UPGRADE_CARD","is_prod":false,"is_daily":false,"chose_seed":false,"campfire_upgraded":10,"win_rate":0,"timestamp":1532886653,"path_taken":["M","M","M","?","M","R","E","M","T","R","?","?","R","M","R","BOSS","M","M","M","M","?","R","E","R","T","R","?","?","$","M","R","BOSS","M","?","M","?","$","R","E","R","T","E","M","E","R","?","R","BOSS"],"build_version":"2018-07-26","purchased_purges":1,"victory":true,"max_hp_per_floor":[75,75,75,80,80,80,80,80,80,80,80,80,80,80,80,80,80,80,80,80,80,80,80,80,80,80,80,80,80,80,80,80,80,80,80,80,80,80,80,80,80,80,80,80,80,80,80,80,80,80],"card_choices":[{"not_picked":["Stack","Doom and Gloom"],"picked":"Melter","floor":1},{"not_picked":["Stack","Barrage"],"picked":"Sweeping Beam","floor":2},{"not_picked":["Darkness","Gash"],"picked":"Cold Snap","floor":3},{"not_picked":["Barrage","Loop"],"picked":"Conserve Battery","floor":5},{"not_picked":["Barrage","Cold Snap"],"picked":"Seek","floor":7},{"not_picked":["Hologram","Doom and Gloom"],"picked":"Compile Driver","floor":8},{"not_picked":["Double Energy","Static Discharge"],"picked":"Go for the Eyes","floor":11},{"not_picked":["Cold Snap","Streamline"],"picked":"Conserve Battery","floor":12},{"not_picked":["Hello World","Doom and Gloom"],"picked":"Auto Shields","floor":14},{"not_picked":["Multi-Cast","All For One"],"picked":"Hyperbeam","floor":16},{"not_picked":["Streamline","Gash"],"picked":"Chill","floor":18},{"not_picked":["Beam Cell","Streamline"],"picked":"Coolheaded","floor":19},{"not_picked":["Meteor Strike","Rip and Tear"],"picked":"Go for the Eyes","floor":20},{"not_picked":["Sweeping Beam","Chaos","Gash+1"],"picked":"SKIP","floor":21},{"not_picked":["Cold Snap","Core Surge"],"picked":"Ball Lightning+1","floor":22},{"not_picked":["Conserve Battery","Go for the Eyes"],"picked":"Stack","floor":24},{"not_picked":["Rebound","Scrape","Hologram+1"],"picked":"SKIP","floor":31},{"not_picked":["Conserve Battery","Gash"],"picked":"Barrage","floor":35},{"not_picked":["Melter","Chaos"],"picked":"Conserve Battery+1","floor":37},{"not_picked":["Rebound+1","Turbo"],"picked":"Barrage+1","floor":41},{"not_picked":["Streamline+1","Leap"],"picked":"Defragment","floor":44},{"not_picked":["Genetic Algorithm+1","Darkness+1"],"picked":"Stack","floor":45},{"not_picked":["Sweeping Beam+1","Creative AI"],"picked":"Steam+1","floor":46}],"player_experience":270224,"relics_obtained":[{"floor":7,"key":"Nunchaku"},{"floor":9,"key":"Dream Catcher"},{"floor":11,"key":"Odd Mushroom"},{"floor":24,"key":"Vajra"},{"floor":26,"key":"Bottled Lightning"},{"floor":28,"key":"Pen Nib"},{"floor":41,"key":"Oddly Smooth Stone"},{"floor":44,"key":"Mummified Hand"},{"floor":46,"key":"Omamori"}],"event_choices":[{"event_name":"Big Fish","player_choice":"Donut","floor":4,"damage_taken":0},{"event_name":"Mushrooms","player_choice":"Fought Mushrooms","floor":11,"damage_taken":0},{"event_name":"Forgotten Altar","player_choice":"Smashed Altar","floor":29,"damage_taken":0},{"event_name":"Purifier","player_choice":"One Purge","floor":36,"damage_taken":0},{"event_name":"Tomb of Lord Red Mask","player_choice":"Paid","floor":38,"damage_taken":0},{"event_name":"Winding Halls","player_choice":"Writhe","floor":48,"damage_taken":0}],"is_beta":false,"boss_relics":[{"not_picked":["Tiny House","Snecko Eye"],"picked":"Astrolabe"},{"not_picked":["Orrery","Eternal Feather"],"picked":"Cursed Key"}],"items_purged_floors":[30],"is_endless":false,"potions_floor_spawned":[3,7,8,12,14,19,24,33,35,37,41,46],"ascension_level":3}