{"gold_per_floor":[109,184,184,203,203,203,228,228,228,245,195,210,210,229,229,333,333,344,108,98,114,124,124,0,0,0,0,12,28,28,44,44,147,147,147,72,91,91,107,107,123,123,198,18,18,118,118,151,151,151],"floor_reached":51,"playtime":3923,"items_purged":["Strike_G"],"score":685,"play_id":"6ab5d47d-e8ac-4268-b624-ab1d9b4efc4c","local_time":"20190221011348","is_ascension_mode":true,"campfire_choices":[{"data":"Neutralize","floor":6,"key":"SMITH"},{"data":"Backflip","floor":8,"key":"SMITH"},{"data":"Venomology","floor":15,"key":"SMITH"},{"floor":23,"key":"REST"},{"floor":25,"key":"REST"},{"data":"Survivor","floor":27,"key":"SMITH"},{"data":"Cloak And Dagger","floor":32,"key":"SMITH"},{"data":"Accuracy","floor":40,"key":"SMITH"},{"floor":42,"key":"REST"},{"data":"Cloak And Dagger","floor":45,"key":"SMITH"},{"data":"Prepared","floor":47,"key":"SMITH"},{"data":"Burst","floor":49,"key":"SMITH"}],"neow_cost":"NONE","seed_source_timestamp":1026443148659367,"circlet_count":0,"master_deck":["Defend_G","Defend_G+1","Defend_G","Defend_G","Strike_G","Strike_G+1","Survivor+1","Neutralize+1","Blade Dance+1","Slice","Backflip+1","Venomology+1","Dagger Spray","Infinite Blades","Malaise","Infinite Blades","Infinite Blades","Prepared+1","Finisher+1","Predator","Cloak And Dagger+1","Adrenaline","Blur","Accuracy+1","Backflip","Cloak And Dagger+1","Burst+1"],"relics":["Ring of the Snake","NeowsBlessing","Centennial Puzzle","Nunchaku","Empty Cage","Potion Belt","Ornamental Fan","Lizard Tail","The Courier","Pen Nib","Happy Flower"],"potions_floor_usage":[12,16,16,16,16,20,20,21,21,29,29,29,29,31,33,33,35,39,39,41,50,50,50,50,50],"damage_taken":[{"damage":0,"enemies":"Cultist","floor":1,"turns":1},{"damage":0,"enemies":"Small Slimes","floor":4,"turns":1},{"damage":0,"enemies":"3 Sentries","floor":7,"turns":1},{"damage":0,"enemies":"Jaw Worm","floor":10,"turns":3},{"damage":1,"enemies":"Large Slime","floor":12,"turns":5},{"damage":0,"enemies":"2 Fungi Beasts","floor":14,"turns":3},{"damage":7,"enemies":"The Guardian","floor":16,"turns":13},{"damage":24,"enemies":"Spheric Guardian","floor":18,"turns":6},{"damage":10,"enemies":"2 Thieves","floor":20,"turns":4},{"damage":14,"enemies":"Snake Plant","floor":21,"turns":7},{"damage":27,"enemies":"Centurion and Healer","floor":22,"turns":6},{"damage":10,"enemies":"Snecko","floor":28,"turns":6},{"damage":0,"enemies":"Snake Plant","floor":29,"turns":4},{"damage":11,"enemies":"Shelled Parasite and Fungi","floor":31,"turns":5},{"damage":35,"enemies":"Champ","floor":33,"turns":12},{"damage":9,"enemies":"3 Shapes","floor":35,"turns":2},{"damage":13,"enemies":"3 Darklings","floor":37,"turns":5},{"damage":6,"enemies":"Sphere and 2 Shapes","floor":39,"turns":5},{"damage":4,"enemies":"Spire Growth","floor":41,"turns":4},{"damage":11,"enemies":"Giant Head","floor":48,"turns":7},{"damage":28,"enemies":"Awakened One","floor":50,"turns":10}],"seed_played":"4889766888168483183","potions_obtained":[{"floor":12,"key":"Poison Potion"},{"floor":14,"key":"Regen Potion"},{"floor":16,"key":"Dexterity Potion"},{"floor":21,"key":"Poison Potion"},{"floor":22,"key":"LiquidBronze"},{"floor":29,"key":"SpeedPotion"},{"floor":33,"key":"Strength Potion"},{"floor":37,"key":"EssenceOfSteel"},{"floor":48,"key":"Energy Potion"}],"is_trial":false,"path_per_floor":["M","?","?","M","?","R","E","R","T","M","?","M","?","M","R","B",null,"M","$","M","M","M","R","?","R","T","R","M","M","?","M","R","B",null,"M","$","M","?","M","R","M","R","T","$","R","?","R","E","R","B",null],"character_chosen":"THE_SILENT","items_purchased":["Infinite Blades","Potion Belt","Pen Nib","Backflip","Cloak And Dagger"],"campfire_rested":3,"item_purchase_floors":[19,19,44,44,44],"current_hp_per_floor":[70,59,59,59,59,59,59,59,59,59,59,69,55,55,55,63,70,46,46,50,36,9,30,30,51,51,51,41,41,64,53,53,18,70,61,61,48,48,42,42,38,59,59,59,59,59,59,48,48,20],"gold":151,"neow_bonus":"THREE_ENEMY_KILL","is_prod":false,"is_daily":false,"chose_seed":false,"campfire_upgraded":9,"win_rate":0,"timestamp":1550729628,"path_taken":["M","?","?","M","?","R","E","R","T","M","?","M","?","M","R","BOSS","M","$","M","M","M","R","?","R","T","R","M","M","?","M","R","BOSS","M","$","M","?","M","R","?","R","T","$","R","?","R","E","R","BOSS"],"build_version":"2019-01-23","purchased_purges":1,"victory":true,"max_hp_per_floor":[70,70,70,70,70,70,70,70,70,70,70,70,70,70,70,70,70,70,70,70,70,70,70,70,70,70,70,70,70,70,70,70,70,70,70,70,70,70,70,70,70,70,70,70,70,70,70,70,70,70],"card_choices":[{"not_picked":["Flying Knee","Outmaneuver"],"picked":"Blade Dance","floor":1},{"not_picked":["Dash","Bane"],"picked":"Slice","floor":4},{"not_picked":["Outmaneuver","Sucker Punch"],"picked":"Backflip","floor":7},{"not_picked":["Bouncing Flask","Catalyst"],"picked":"Venomology","floor":10},{"not_picked":["Riddle With Holes","Acrobatics"],"picked":"Dagger Spray","floor":12},{"not_picked":["Backflip","Dodge and Roll"],"picked":"Infinite Blades","floor":14},{"not_picked":["Doppelganger","Tools of the Trade"],"picked":"Malaise","floor":16},{"not_picked":["Dagger Spray+1","Sucker Punch+1","Deadly Poison+1"],"picked":"SKIP","floor":18},{"not_picked":["Caltrops","Sucker Punch"],"picked":"Infinite Blades","floor":20},{"not_picked":["Crippling Poison","Quick Slash","Distraction"],"picked":"SKIP","floor":21},{"not_picked":["Riddle With Holes","Underhanded Strike"],"picked":"Prepared","floor":22},{"not_picked":["Poisoned Stab","Slice+1"],"picked":"Finisher","floor":28},{"not_picked":["Dagger Spray","Slice"],"picked":"Predator","floor":29},{"not_picked":["Catalyst+1","Deadly Poison"],"picked":"Cloak And Dagger","floor":31},{"not_picked":["Unload","Tools of the Trade"],"picked":"Adrenaline","floor":33},{"not_picked":["Quick Slash+1","Bouncing Flask"],"picked":"Blur","floor":37},{"not_picked":["Masterful Stab+1","Acrobatics+1"],"picked":"Accuracy","floor":39},{"not_picked":["Terror+1","All Out Attack+1","Riddle With Holes"],"picked":"SKIP","floor":41},{"not_picked":["Quick Slash","Flechettes+1"],"picked":"Burst","floor":48}],"player_experience":816538,"relics_obtained":[{"floor":7,"key":"Centennial Puzzle"},{"floor":9,"key":"Nunchaku"},{"floor":26,"key":"Ornamental Fan"},{"floor":43,"key":"The Courier"},{"floor":48,"key":"Happy Flower"}],"event_choices":[{"damage_healed":0,"gold_gain":75,"player_choice":"Gather Gold","damage_taken":11,"max_hp_gain":0,"max_hp_loss":0,"event_name":"World of Goop","floor":2,"gold_loss":0},{"damage_healed":0,"gold_gain":0,"player_choice":"Grow","damage_taken":0,"max_hp_gain":0,"max_hp_loss":0,"event_name":"Living Wall","floor":3,"gold_loss":0,"cards_upgraded":["Blade Dance"]},{"damage_healed":0,"gold_gain":0,"player_choice":"Ignored","damage_taken":0,"max_hp_gain":0,"max_hp_loss":0,"event_name":"Liars Game","floor":5,"gold_loss":0},{"cards_removed":["Strike_G"],"damage_healed":0,"gold_gain":0,"player_choice":"Card Removal","damage_taken":0,"max_hp_gain":0,"max_hp_loss":0,"event_name":"The Cleric","floor":11,"gold_loss":50},{"damage_healed":0,"gold_gain":0,"player_choice":"Entered Light","damage_taken":14,"max_hp_gain":0,"max_hp_loss":0,"event_name":"Shining Light","floor":13,"gold_loss":0,"cards_upgraded":["Strike_G","Defend_G"]},{"damage_healed":0,"gold_gain":0,"player_choice":"Paid Fearfully","damage_taken":0,"max_hp_gain":0,"max_hp_loss":0,"event_name":"Masked Bandits","floor":24,"gold_loss":124},{"damage_healed":23,"gold_gain":0,"player_choice":"Heal","damage_taken":0,"max_hp_gain":0,"max_hp_loss":0,"event_name":"The Library","floor":30,"gold_loss":0},{"damage_healed":0,"gold_gain":0,"player_choice":"Upgraded","damage_taken":0,"max_hp_gain":0,"max_hp_loss":0,"event_name":"Upgrade Shrine","floor":38,"gold_loss":0,"cards_upgraded":["Finisher"]},{"damage_healed":0,"gold_gain":100,"player_choice":"Pray","damage_taken":0,"max_hp_gain":0,"max_hp_loss":0,"event_name":"Golden Shrine","floor":46,"gold_loss":0}],"is_beta":false,"boss_relics":[{"not_picked":["Sozu","Runic Dome"],"picked":"Empty Cage"},{"not_picked":["Coffee Dripper","Velvet Choker"],"picked":"Lizard Tail"}],"items_purged_floors":[36],"is_endless":false,"potions_floor_spawned":[12,14,16,21,22,29,33,35,37,48],"ascension_level":1}