{"gold_per_floor":[116,116,66,66,78,78,97,117,117,34,47,67,83,96,96,201,201,215,231,231,243,243],"floor_reached":22,"playtime":1221,"items_purged":[],"score":182,"play_id":"e0f67a8e-b7f9-4916-b7f9-151e39ec7aed","local_time":"20190316235846","is_ascension_mode":false,"campfire_choices":[{"data":"Body Slam","floor":6.0,"key":"SMITH"},{"data":"Entrench","floor":15.0,"key":"SMITH"}],"neow_cost":"NONE","seed_source_timestamp":601159377036885,"circlet_count":0,"master_deck":["Strike_R","Strike_R","Strike_R","Strike_R","Defend_R","Defend_R","Defend_R","Bash","Armaments+1","Body Slam+1","Whirlwind","Second Wind","Discovery","True Grit","Body Slam","Entrench+1","Feed","Shrug It Off"],"special_seed":0,"relics":["Runic Dome"],"potions_floor_usage":[19,21],"damage_taken":[{"damage":0.0,"enemies":"Cultist","floor":1.0,"turns":3.0},{"damage":0.0,"enemies":"Small Slimes","floor":5.0,"turns":2.0},{"damage":6.0,"enemies":"Jaw Worm","floor":7.0,"turns":2.0},{"damage":0.0,"enemies":"Gremlin Gang","floor":8.0,"turns":1.0},{"damage":8.0,"enemies":"Red Slaver","floor":11.0,"turns":3.0},{"damage":12.0,"enemies":"2 Fungi Beasts","floor":12.0,"turns":2.0},{"damage":0.0,"enemies":"Exordium Wildlife","floor":13.0,"turns":4.0},{"damage":0.0,"enemies":"Red Slaver","floor":14.0,"turns":2.0},{"damage":24.0,"enemies":"Slime Boss","floor":16.0,"turns":9.0},{"damage":9.0,"enemies":"2 Thieves","floor":18.0,"turns":4.0},{"damage":6,"enemies":"Shell Parasite","floor":19,"turns":6},{"damage":38,"enemies":"Centurion and Healer","floor":21,"turns":5},{"damage":36,"enemies":"Cultist and Chosen","floor":22,"turns":4}],"seed_played":"7912042865903617991","potions_obtained":[{"floor":5.0,"key":"EssenceOfSteel"},{"floor":12.0,"key":"SkillPotion"},{"floor":13.0,"key":"Swift Potion"},{"floor":16.0,"key":"SkillPotion"},{"floor":19,"key":"Energy Potion"}],"is_trial":false,"path_per_floor":["M","?","?","?","M","R","M","M","T","$","M","M","M","M","R","B",null,"M","M","?","M","M"],"character_chosen":"IRONCLAD","items_purchased":["Discovery"],"campfire_rested":0,"item_purchase_floors":[10],"current_hp_per_floor":[80,80,80,80,80,80,74,74,74,74,66,54,54,54,54,30,80,71,65,65,27,0],"gold":243,"neow_bonus":"BOSS_RELIC","is_prod":false,"is_daily":false,"chose_seed":false,"campfire_upgraded":2,"win_rate":0,"timestamp":1552795126,"path_taken":["M","?","?","?","M","R","M","M","T","$","M","M","M","M","R","BOSS","M","M","?","M","M"],"build_version":"2019-01-23","purchased_purges":0,"victory":false,"max_hp_per_floor":[80,80,80,80,80,80,80,80,80,80,80,80,80,80,80,80,80,80,80,80,80,80],"card_choices":[{"not_picked":["Flex","Warcry"],"picked":"Armaments","floor":1.0},{"not_picked":["Thunderclap","Iron Wave"],"picked":"Body Slam","floor":5.0},{"not_picked":["Clothesline","Havoc"],"picked":"Whirlwind","floor":7.0},{"not_picked":["Anger","Seeing Red"],"picked":"Second Wind","floor":8.0},{"not_picked":["Warcry","Thunderclap","Anger"],"picked":"SKIP","floor":11.0},{"not_picked":["Headbutt","Bludgeon"],"picked":"True Grit","floor":12.0},{"not_picked":["Dual Wield","Armaments"],"picked":"Body Slam","floor":13.0},{"not_picked":["Pommel Strike","Fiend Fire"],"picked":"Entrench","floor":14.0},{"not_picked":["Reaper","Offering"],"picked":"Feed","floor":16.0},{"not_picked":["Carnage","Burning Pact","Rampage"],"picked":"SKIP","floor":18.0},{"not_picked":["Clash","Blood for Blood"],"picked":"Shrug It Off","floor":19},{"not_picked":["Wild Strike","Havoc+1","Cleave+1"],"picked":"SKIP","floor":21}],"player_experience":870529,"relics_obtained":[],"event_choices":[{"damage_healed":0.0,"max_hp_gain":0.0,"max_hp_loss":0.0,"gold_gain":0.0,"event_name":"Golden Idol","player_choice":"Ignored","floor":2.0,"gold_loss":0.0,"damage_taken":0.0},{"cards_removed":["Defend_R"],"damage_healed":0.0,"max_hp_gain":0.0,"max_hp_loss":0.0,"gold_gain":0.0,"event_name":"The Cleric","player_choice":"Card Removal","floor":3.0,"gold_loss":50.0,"damage_taken":0.0},{"damage_healed":0.0,"max_hp_gain":0.0,"max_hp_loss":0.0,"gold_gain":0.0,"event_name":"Living Wall","player_choice":"Grow","floor":4.0,"gold_loss":0.0,"damage_taken":0.0,"cards_upgraded":["Armaments"]},{"cards_removed":["Strike_R"],"damage_healed":0,"gold_gain":0,"player_choice":"Purged","damage_taken":0,"max_hp_gain":0,"max_hp_loss":0,"event_name":"Purifier","floor":20,"gold_loss":0}],"is_beta":false,"boss_relics":[{"not_picked":[]}],"items_purged_floors":[],"is_endless":false,"potions_floor_spawned":[5,12,13,14,16,19],"killed_by":"Cultist and Chosen","ascension_level":0}