{"gold_per_floor":[117,117,130,130,145,145,172,172,172,205,225,225],"floor_reached":12,"playtime":472,"items_purged":[],"score":114,"play_id":"8044c468-503c-436b-a85d-80cff837ea19","local_time":"20190420205810","is_ascension_mode":true,"campfire_choices":[{"data":"Flechettes","floor":6.0,"key":"SMITH"},{"floor":8,"key":"REST"}],"neow_cost":"NONE","seed_source_timestamp":777980182736716,"circlet_count":0,"master_deck":["Defend_G","Defend_G","Defend_G","Defend_G","Defend_G","Strike_G","Strike_G","Strike_G","Strike_G","Strike_G","Survivor","Neutralize","Backflip","Regret","Expertise","Jack Of All Trades","Neutralize","Glass Knife","Flechettes+1","PiercingWail","Prepared"],"special_seed":0,"relics":["Ring of the Snake","NeowsBlessing","Boot","Bronze Scales","Kunai","Happy Flower"],"potions_floor_usage":[7,12],"damage_taken":[{"damage":0.0,"enemies":"Jaw Worm","floor":1.0,"turns":1.0},{"damage":0.0,"enemies":"2 Louse","floor":3.0,"turns":1.0},{"damage":0.0,"enemies":"Cultist","floor":5.0,"turns":1.0},{"damage":34,"enemies":"Gremlin Nob","floor":7,"turns":4},{"damage":20,"enemies":"3 Sentries","floor":10,"turns":11},{"damage":11,"enemies":"2 Fungi Beasts","floor":11,"turns":2},{"damage":17,"enemies":"Lagavulin","floor":12,"turns":5}],"seed_played":"-4856333821509845936","potions_obtained":[{"floor":5.0,"key":"PowerPotion"},{"floor":7,"key":"Energy Potion"}],"is_trial":false,"path_per_floor":["M","?","M","?","M","R","E","R","T","E","M","E"],"character_chosen":"THE_SILENT","items_purchased":[],"campfire_rested":1,"item_purchase_floors":[],"current_hp_per_floor":[63,63,63,63,63,63,29,50,50,30,19,2],"gold":225,"neow_bonus":"THREE_ENEMY_KILL","is_prod":false,"is_daily":false,"chose_seed":false,"campfire_upgraded":1,"win_rate":0,"timestamp":1555761490,"path_taken":["M","?","M","?","?","R","E","R","T","E","M","E"],"build_version":"2019-01-23","purchased_purges":0,"victory":false,"max_hp_per_floor":[70,70,70,70,70,70,70,70,70,70,70,70],"card_choices":[{"not_picked":["Bane","Flying Knee"],"picked":"Backflip","floor":1.0},{"not_picked":["Dagger Spray","Infinite Blades"],"picked":"Expertise","floor":3.0},{"not_picked":["Cloak And Dagger","Poisoned Stab"],"picked":"Flechettes","floor":5.0},{"not_picked":["Choke","Poisoned Stab"],"picked":"PiercingWail","floor":7},{"not_picked":["Blade Dance","Skewer"],"picked":"Prepared","floor":10},{"not_picked":["Endless Agony","Finisher","Sucker Punch"],"picked":"SKIP","floor":11}],"player_experience":650243,"relics_obtained":[{"floor":7,"key":"Bronze Scales"},{"floor":9,"key":"Kunai"},{"floor":10,"key":"Happy Flower"}],"event_choices":[{"damage_healed":0.0,"max_hp_gain":0.0,"max_hp_loss":0.0,"gold_gain":0.0,"event_name":"Big Fish","player_choice":"Box","floor":2.0,"gold_loss":0.0,"damage_taken":0.0,"relics_obtained":["Boot"],"cards_obtained":["Regret"]},{"damage_healed":0.0,"max_hp_gain":0.0,"max_hp_loss":0.0,"gold_gain":0.0,"event_name":"Match and Keep!","player_choice":"3 cards matched","floor":4.0,"gold_loss":0.0,"damage_taken":0.0,"cards_obtained":["Jack Of All Trades","Neutralize","Glass Knife"]}],"is_beta":false,"boss_relics":[],"items_purged_floors":[],"is_endless":false,"potions_floor_spawned":[5,7],"killed_by":"Lagavulin","ascension_level":6}