{"gold_per_floor":[112,131,151,170,95,95,130,130,157,157,257,257,281,324,324,455,455,471,490,405,236,254,290,25,25,25,25,53,53,87,87,87,184,184,200,275,81,95,95,153,166,166],"floor_reached":42,"playtime":3728,"items_purged":["Defend_B","Strike_B","Defend_B"],"score":648,"play_id":"b563c07d-f647-4768-b574-292cd3f6a94e","local_time":"20180801000027","is_ascension_mode":true,"campfire_choices":[{"data":"Zap","floor":6.0,"key":"SMITH"},{"data":"Auto Shields","floor":10.0,"key":"SMITH"},{"data":"Defend_B","floor":15.0,"key":"SMITH"},{"data":"Defragment","floor":25.0,"key":"SMITH"},{"data":"Capacitor","floor":29.0,"key":"SMITH"},{"data":"Sunder","floor":32.0,"key":"SMITH"}],"neow_cost":"NONE","seed_source_timestamp":0,"circlet_count":0,"master_deck":["Strike_B","Strike_B","Strike_B","Defend_B","Defend_B+1","Zap+1","Dualcast","Steam+1","Self Repair","Conserve Battery+1","Auto Shields+1","Electrodynamics","Core Surge","Steam+1","Chill","Defragment+1","Capacitor+1","Sunder+1","Stack+1","Ball Lightning+1","Seek","Scrape","Ball Lightning","Master of Strategy","Dark Shackles","Secret Technique","Go for the Eyes","Cold Snap"],"special_seed":0,"relics":["Cracked Core","Ancient Tea Set","Boot","Bloody Idol","DataDisk","Pen Nib","Runic Dome","Dream Catcher","MawBank","Bag of Preparation","Bottled Lightning","Bag of Marbles","Gremlin Horn","Inserter","Tiny Chest"],"potions_floor_usage":[40,42,42,42],"damage_taken":[{"damage":0.0,"enemies":"2 Louse","floor":1.0,"turns":3.0},{"damage":0.0,"enemies":"Small Slimes","floor":2.0,"turns":3.0},{"damage":5.0,"enemies":"Cultist","floor":3.0,"turns":4.0},{"damage":6.0,"enemies":"Looter","floor":4.0,"turns":3.0},{"damage":12.0,"enemies":"Gremlin Nob","floor":7.0,"turns":4.0},{"damage":0.0,"enemies":"3 Sentries","floor":14.0,"turns":8.0},{"damage":38.0,"enemies":"Hexaghost","floor":16.0,"turns":11.0},{"damage":7.0,"enemies":"3 Byrds","floor":18.0,"turns":3.0},{"damage":18.0,"enemies":"Shell Parasite","floor":19.0,"turns":5.0},{"damage":16.0,"enemies":"Snecko","floor":22.0,"turns":6.0},{"damage":14.0,"enemies":"Gremlin Leader","floor":23.0,"turns":8.0},{"damage":20.0,"enemies":"Book of Stabbing","floor":28.0,"turns":6.0},{"damage":0.0,"enemies":"Gremlin Leader","floor":30.0,"turns":5.0},{"damage":41.0,"enemies":"Automaton","floor":33.0,"turns":9.0},{"damage":0,"enemies":"3 Shapes","floor":35,"turns":2},{"damage":0,"enemies":"3 Darklings","floor":38,"turns":5},{"damage":15,"enemies":"2 Orb Walkers","floor":40,"turns":4},{"damage":12,"enemies":"Maw","floor":41,"turns":7},{"damage":89,"enemies":"Giant Head","floor":42,"turns":9}],"seed_played":"1759202968888536667","potions_obtained":[{"floor":18.0,"key":"Energy Potion"},{"floor":22.0,"key":"Explosive Potion"},{"floor":33.0,"key":"Dexterity Potion"}],"is_trial":false,"path_per_floor":["M","M","M","M","$","R","E","?","T","R","?","?","T","E","R","B",null,"M","M","?","$","M","E","$","R","T","?","E","R","E","?","R","B",null,"M","?","$","M","?","E","M"],"character_chosen":"DEFECT","items_purchased":["Defragment","Sunder","Bag of Preparation","EntropicBrew","Scrape"],"campfire_rested":0,"item_purchase_floors":[21,24,24,24,37],"current_hp_per_floor":[75,75,75,69,69,69,64,49,49,49,49,49,49,56,56,25,69,69,58,58,58,49,42,42,42,42,42,34,34,46,46,46,17,69,69,63,63,69,59,61,61,0],"gold":166,"neow_bonus":"THREE_SMALL_POTIONS","is_prod":false,"is_daily":false,"chose_seed":false,"campfire_upgraded":6,"win_rate":0,"timestamp":1533045627,"path_taken":["M","M","M","M","$","R","E","?","T","R","?","?","?","E","R","BOSS","M","M","?","$","M","E","$","R","T","?","E","R","E","?","R","BOSS","M","?","$","M","?","E","M","E"],"build_version":"2018-07-26","purchased_purges":3,"victory":false,"max_hp_per_floor":[75,75,75,75,75,75,75,75,75,75,75,69,69,69,69,69,69,69,69,69,69,69,69,69,69,69,69,69,69,69,69,69,69,69,69,69,69,69,69,69,69,69],"card_choices":[{"not_picked":["Barrage","Hello World"],"picked":"Steam","floor":1.0},{"not_picked":["Scrape","Capacitor"],"picked":"Self Repair","floor":2.0},{"not_picked":["Gash","Redo","Hologram"],"picked":"SKIP","floor":3.0},{"not_picked":["Chill","Hologram"],"picked":"Conserve Battery","floor":4.0},{"not_picked":["Stack","Reprogram"],"picked":"Auto Shields","floor":7.0},{"not_picked":["Sweeping Beam","Recycle"],"picked":"Electrodynamics","floor":14.0},{"not_picked":["Fission","Thunder Strike"],"picked":"Core Surge","floor":16.0},{"not_picked":["Skim","Turbo"],"picked":"Steam+1","floor":18.0},{"not_picked":["Stack+1","White Noise"],"picked":"Chill","floor":19.0},{"not_picked":["Lockon","White Noise"],"picked":"Capacitor","floor":22.0},{"not_picked":["Double Energy","Force Field+1","Gash"],"picked":"SKIP","floor":23.0},{"not_picked":["Double Energy","Force Field+1","Gash"],"picked":"SKIP","floor":23.0},{"not_picked":["Rip and Tear","Recycle+1"],"picked":"Stack+1","floor":28.0},{"not_picked":["Sweeping Beam","Barrage+1"],"picked":"Ball Lightning+1","floor":30.0},{"not_picked":["Multi-Cast","Core Surge"],"picked":"Seek","floor":33.0},{"not_picked":["Beam Cell","Streamline","Gash+1"],"picked":"SKIP","floor":35},{"not_picked":["BootSequence","Stack"],"picked":"Ball Lightning","floor":38},{"not_picked":["Finesse","Swift Strike"],"picked":"Master of Strategy","floor":39},{"not_picked":["Deep Breath","Madness"],"picked":"Dark Shackles","floor":39},{"not_picked":["Swift Strike","Jack Of All Trades"],"picked":"Secret Technique","floor":39},{"not_picked":["Capacitor+1","Redo+1"],"picked":"Go for the Eyes","floor":40},{"not_picked":["Gash+1","Self Repair+1"],"picked":"Cold Snap","floor":41}],"player_experience":302866,"relics_obtained":[{"floor":7.0,"key":"Ancient Tea Set"},{"floor":9.0,"key":"Boot"},{"floor":13.0,"key":"DataDisk"},{"floor":14.0,"key":"Pen Nib"},{"floor":23.0,"key":"MawBank"},{"floor":26.0,"key":"Bottled Lightning"},{"floor":28.0,"key":"Bag of Marbles"},{"floor":30.0,"key":"Gremlin Horn"},{"floor":40,"key":"Tiny Chest"}],"event_choices":[{"event_name":"Shining Light","player_choice":"Entered Light","floor":8.0,"damage_taken":0.0},{"event_name":"Wheel of Change","player_choice":"Gold","floor":11.0,"damage_taken":0.0},{"event_name":"Golden Idol","player_choice":"Lose Max HP","floor":12.0,"damage_taken":0.0},{"event_name":"Addict","player_choice":"Obtained Relic","floor":20.0,"damage_taken":0.0},{"event_name":"Forgotten Altar","player_choice":"Gave Idol","floor":27.0,"damage_taken":0.0},{"event_name":"Ghosts","player_choice":"Ignored","floor":31.0,"damage_taken":0.0},{"event_name":"FaceTrader","player_choice":"Touch","floor":36,"damage_taken":0},{"event_name":"SensoryStone","player_choice":"Memory 3","floor":39,"damage_taken":0}],"is_beta":false,"boss_relics":[{"not_picked":["Philosopher\u0027s Stone","Pandora\u0027s Box"],"picked":"Runic Dome"},{"not_picked":["Tiny House","Coffee Dripper"],"picked":"Inserter"}],"items_purged_floors":[5,21,37],"is_endless":false,"potions_floor_spawned":[3,4,18,22,33],"killed_by":"Giant Head","ascension_level":4}