{"gold_per_floor":[109,109,34,53,0,0,25,37,49,89,101,142,154,199,211,313,325,357,369,381,407,438,450,478,490],"floor_reached":25,"playtime":1512,"items_purged":["Pain"],"score":504,"play_id":"92ee5948-1afa-414f-8621-7166c0082001","local_time":"20190117201759","is_ascension_mode":true,"campfire_choices":[{"data":"Coolheaded","floor":6.0,"key":"SMITH"},{"data":"Sunder","floor":8.0,"key":"SMITH"},{"data":"Biased Cognition","floor":15.0,"key":"SMITH"},{"floor":23.0,"key":"REST"}],"neow_cost":"NONE","seed_source_timestamp":630183485874062,"circlet_count":0,"master_deck":["AscendersBane","Strike_B","Strike_B","Defend_B","Defend_B","Defend_B","Zap","Dualcast","Coolheaded+1","Sunder+1","Biased Cognition+1","Undo","Fission","Buffer+1","Aggregate+1","Multi-Cast+1","Genetic Algorithm","Go for the Eyes+1","Loop"],"special_seed":0,"relics":["Cracked Core","NeowsBlessing","WarpedTongs","MawBank","Mercury Hourglass","Lantern","Art of War","Bottled Tornado","Golden Idol","Mummified Hand","Astrolabe"],"potions_floor_usage":[25,25],"damage_taken":[{"damage":0.0,"enemies":"2 Louse","floor":1.0,"turns":1.0},{"damage":0.0,"enemies":"Cultist","floor":4.0,"turns":1.0},{"damage":0.0,"enemies":"3 Sentries","floor":7.0,"turns":1.0},{"damage":12.0,"enemies":"Gremlin Nob","floor":10.0,"turns":3.0},{"damage":4.0,"enemies":"3 Sentries","floor":12.0,"turns":5.0},{"damage":25.0,"enemies":"Gremlin Nob","floor":14.0,"turns":4.0},{"damage":36.0,"enemies":"Hexaghost","floor":16.0,"turns":10.0},{"damage":1.0,"enemies":"Shell Parasite","floor":18.0,"turns":4.0},{"damage":2.0,"enemies":"Colosseum Slavers","floor":20.0,"turns":3.0},{"damage":7.0,"enemies":"3 Byrds","floor":21.0,"turns":3.0},{"damage":13.0,"enemies":"Cultist and Chosen","floor":22.0,"turns":7.0},{"damage":13.0,"enemies":"Shelled Parasite and Fungi","floor":24.0,"turns":6.0},{"damage":43,"enemies":"Gremlin Leader","floor":25,"turns":5}],"seed_played":"-4645762319915198809","potions_obtained":[{"floor":7.0,"key":"Energy Potion"},{"floor":10.0,"key":"Regen Potion"},{"floor":16.0,"key":"FocusPotion"},{"floor":18.0,"key":"SkillPotion"},{"floor":22.0,"key":"SpeedPotion"},{"floor":24.0,"key":"SteroidPotion"}],"is_trial":false,"path_per_floor":["M","?","$","M","$","R","E","R","T","E","T","E","?","E","R","B",null,"M","$","?","M","M","R","M","E"],"character_chosen":"DEFECT","items_purchased":["FearPotion"],"campfire_rested":1,"item_purchase_floors":[5],"current_hp_per_floor":[64,64,64,64,64,64,64,64,64,52,52,62,62,37,37,1,48,47,47,45,38,25,44,31,0],"gold":490,"neow_bonus":"THREE_ENEMY_KILL","is_prod":false,"is_daily":false,"chose_seed":false,"campfire_upgraded":3,"win_rate":0,"timestamp":1547752679,"path_taken":["M","?","?","M","$","R","E","R","T","E","?","E","?","E","R","BOSS","M","$","?","M","M","R","M","E"],"build_version":"2019-01-10","purchased_purges":1,"victory":false,"max_hp_per_floor":[71,71,71,71,71,71,71,71,71,71,71,71,64,64,64,64,64,64,64,64,64,64,64,64,64],"card_choices":[{"not_picked":["Go for the Eyes","Rebound"],"picked":"Coolheaded","floor":1.0},{"not_picked":["Redo","Chaos","Stack"],"picked":"SKIP","floor":4.0},{"not_picked":["Blizzard","Ball Lightning"],"picked":"Sunder","floor":7.0},{"not_picked":["Consume","Sweeping Beam"],"picked":"Biased Cognition","floor":10.0},{"not_picked":["Stack","FTL","Redo"],"picked":"SKIP","floor":12.0},{"not_picked":["Compile Driver","Rip and Tear"],"picked":"Undo","floor":14.0},{"not_picked":["Creative AI","Multi-Cast"],"picked":"Fission","floor":16.0},{"not_picked":["Reprogram","Turbo","Barrage"],"picked":"SKIP","floor":18.0},{"not_picked":["Ball Lightning","Hologram"],"picked":"Genetic Algorithm","floor":21.0},{"not_picked":["Beam Cell","Hologram"],"picked":"Go for the Eyes+1","floor":22.0},{"not_picked":["Sweeping Beam","Biased Cognition"],"picked":"Loop","floor":24.0}],"player_experience":484886,"relics_obtained":[{"floor":7.0,"key":"MawBank"},{"floor":9.0,"key":"Mercury Hourglass"},{"floor":10.0,"key":"Lantern"},{"floor":11.0,"key":"Art of War"},{"floor":12.0,"key":"Bottled Tornado"},{"floor":14.0,"key":"Mummified Hand"}],"event_choices":[{"damage_healed":0.0,"max_hp_gain":0.0,"max_hp_loss":0.0,"gold_gain":0.0,"event_name":"Accursed Blacksmith","player_choice":"Rummage","floor":2.0,"gold_loss":0.0,"damage_taken":0.0,"relics_obtained":["WarpedTongs"],"cards_obtained":["Pain"]},{"damage_healed":0.0,"max_hp_gain":0.0,"max_hp_loss":7.0,"gold_gain":0.0,"event_name":"Golden Idol","player_choice":"Lose Max HP","floor":13.0,"gold_loss":0.0,"damage_taken":0.0,"relics_obtained":["Golden Idol"]},{"damage_healed":0.0,"max_hp_gain":0.0,"max_hp_loss":0.0,"gold_gain":0.0,"event_name":"Colosseum","player_choice":"Fight","floor":20.0,"gold_loss":0.0,"damage_taken":0.0},{"damage_healed":0.0,"max_hp_gain":0.0,"max_hp_loss":0.0,"gold_gain":0.0,"event_name":"Colosseum","player_choice":"Fled From Nobs","floor":20.0,"gold_loss":0.0,"damage_taken":0.0}],"is_beta":false,"boss_relics":[{"not_picked":["Runic Dome","FrozenCore"],"picked":"Astrolabe"}],"items_purged_floors":[3],"is_endless":false,"potions_floor_spawned":[7,10,16,18,22,24],"killed_by":"Gremlin Leader","ascension_level":20}