{"gold_per_floor":[113,28,28,28,39,66,66,95,95,121,139,159,159,194,194,271,271,288,288,307,319,335,335,335],"floor_reached":24,"playtime":1494,"items_purged":[],"score":602,"play_id":"ee340113-e167-4a31-95d3-67cb53effa80","local_time":"20190117005045","is_ascension_mode":true,"campfire_choices":[{"data":"Sunder","floor":7.0,"key":"SMITH"},{"data":"Glacier","floor":13.0,"key":"SMITH"},{"data":"Darkness","floor":15.0,"key":"SMITH"},{"data":"Seek","floor":23.0,"key":"SMITH"}],"neow_cost":"NONE","seed_source_timestamp":561720570025813,"circlet_count":0,"master_deck":["AscendersBane","Strike_B","Strike_B","Strike_B","Strike_B","Defend_B","Defend_B","Defend_B","Zap+1","Dualcast","Conserve Battery","Darkness+1","Sunder+1","Glacier+1","Melter+1","Compile Driver+1","Auto Shields","Seek+1","Decay","Chill+1"],"special_seed":0,"relics":["Cracked Core","NeowsBlessing","Turnip","Ornamental Fan","Molten Egg 2","Oddly Smooth Stone","Symbiotic Virus","Cursed Key"],"potions_floor_usage":[],"damage_taken":[{"damage":0.0,"enemies":"2 Louse","floor":1.0,"turns":1.0},{"damage":0.0,"enemies":"Cultist","floor":5.0,"turns":1.0},{"damage":0.0,"enemies":"Lagavulin","floor":6.0,"turns":1.0},{"damage":10.0,"enemies":"3 Sentries","floor":8.0,"turns":6.0},{"damage":18.0,"enemies":"Lagavulin","floor":10.0,"turns":6.0},{"damage":2.0,"enemies":"Small Slimes","floor":11.0,"turns":3.0},{"damage":8.0,"enemies":"3 Louse","floor":12.0,"turns":3.0},{"damage":20.0,"enemies":"Gremlin Nob","floor":14.0,"turns":5.0},{"damage":0.0,"enemies":"Hexaghost","floor":16.0,"turns":9.0},{"damage":0.0,"enemies":"Spheric Guardian","floor":18.0,"turns":1.0},{"damage":0.0,"enemies":"3 Byrds","floor":20.0,"turns":6.0},{"damage":0.0,"enemies":"Centurion and Healer","floor":21.0,"turns":7.0},{"damage":8.0,"enemies":"Snecko","floor":22.0,"turns":6.0},{"damage":49,"enemies":"Book of Stabbing","floor":24,"turns":5}],"seed_played":"9105784650980598112","potions_obtained":[{"floor":1.0,"key":"FearPotion"},{"floor":6.0,"key":"EntropicBrew"},{"floor":10.0,"key":"AttackPotion"},{"floor":16.0,"key":"EssenceOfSteel"},{"floor":20.0,"key":"Energy Potion"}],"is_trial":false,"path_per_floor":["M","$","?","?","M","E","R","E","T","E","M","M","R","E","R","B",null,"M","?","M","M","M","R","E"],"character_chosen":"DEFECT","items_purchased":["Regen Potion"],"campfire_rested":0,"item_purchase_floors":[2],"current_hp_per_floor":[64,64,57,57,57,57,57,62,62,44,42,34,34,14,14,14,57,57,57,57,57,49,49,0],"gold":335,"neow_bonus":"THREE_ENEMY_KILL","is_prod":false,"is_daily":false,"chose_seed":false,"campfire_upgraded":4,"win_rate":0,"timestamp":1547682645,"path_taken":["M","$","?","?","M","E","R","E","T","E","?","M","R","E","R","BOSS","M","?","M","M","M","R","E"],"build_version":"2019-01-10","purchased_purges":0,"victory":false,"max_hp_per_floor":[71,71,71,71,71,71,71,71,71,71,71,71,71,71,71,71,71,71,71,71,71,71,71,71],"card_choices":[{"not_picked":["Double Energy","White Noise"],"picked":"Conserve Battery","floor":1.0},{"not_picked":["Conserve Battery","Sweeping Beam"],"picked":"Darkness","floor":5.0},{"not_picked":["Static Discharge","Compile Driver"],"picked":"Sunder","floor":6.0},{"not_picked":["Reinforced Body","Sweeping Beam","Scrape"],"picked":"SKIP","floor":8.0},{"not_picked":["Self Repair","Redo"],"picked":"Glacier","floor":10.0},{"not_picked":["Turbo","Steam"],"picked":"Melter+1","floor":11.0},{"not_picked":["Turbo","Auto Shields"],"picked":"Compile Driver+1","floor":12.0},{"not_picked":["Leap","Beam Cell+1"],"picked":"Auto Shields","floor":14.0},{"not_picked":["Hyperbeam+1","Creative AI"],"picked":"Seek","floor":16.0},{"not_picked":["Tempest","Beam Cell+1","Stack"],"picked":"SKIP","floor":18.0},{"not_picked":["Chaos","Stack"],"picked":"Chill+1","floor":20.0},{"not_picked":["Ball Lightning+1","Leap","Steam Power"],"picked":"SKIP","floor":21.0},{"not_picked":["Gash+1","Leap","Beam Cell+1"],"picked":"SKIP","floor":22.0}],"player_experience":462612,"relics_obtained":[{"floor":6.0,"key":"Turnip"},{"floor":8.0,"key":"Ornamental Fan"},{"floor":9.0,"key":"Molten Egg 2"},{"floor":10.0,"key":"Oddly Smooth Stone"},{"floor":14.0,"key":"Symbiotic Virus"}],"event_choices":[{"cards_removed":["Defend_B"],"damage_healed":0.0,"max_hp_gain":0.0,"max_hp_loss":0.0,"gold_gain":0.0,"event_name":"Golden Wing","player_choice":"Card Removal","floor":3.0,"gold_loss":0.0,"damage_taken":7.0},{"damage_healed":0.0,"max_hp_gain":0.0,"max_hp_loss":0.0,"gold_gain":0.0,"event_name":"Upgrade Shrine","player_choice":"Upgraded","floor":4.0,"gold_loss":0.0,"damage_taken":0.0,"cards_upgraded":["Zap"]},{"damage_healed":0.0,"max_hp_gain":0.0,"max_hp_loss":0.0,"gold_gain":0.0,"event_name":"Forgotten Altar","player_choice":"Smashed Altar","floor":19.0,"gold_loss":0.0,"damage_taken":0.0,"cards_obtained":["Decay"]}],"is_beta":false,"boss_relics":[{"not_picked":["Nuclear Battery","Lizard Tail"],"picked":"Cursed Key"}],"items_purged_floors":[],"is_endless":false,"potions_floor_spawned":[1,5,6,10,16,20],"killed_by":"Book of Stabbing","ascension_level":20}