{"gold_per_floor":[117,133,133,151,169,195,195,214,214,164,164,174,174,193,193,294,294,311,324,343,360,8,36,36,47,74,74,94,22,36,53,53,149,149,163,11,21,39,1038,1038,1048,1048,1116,1116,1116,1133,1151,1167,1167,1167],"floor_reached":50,"playtime":6858,"items_purged":["Defend_R"],"score":549,"play_id":"7ac8c8a0-29d5-4dfc-9634-e42d1cfd4629","local_time":"20181221164005","is_ascension_mode":false,"campfire_choices":[{"floor":7.0,"key":"REST"},{"data":"Thunderclap","floor":13.0,"key":"SMITH"},{"data":"Flame Barrier","floor":15.0,"key":"SMITH"},{"floor":24.0,"key":"REST"},{"floor":27.0,"key":"REST"},{"floor":32.0,"key":"REST"},{"floor":40,"key":"REST"},{"floor":44,"key":"REST"},{"floor":49,"key":"REST"}],"neow_cost":"NONE","seed_source_timestamp":41083385017412,"circlet_count":0,"master_deck":["Strike_R","Strike_R","Strike_R","Strike_R","Defend_R","Defend_R","Bash","Flame Barrier+1","Clothesline","Burning Pact","Dropkick","Thunderclap+1","Shrug It Off","Blood for Blood","Armaments","Berserk","Seeing Red","Seeing Red+1","Reaper","Armaments+1","Pommel Strike+1","Hemokinesis+1","Perfected Strike+1","True Grit+1","Body Slam+1","Warcry","Juggernaut","Thunderclap+1","Finesse","Shrug It Off+1","Normality","Normality","Metallicize","Iron Wave+1","Warcry+1","Inflame+1","Second Wind+1","Cleave+1"],"special_seed":0,"relics":["Burning Blood","FaceOfCleric","Ancient Tea Set","Paper Frog","Lizard Tail","Membership Card","Thread and Needle","Blood Vial","Dream Catcher","Anchor","Eternal Feather","Oddly Smooth Stone","Self Forming Clay"],"potions_floor_usage":[38,47,48],"damage_taken":[{"damage":16.0,"enemies":"2 Louse","floor":1.0,"turns":3.0},{"damage":0.0,"enemies":"Cultist","floor":2.0,"turns":3.0},{"damage":0.0,"enemies":"Small Slimes","floor":4.0,"turns":3.0},{"damage":9.0,"enemies":"Blue Slaver","floor":5.0,"turns":4.0},{"damage":34.0,"enemies":"3 Sentries","floor":6.0,"turns":11.0},{"damage":7.0,"enemies":"Gremlin Gang","floor":8.0,"turns":6.0},{"damage":2.0,"enemies":"Red Slaver","floor":12.0,"turns":3.0},{"damage":9.0,"enemies":"Blue Slaver","floor":14.0,"turns":4.0},{"damage":32.0,"enemies":"Hexaghost","floor":16.0,"turns":8.0},{"damage":5.0,"enemies":"Chosen","floor":18.0,"turns":6.0},{"damage":28.0,"enemies":"2 Thieves","floor":19.0,"turns":5.0},{"damage":11.0,"enemies":"Snecko","floor":20.0,"turns":5.0},{"damage":15.0,"enemies":"3 Cultists","floor":21.0,"turns":5.0},{"damage":53.0,"enemies":"Gremlin Leader","floor":23.0,"turns":7.0},{"damage":20.0,"enemies":"Chosen and Byrds","floor":25.0,"turns":8.0},{"damage":45.0,"enemies":"Centurion and Healer","floor":28.0,"turns":7.0},{"damage":6.0,"enemies":"Snecko","floor":30.0,"turns":5.0},{"damage":9.0,"enemies":"Chosen and Byrds","floor":31.0,"turns":6.0},{"damage":102.0,"enemies":"Champ","floor":33.0,"turns":14.0},{"damage":25,"enemies":"3 Shapes","floor":35,"turns":5},{"damage":15,"enemies":"Orb Walker","floor":37,"turns":5},{"damage":83,"enemies":"Maw","floor":38,"turns":10},{"damage":59,"enemies":"Transient","floor":41,"turns":5},{"damage":17,"enemies":"Jaw Worm Horde","floor":46,"turns":5},{"damage":52,"enemies":"Spire Growth","floor":47,"turns":7},{"damage":3,"enemies":"Writhing Mass","floor":48,"turns":7},{"damage":103,"enemies":"Awakened One","floor":50,"turns":6}],"seed_played":"-4080481438657597433","potions_obtained":[{"floor":5.0,"key":"Fire Potion"},{"floor":8.0,"key":"EssenceOfSteel"},{"floor":12.0,"key":"FearPotion"},{"floor":14.0,"key":"Swift Potion"},{"floor":28.0,"key":"Weak Potion"},{"floor":31.0,"key":"SpeedPotion"},{"floor":33.0,"key":"Weak Potion"},{"floor":35,"key":"Fire Potion"},{"floor":41,"key":"Block Potion"}],"is_trial":false,"path_per_floor":["M","M","?","M","M","E","R","M","T","?","?","M","R","M","R","B",null,"M","M","M","M","$","E","R","M","T","R","M","$","M","M","R","B",null,"M","$","M","M","?","R","M","?","T","R","?","M","M","M","R","B"],"character_chosen":"IRONCLAD","items_purchased":["Membership Card","Thread and Needle","Anchor","Finesse","Oddly Smooth Stone"],"campfire_rested":7,"item_purchase_floors":[22,22,29,36,36],"current_hp_per_floor":[70,76,76,81,79,52,76,76,76,76,76,81,81,79,79,54,87,88,67,70,72,72,26,53,46,46,73,47,47,50,50,78,42,97,84,84,82,15,15,63,13,13,13,61,61,57,21,27,79,0],"gold":1167,"neow_bonus":"TRANSFORM_CARD","is_prod":false,"is_daily":false,"chose_seed":false,"campfire_upgraded":2,"win_rate":0,"timestamp":1545439205,"path_taken":["M","M","?","?","M","E","R","M","T","?","?","M","R","M","R","BOSS","M","?","M","M","$","E","R","M","T","R","M","?","M","M","R","BOSS","M","$","M","M","?","R","M","?","T","R","?","?","M","M","R","BOSS"],"build_version":"2018-12-20","purchased_purges":1,"victory":false,"max_hp_per_floor":[80,80,80,81,82,83,83,84,84,84,84,85,85,86,86,87,87,88,89,90,91,91,92,92,93,93,93,94,94,95,96,96,97,97,98,98,99,100,100,100,101,101,101,101,101,102,103,104,104,104],"card_choices":[{"not_picked":["Heavy Blade","Disarm"],"picked":"Clothesline","floor":1.0},{"not_picked":["Entrench","Perfected Strike"],"picked":"Burning Pact","floor":2.0},{"not_picked":["Anger","Clothesline"],"picked":"Dropkick","floor":4.0},{"not_picked":["Flame Barrier","Intimidate"],"picked":"Thunderclap","floor":5.0},{"not_picked":["Burning Pact","Juggernaut"],"picked":"Shrug It Off","floor":6.0},{"not_picked":["Burning Pact","Thunderclap"],"picked":"Blood for Blood","floor":8.0},{"not_picked":["Whirlwind","Pommel Strike"],"picked":"Seeing Red","floor":12.0},{"not_picked":["Sword Boomerang","True Grit"],"picked":"Seeing Red","floor":14.0},{"not_picked":["Demon Form","Barricade"],"picked":"Reaper","floor":16.0},{"not_picked":["Twin Strike","Perfected Strike"],"picked":"Armaments+1","floor":18.0},{"not_picked":["Twin Strike+1","Impervious"],"picked":"Pommel Strike+1","floor":19.0},{"not_picked":["Armaments","Heavy Blade+1","Entrench"],"picked":"SKIP","floor":20.0},{"not_picked":["Heavy Blade","Uppercut"],"picked":"Hemokinesis+1","floor":21.0},{"not_picked":["Pummel+1","Corruption"],"picked":"Perfected Strike+1","floor":23.0},{"not_picked":["Burning Pact","Intimidate+1"],"picked":"True Grit+1","floor":25.0},{"not_picked":["Rupture","Sword Boomerang","Armaments"],"picked":"SKIP","floor":28.0},{"not_picked":["Clothesline","Intimidate+1"],"picked":"Body Slam+1","floor":30.0},{"not_picked":["Sever Soul","Body Slam","Iron Wave"],"picked":"SKIP","floor":31.0},{"not_picked":["Cleave","Sever Soul"],"picked":"Warcry","floor":32.0},{"not_picked":["Fiend Fire","Offering"],"picked":"Juggernaut","floor":33.0},{"not_picked":["Clash+1","Pommel Strike"],"picked":"Thunderclap+1","floor":35},{"not_picked":["Disarm+1","Blood for Blood","Flex"],"picked":"SKIP","floor":37},{"not_picked":["Flex","Perfected Strike"],"picked":"Shrug It Off+1","floor":38},{"not_picked":["Warcry","Anger"],"picked":"Metallicize","floor":40},{"not_picked":["Entrench","Twin Strike+1"],"picked":"Iron Wave+1","floor":41},{"not_picked":["Body Slam","Anger"],"picked":"Warcry+1","floor":44},{"not_picked":["Sword Boomerang+1","Ghostly Armor","Burning Pact+1"],"picked":"SKIP","floor":46},{"not_picked":["Second Wind","Twin Strike+1"],"picked":"Inflame+1","floor":47},{"not_picked":["Searing Blow+1","Whirlwind"],"picked":"Second Wind+1","floor":48},{"not_picked":["Flex","Feed"],"picked":"Cleave+1","floor":49}],"player_experience":99050,"relics_obtained":[{"floor":6.0,"key":"Ancient Tea Set"},{"floor":9.0,"key":"Paper Frog"},{"floor":23.0,"key":"Blood Vial"},{"floor":26.0,"key":"Dream Catcher"},{"floor":43,"key":"Self Forming Clay"}],"event_choices":[{"damage_healed":0.0,"max_hp_gain":0.0,"max_hp_loss":0.0,"gold_gain":0.0,"event_name":"FaceTrader","player_choice":"Trade","floor":3.0,"gold_loss":0.0,"damage_taken":0.0,"relics_obtained":["FaceOfCleric"]},{"cards_removed":["Defend_R"],"damage_healed":0.0,"max_hp_gain":0.0,"max_hp_loss":0.0,"gold_gain":0.0,"event_name":"The Cleric","player_choice":"Card Removal","floor":10.0,"gold_loss":50.0,"damage_taken":0.0},{"damage_healed":0.0,"max_hp_gain":0.0,"max_hp_loss":0.0,"gold_gain":0.0,"event_name":"Match and Keep!","player_choice":"2 cards matched","floor":11.0,"gold_loss":0.0,"damage_taken":0.0,"cards_obtained":["Armaments","Berserk"]},{"damage_healed":0,"gold_gain":999,"player_choice":"Gold","damage_taken":0,"max_hp_gain":0,"max_hp_loss":0,"event_name":"MindBloom","floor":39,"gold_loss":0,"cards_obtained":["Normality","Normality"]},{"damage_healed":0,"gold_gain":0,"player_choice":"Ignored","damage_taken":0,"max_hp_gain":0,"max_hp_loss":0,"event_name":"Mysterious Sphere","floor":42,"gold_loss":0},{"damage_healed":0,"gold_gain":0,"player_choice":"Forge","damage_taken":0,"max_hp_gain":0,"max_hp_loss":0,"event_name":"Accursed Blacksmith","floor":45,"gold_loss":0,"cards_upgraded":["Seeing Red"]}],"is_beta":false,"boss_relics":[{"not_picked":["Ectoplasm","Coffee Dripper"],"picked":"Lizard Tail"},{"not_picked":["Orrery","Calling Bell"],"picked":"Eternal Feather"}],"items_purged_floors":[36],"is_endless":false,"potions_floor_spawned":[5,8,12,14,19,21,28,31,33,35,37,41,46],"killed_by":"Awakened One","ascension_level":0}