{"path_per_floor":["M","M","?","?","M","M","M","M","T","R","E","M","E","M","R","B",null,"M","T","M","?","?","E","?","M","T","E","R","E","$","M","R","B",null,"M","?","M","?","?"],"character_chosen":"IRONCLAD","items_purchased":["Oddly Smooth Stone","Bag of Marbles","Panache","Headbutt"],"gold_per_floor":[112,128,128,128,144,169,194,207,207,207,247,272,312,337,337,463,463,486,486,505,505,405,448,448,472,496,539,539,583,46,61,61,184,184,207,0,25,25,25],"floor_reached":40,"campfire_rested":0,"playtime":3641,"current_hp_per_floor":[80,80,60,27,33,31,37,35,35,35,28,34,44,52,52,58,80,80,94,94,94,94,79,79,58,58,67,67,66,66,70,70,63,94,92,92,94,94,94],"items_purged":[],"gold":25,"play_id":"03034af9-f650-4084-9c6c-ba88bb319a0b","is_prod":false,"is_daily":false,"is_ascension_mode":false,"campfire_upgraded":4,"path_taken":["M","M","?","?","M","M","?","M","T","R","E","?","E","M","R","BOSS","M","?","M","?","?","E","?","M","T","E","R","E","$","M","R","BOSS","M","?","M","?","?","E"],"build_version":"2018-02-01-PROD3","purchased_purges":0,"victory":false,"master_deck":["Strike_R+1","Strike_R+1","Strike_R+1","Strike_R+1","Defend_R+1","Defend_R+1","Defend_R+1","Defend_R+1","Bash","Bludgeon","Cleave","Pommel Strike","Warcry","Perfected Strike","Infernal Blade+1","Seeing Red+1","Thunderclap","Clash","Demon Form","Burning Pact+1","Armaments+1","J.A.X.","Shrug It Off+1","Thunderclap","Body Slam","Reaper","Panache+1","Headbutt","Headbutt","Brutality","Flex+1","Burning Pact"],"max_hp_per_floor":[80,80,80,80,80,80,80,80,80,80,80,80,80,80,80,80,80,80,94,94,94,94,94,94,94,94,94,94,94,94,94,94,94,94,94,94,94,94,94],"relics":["Burning Blood","Golden Idol","Pen Nib","Champion Belt","Bronze Scales","Anchor","Mark of Pain","Mango","Gremlin Horn","Lantern","Magic Flower","Pantograph","Oddly Smooth Stone","Bag of Marbles","Question Card","Red Mask"],"card_choices":[{"not_picked":["Headbutt","True Grit"],"picked":"Bludgeon"},{"not_picked":["Heavy Blade","Twin Strike"],"picked":"Cleave"},{"not_picked":["Flame Barrier","Cleave"],"picked":"Pommel Strike"},{"not_picked":["Spot Weakness","Rupture"],"picked":"Warcry"},{"not_picked":["Seeing Red","Clash"],"picked":"Perfected Strike"},{"not_picked":["Second Wind","Corruption"],"picked":"Infernal Blade"},{"not_picked":["Cleave","Searing Blow"],"picked":"Seeing Red"},{"not_picked":["Second Wind","Perfected Strike"],"picked":"Thunderclap"},{"not_picked":["Sever Soul","Rage"],"picked":"Clash"},{"not_picked":["Feel No Pain","Clash"],"picked":"Berserk"},{"not_picked":["Brutality","Offering"],"picked":"Demon Form"},{"not_picked":["Clash","Body Slam"],"picked":"Burning Pact"},{"not_picked":["Second Wind","Clash"],"picked":"Armaments"},{"not_picked":["Rupture","Heavy Blade"],"picked":"Shrug It Off"},{"not_picked":["Sword Boomerang","Sever Soul"],"picked":"Thunderclap"},{"not_picked":["Anger","Fiend Fire"],"picked":"Body Slam"},{"not_picked":["Armaments","Iron Wave"],"picked":"Reaper"},{"not_picked":["Clothesline","Cleave"],"picked":"Headbutt"},{"not_picked":["Bludgeon","Reaper"],"picked":"Brutality"},{"not_picked":["Flame Barrier","Warcry","Bloodletting"],"picked":"Flex"},{"not_picked":["Cleave","Clothesline","Sever Soul"],"picked":"Burning Pact"}],"player_experience":8636,"potions_floor_usage":[11,11,12,16,20,27,27,29,33],"damage_taken":[{"damage":1,"enemies":"Jaw Worm","floor":1,"turns":3},{"damage":5,"enemies":"2 Louse","floor":2,"turns":2},{"damage":0,"enemies":"Small Slimes","floor":5,"turns":3},{"damage":8,"enemies":"3 Louse","floor":6,"turns":4},{"damage":0,"enemies":"2 Fungi Beasts","floor":7,"turns":3},{"damage":8,"enemies":"Red Slaver","floor":8,"turns":2},{"damage":13,"enemies":"Lagavulin","floor":11,"turns":3},{"damage":0,"enemies":"Lots of Slimes","floor":12,"turns":1},{"damage":0,"enemies":"Gremlin Nob","floor":13,"turns":2},{"damage":0,"enemies":"3 Louse","floor":14,"turns":2},{"damage":0,"enemies":"Slime Boss","floor":16,"turns":6},{"damage":0,"enemies":"3 Byrds","floor":18,"turns":2},{"damage":3,"enemies":"Shell Parasite","floor":20,"turns":4},{"damage":21,"enemies":"Book of Stabbing","floor":23,"turns":4},{"damage":27,"enemies":"Sentry and Sphere","floor":25,"turns":5},{"damage":0,"enemies":"Slavers","floor":27,"turns":2},{"damage":10,"enemies":"Book of Stabbing","floor":29,"turns":3},{"damage":5,"enemies":"Snake Plant","floor":31,"turns":2},{"damage":47,"enemies":"Champ","floor":33,"turns":8},{"damage":11,"enemies":"3 Darklings","floor":35,"turns":3},{"damage":0,"enemies":"Orb Walker","floor":37,"turns":2},{"damage":113,"enemies":"Nemesis","floor":40,"turns":9}],"event_choices":[{"event_name":"Golden Idol","player_choice":"Take Damage","floor":3,"damage_taken":0},{"event_name":"Scrap Ooze","player_choice":"success","floor":4,"damage_taken":33},{"event_name":"Back to Basics","player_choice":"Simplicity","floor":21,"damage_taken":0},{"event_name":"Drug Dealer","player_choice":"Got JAXXED","floor":22,"damage_taken":0},{"event_name":"The Lab","player_choice":"Got Potions","floor":24,"damage_taken":0},{"event_name":"Tomb of Lord Red Mask","player_choice":"Paid","floor":36,"damage_taken":0},{"event_name":"Wheel of Change","player_choice":"Card Removal","floor":38,"damage_taken":0}],"boss_relics":[{"not_picked":["Calling Bell","Orrery"],"picked":"Mark of Pain"},{"not_picked":["Runic Dome","Velvet Choker"],"picked":"Question Card"}],"potions_floor_spawned":[6,7,8,13,14,18,25,27,37],"seed_played":"981982438007743596","killed_by":"Nemesis","ascension_level":0,"is_trial":false}