{"gold_per_floor":[115,134,99,109,127,127,156,156,180,208,227,227,254,15,15,91,91,110,110,110,130,130,130,150,150,150,150,182,202,228,228,228,228],"floor_reached":33,"playtime":2011,"items_purged":["Strike_B"],"score":606,"play_id":"2660eb65-14bf-4bd7-8f7d-f5463e7851ae","local_time":"20190119190149","is_ascension_mode":true,"campfire_choices":[{"data":"Static Discharge","floor":6.0,"key":"SMITH"},{"data":"Consume","floor":8.0,"key":"SMITH"},{"data":"Chill","floor":15.0,"key":"SMITH"},{"data":"Go for the Eyes","floor":23,"key":"SMITH"},{"floor":25,"key":"REST"},{"floor":32,"key":"REST"}],"neow_cost":"NONE","seed_source_timestamp":799312708960711,"circlet_count":0,"master_deck":["AscendersBane","Strike_B","Strike_B","Strike_B","Defend_B","Defend_B","Defend_B","Defend_B","Zap","Dualcast","Consume+1","Static Discharge+1","Chill+1","FTL","FTL","FTL","Capacitor","Genetic Algorithm","Echo Form","Coolheaded","Coolheaded","Decay","Genetic Algorithm+1","Go for the Eyes+1","BootSequence","Go for the Eyes+1","Conserve Battery"],"special_seed":0,"relics":["Cracked Core","Vajra","DataDisk","PreservedInsect","Prayer Wheel","Potion Belt","Inserter","Bottled Flame","Ginger","Smiling Mask","Blood Vial"],"potions_floor_usage":[24,28,30,30],"damage_taken":[{"damage":8.0,"enemies":"Small Slimes","floor":1.0,"turns":3.0},{"damage":4.0,"enemies":"Jaw Worm","floor":2.0,"turns":4.0},{"damage":3.0,"enemies":"2 Louse","floor":4.0,"turns":3.0},{"damage":2.0,"enemies":"Looter","floor":5.0,"turns":4.0},{"damage":25.0,"enemies":"3 Sentries","floor":7.0,"turns":4.0},{"damage":15.0,"enemies":"Gremlin Nob","floor":10.0,"turns":4.0},{"damage":11.0,"enemies":"2 Fungi Beasts","floor":11.0,"turns":3.0},{"damage":10.0,"enemies":"3 Sentries","floor":13.0,"turns":4.0},{"damage":11.0,"enemies":"The Guardian","floor":16.0,"turns":8.0},{"damage":6.0,"enemies":"3 Byrds","floor":18.0,"turns":4.0},{"damage":1.0,"enemies":"Chosen","floor":21.0,"turns":5.0},{"damage":27,"enemies":"3 Cultists","floor":24,"turns":6},{"damage":11,"enemies":"Slavers","floor":28,"turns":8},{"damage":13,"enemies":"Snake Plant","floor":29,"turns":7},{"damage":17,"enemies":"Book of Stabbing","floor":30,"turns":6},{"damage":34,"enemies":"Collector","floor":33,"turns":3}],"seed_played":"-597030717312381626","potions_obtained":[{"floor":2.0,"key":"Block Potion"},{"floor":13.0,"key":"Explosive Potion"},{"floor":16.0,"key":"Explosive Potion"},{"floor":18.0,"key":"Energy Potion"},{"floor":21.0,"key":"SteroidPotion"},{"floor":24,"key":"Dexterity Potion"},{"floor":30,"key":"Weak Potion"}],"is_trial":false,"path_per_floor":["M","M","?","M","M","R","E","R","T","E","M","?","E","$","R","B",null,"M","?","?","M","?","R","M","R","T","T","E","M","E","?","R","B"],"character_chosen":"DEFECT","items_purchased":["Potion Belt"],"campfire_rested":2,"item_purchase_floors":[14],"current_hp_per_floor":[63,59,78,75,73,73,48,48,48,33,22,22,12,12,12,1,59,53,53,53,52,52,52,25,48,48,48,37,24,7,7,30,0],"gold":228,"neow_bonus":"TEN_PERCENT_HP_BONUS","is_prod":false,"is_daily":false,"chose_seed":false,"campfire_upgraded":4,"win_rate":0,"timestamp":1547920909,"path_taken":["M","M","?","M","M","R","E","R","T","E","M","?","E","$","R","BOSS","M","?","?","M","?","R","M","R","T","?","E","M","E","?","R","BOSS"],"build_version":"2019-01-17","purchased_purges":1,"victory":false,"max_hp_per_floor":[78,78,78,78,78,78,78,78,78,78,78,78,78,78,78,78,78,78,78,78,78,78,78,78,78,78,78,78,78,78,78,78,78],"card_choices":[{"not_picked":["Ball Lightning","Steam"],"picked":"Consume","floor":1.0},{"not_picked":["Barrage","Leap"],"picked":"Static Discharge","floor":2.0},{"not_picked":["Steam","Compile Driver"],"picked":"Chill","floor":4.0},{"not_picked":["Hologram","Skim"],"picked":"FTL","floor":5.0},{"not_picked":["Skim","Undo"],"picked":"FTL","floor":7.0},{"not_picked":["Gash","Capacitor"],"picked":"FTL","floor":10.0},{"not_picked":["Force Field","Ball Lightning"],"picked":"Capacitor","floor":11.0},{"not_picked":["Gash","Chaos"],"picked":"Genetic Algorithm","floor":13.0},{"not_picked":["Amplify","Meteor Strike"],"picked":"Echo Form","floor":16.0},{"not_picked":["Stack","White Noise+1"],"picked":"Coolheaded","floor":18.0},{"not_picked":["Cold Snap","Compile Driver"],"picked":"Coolheaded","floor":18.0},{"not_picked":["Reprogram+1","Barrage"],"picked":"Genetic Algorithm+1","floor":21.0},{"not_picked":["Doom and Gloom","Redo","Cold Snap"],"picked":"SKIP","floor":21.0},{"not_picked":["Force Field","Aggregate"],"picked":"BootSequence","floor":24},{"not_picked":["Leap","Cold Snap","Sunder"],"picked":"SKIP","floor":24},{"not_picked":["Coolheaded","Ball Lightning"],"picked":"Go for the Eyes+1","floor":28},{"not_picked":["Reboot","Rebound"],"picked":"Conserve Battery","floor":29},{"not_picked":["Force Field+1","Undo","Compile Driver"],"picked":"SKIP","floor":29},{"not_picked":["Redo","Rip and Tear","Melter"],"picked":"SKIP","floor":30}],"player_experience":545853,"relics_obtained":[{"floor":7.0,"key":"Vajra"},{"floor":9.0,"key":"DataDisk"},{"floor":10.0,"key":"PreservedInsect"},{"floor":13.0,"key":"Prayer Wheel"},{"floor":26,"key":"Bottled Flame"},{"floor":27,"key":"Ginger"},{"floor":28,"key":"Smiling Mask"},{"floor":30,"key":"Blood Vial"}],"event_choices":[{"damage_healed":19.0,"max_hp_gain":0.0,"max_hp_loss":0.0,"gold_gain":0.0,"event_name":"The Cleric","player_choice":"Healed","floor":3.0,"gold_loss":35.0,"damage_taken":0.0},{"damage_healed":0.0,"max_hp_gain":0.0,"max_hp_loss":0.0,"gold_gain":0.0,"event_name":"Golden Wing","player_choice":"Ignored","floor":12.0,"gold_loss":0.0,"damage_taken":0.0},{"damage_healed":0.0,"max_hp_gain":0.0,"max_hp_loss":0.0,"gold_gain":0.0,"event_name":"Ghosts","player_choice":"Ignored","floor":19.0,"gold_loss":0.0,"damage_taken":0.0},{"damage_healed":0.0,"max_hp_gain":0.0,"max_hp_loss":0.0,"gold_gain":0.0,"event_name":"Forgotten Altar","player_choice":"Smashed Altar","floor":20.0,"gold_loss":0.0,"damage_taken":0.0,"cards_obtained":["Decay"]},{"damage_healed":0,"gold_gain":0,"player_choice":"Read","damage_taken":0,"max_hp_gain":0,"max_hp_loss":0,"event_name":"The Library","floor":22,"gold_loss":0,"cards_obtained":["Go for the Eyes"]},{"damage_healed":0,"gold_gain":0,"player_choice":"Ignored","damage_taken":0,"max_hp_gain":0,"max_hp_loss":0,"event_name":"Cursed Tome","floor":31,"gold_loss":0}],"is_beta":true,"boss_relics":[{"not_picked":["Nuclear Battery","Pandora\u0027s Box"],"picked":"Inserter"}],"items_purged_floors":[14],"is_endless":false,"potions_floor_spawned":[2,13,16,18,21,24,30],"killed_by":"Collector","ascension_level":20}