{"gold_per_floor":[116,86,100,114,114,114,42,54,99,168,181,211,16,116,116,213,213,229,2,33,33,65,65,79,92,115,170,209,269,269,288,288,389,389,407,181,141,156,166,166,200,200,270,321,376,376,431,468,468,488],"floor_reached":50,"playtime":10792,"items_purged":[],"score":525,"play_id":"4bc76124-85c4-468a-9eba-0261bf6f4368","local_time":"20181222104727","is_ascension_mode":false,"campfire_choices":[{"data":"Conserve Battery","floor":6,"key":"SMITH"},{"floor":15,"key":"REST"},{"data":"Havoc","floor":23,"key":"SMITH"},{"data":"Coolheaded","floor":30,"key":"SMITH"},{"data":"Defend_B","floor":32,"key":"SMITH"},{"data":"Defend_B","floor":40,"key":"PURGE"},{"data":"Zap","floor":42,"key":"SMITH"},{"data":"Leap","floor":46,"key":"SMITH"},{"data":"Steam Power+1","floor":49,"key":"PURGE"}],"neow_cost":"NONE","seed_source_timestamp":113730788357507,"circlet_count":0,"master_deck":["Strike_B","Strike_B","Strike_B+1","Strike_B+1","Defend_B","Defend_B","Defend_B+1","Zap+1","Dualcast","Conserve Battery+1","Coolheaded+1","Self Repair","Leap+1","Genetic Algorithm","HandOfGreed","Coolheaded+1","Self Repair","Warcry+1","Havoc+1","Dagger Throw+1","Cold Snap+1","Secret Weapon","Dodge and Roll+1","Doom and Gloom","Shrug It Off+1","Capacitor+1","Dual Wield+1","Darkness+1","Leap+1"],"relics":["Cracked Core","Pen Nib","Vajra","Sundial","Whetstone","PrismaticShard","Velvet Choker","Anchor","Regal Pillow","Peace Pipe","Runic Pyramid","Potion Belt","Question Card","Orichalcum"],"potions_floor_usage":[16,33,33,39,45],"damage_taken":[{"damage":0,"enemies":"2 Louse","floor":1,"turns":3},{"damage":1,"enemies":"Cultist","floor":3,"turns":4},{"damage":6,"enemies":"Small Slimes","floor":4,"turns":2},{"damage":5,"enemies":"Exordium Wildlife","floor":8,"turns":6},{"damage":12,"enemies":"3 Louse","floor":11,"turns":4},{"damage":31,"enemies":"3 Sentries","floor":12,"turns":9},{"damage":30,"enemies":"The Guardian","floor":16,"turns":15},{"damage":10,"enemies":"Chosen","floor":18,"turns":5},{"damage":6,"enemies":"Spheric Guardian","floor":20,"turns":4},{"damage":12,"enemies":"Centurion and Healer","floor":22,"turns":8},{"damage":20,"enemies":"Sentry and Sphere","floor":24,"turns":7},{"damage":1,"enemies":"Snecko","floor":25,"turns":5},{"damage":38,"enemies":"Book of Stabbing","floor":27,"turns":8},{"damage":1,"enemies":"Cultist and Chosen","floor":28,"turns":6},{"damage":3,"enemies":"3 Cultists","floor":29,"turns":6},{"damage":7,"enemies":"Centurion and Healer","floor":31,"turns":6},{"damage":66,"enemies":"Collector","floor":33,"turns":20},{"damage":0,"enemies":"Orb Walker","floor":35,"turns":4},{"damage":1,"enemies":"3 Darklings","floor":38,"turns":6},{"damage":23,"enemies":"Transient","floor":39,"turns":5},{"damage":0,"enemies":"Spire Growth","floor":41,"turns":6},{"damage":5,"enemies":"Sphere and 2 Shapes","floor":44,"turns":7},{"damage":23,"enemies":"Nemesis","floor":45,"turns":11},{"damage":25,"enemies":"4 Shapes","floor":47,"turns":7},{"damage":27,"enemies":"Writhing Mass","floor":48,"turns":6},{"damage":96,"enemies":"Awakened One","floor":50,"turns":19}],"seed_played":"1459826663111963593","potions_obtained":[{"floor":1,"key":"SkillPotion"},{"floor":2,"key":"Explosive Potion"},{"floor":2,"key":"FairyPotion"},{"floor":18,"key":"SkillPotion"},{"floor":22,"key":"PowerPotion"},{"floor":38,"key":"FocusPotion"},{"floor":41,"key":"SpeedPotion"},{"floor":44,"key":"FocusPotion"}],"is_trial":false,"path_per_floor":["M","?","M","M","?","R","$","M","T","T","M","E","$","?","R","B",null,"M","$","M","?","M","R","M","M","T","E","M","M","R","M","R","B",null,"M","$","?","M","M","R","M","R","T","M","E","R","M","M","R","B"],"character_chosen":"DEFECT","items_purchased":["Self Repair","PrismaticShard","Anchor","Self Repair","Potion Belt","Doom and Gloom"],"campfire_rested":1,"item_purchase_floors":[7,13,19,19,36,36],"current_hp_per_floor":[82,82,81,75,72,72,72,74,74,74,69,45,45,45,69,46,82,79,79,82,82,82,82,76,82,82,58,71,82,82,82,82,30,82,82,82,82,82,66,66,80,80,80,82,82,82,82,69,69,0],"gold":488,"neow_bonus":"TEN_PERCENT_HP_BONUS","is_prod":false,"is_daily":false,"chose_seed":false,"campfire_upgraded":6,"win_rate":0.0,"timestamp":1545504447,"path_taken":["M","?","?","M","?","R","$","M","T","?","M","E","?","?","R","BOSS","M","$","?","?","M","R","M","M","T","E","M","M","R","M","R","BOSS","M","$","?","M","?","R","M","R","T","M","E","R","M","M","R","BOSS"],"build_version":"2018-12-20","purchased_purges":0,"victory":false,"max_hp_per_floor":[82,82,82,82,82,82,82,82,82,82,82,82,82,82,82,82,82,82,82,82,82,82,82,82,82,82,82,82,82,82,82,82,82,82,82,82,82,82,82,82,82,82,82,82,82,82,82,82,82,82],"card_choices":[{"not_picked":["Static Discharge","Stack"],"picked":"Conserve Battery","floor":1},{"not_picked":["BootSequence","Conserve Battery"],"picked":"Coolheaded","floor":3},{"not_picked":["Gash","Steam","Barrage"],"picked":"SKIP","floor":4},{"not_picked":["Blizzard","Gash","Rip and Tear"],"picked":"SKIP","floor":8},{"not_picked":["Streamline","Thunder Strike"],"picked":"Leap","floor":11},{"not_picked":["Steam","Conserve Battery"],"picked":"Genetic Algorithm","floor":12},{"not_picked":["Grand Finale","Amplify"],"picked":"HandOfGreed","floor":16},{"not_picked":["Turbo","Conserve Battery"],"picked":"Coolheaded","floor":18},{"not_picked":["Auto Shields+1","Footwork"],"picked":"Warcry+1","floor":20},{"not_picked":["Choke","Underhanded Strike"],"picked":"Havoc","floor":22},{"not_picked":["Finisher","Good Instincts"],"picked":"Dagger Throw+1","floor":24},{"not_picked":["Poisoned Stab","Shrug It Off"],"picked":"Steam Power+1","floor":25},{"not_picked":["Pummel","Flash of Steel","Deadly Poison+1"],"picked":"SKIP","floor":27},{"not_picked":["Body Slam","Sword Boomerang"],"picked":"Cold Snap+1","floor":28},{"not_picked":["Skewer","Hyperbeam","Impatience"],"picked":"SKIP","floor":29},{"not_picked":["Good Instincts","Body Slam","Accuracy"],"picked":"SKIP","floor":31},{"not_picked":["Envenom","Juggernaut"],"picked":"Secret Weapon","floor":33},{"not_picked":["Twin Strike","Feel No Pain+1"],"picked":"Dodge and Roll+1","floor":35},{"not_picked":["PiercingWail","Quick Slash"],"picked":"Shrug It Off+1","floor":38},{"not_picked":["Catalyst+1","Inflame","Hologram"],"picked":"SKIP","floor":39},{"not_picked":["Dodge and Roll+1","Coolheaded+1"],"picked":"Capacitor+1","floor":41},{"not_picked":["Heatsinks","Sucker Punch","Slice"],"picked":"Dual Wield+1","floor":44},{"not_picked":["Coolheaded+1","Cleave+1","Skim+1"],"picked":"Darkness+1","floor":45},{"not_picked":["Warcry","Shockwave","Rip and Tear","After Image"],"picked":"SKIP","floor":47},{"not_picked":["Dash","Burning Pact+1","Turbo+1"],"picked":"Leap+1","floor":48}],"player_experience":158166,"relics_obtained":[{"floor":9,"key":"Vajra"},{"floor":10,"key":"Sundial"},{"floor":12,"key":"Whetstone"},{"floor":26,"key":"Regal Pillow"},{"floor":27,"key":"Peace Pipe"},{"floor":43,"key":"Question Card"},{"floor":45,"key":"Orichalcum"}],"event_choices":[{"damage_healed":0,"gold_gain":0,"player_choice":"Bought 2 Potions","damage_taken":0,"max_hp_gain":0,"max_hp_loss":0,"event_name":"The Woman in Blue","floor":2,"gold_loss":0},{"damage_healed":0,"gold_gain":0,"player_choice":"Success","damage_taken":3,"relics_obtained":["Pen Nib"],"max_hp_gain":0,"max_hp_loss":0,"event_name":"Scrap Ooze","floor":5,"gold_loss":0},{"damage_healed":0,"gold_gain":100,"player_choice":"Pray","damage_taken":0,"max_hp_gain":0,"max_hp_loss":0,"event_name":"Golden Shrine","floor":14,"gold_loss":0},{"damage_healed":0,"gold_gain":0,"player_choice":"Ignored","damage_taken":0,"max_hp_gain":0,"max_hp_loss":0,"event_name":"Beggar","floor":21,"gold_loss":0},{"damage_healed":0,"gold_gain":0,"player_choice":"Upgrade","damage_taken":0,"max_hp_gain":0,"max_hp_loss":0,"event_name":"Designer","floor":37,"gold_loss":40,"cards_upgraded":["Coolheaded"]}],"is_beta":false,"boss_relics":[{"not_picked":["FrozenCore","Astrolabe"],"picked":"Velvet Choker"},{"not_picked":["Coffee Dripper","Cursed Key"],"picked":"Runic Pyramid"}],"items_purged_floors":[],"is_endless":false,"potions_floor_spawned":[1,3,12,18,22,25,27,38,41,44],"killed_by":"Awakened One","ascension_level":0}