{"gold_per_floor":[118,138,138,152,168,193,213,163,163,182,193,221,221,233,233,233],"floor_reached":16,"playtime":1139,"items_purged":[],"score":151,"play_id":"3591c3d6-0a85-499c-b862-0b29a4f17e14","local_time":"20180728031553","is_ascension_mode":true,"campfire_choices":[{"data":"Neutralize","floor":13,"key":"SMITH"},{"data":"Dash","floor":15,"key":"SMITH"}],"neow_cost":"TEN_PERCENT_HP_LOSS","seed_source_timestamp":286842727062114,"circlet_count":0,"master_deck":["Defend_G","Defend_G","Defend_G","Defend_G","Strike_G","Strike_G","Strike_G","Survivor","Neutralize+1","Dash+1","Poisoned Stab","Poisoned Stab","Dagger Spray","Crippling Poison","PiercingWail","Acrobatics","Backstab","Backflip"],"relics":["Ring of the Snake","Bronze Scales","Art of War","Bottled Flame","Girya"],"potions_floor_usage":[6,6],"damage_taken":[{"damage":0,"enemies":"2 Louse","floor":1,"turns":3},{"damage":0,"enemies":"Jaw Worm","floor":2,"turns":4},{"damage":0,"enemies":"Cultist","floor":4,"turns":3},{"damage":0,"enemies":"3 Louse","floor":5,"turns":3},{"damage":1,"enemies":"Lagavulin","floor":6,"turns":5},{"damage":5,"enemies":"2 Fungi Beasts","floor":7,"turns":2},{"damage":0,"enemies":"Exordium Wildlife","floor":10,"turns":5},{"damage":6,"enemies":"Looter","floor":11,"turns":3},{"damage":24,"enemies":"3 Sentries","floor":12,"turns":5},{"damage":1,"enemies":"Exordium Thugs","floor":14,"turns":3},{"damage":21,"enemies":"The Guardian","floor":16,"turns":4}],"seed_played":"-5617381462241080724","potions_obtained":[{"floor":1,"key":"Strength Potion"},{"floor":4,"key":"Dexterity Potion"},{"floor":10,"key":"LiquidBronze"}],"is_trial":false,"path_per_floor":["M","M","?","M","M","E","M","?","T","M","M","E","R","M","R"],"character_chosen":"THE_SILENT","items_purchased":[],"campfire_rested":0,"item_purchase_floors":[],"current_hp_per_floor":[63,63,56,56,56,55,50,50,50,50,44,20,20,19,19,0],"gold":233,"neow_bonus":"REMOVE_TWO","is_prod":false,"is_daily":false,"chose_seed":true,"campfire_upgraded":2,"win_rate":0,"timestamp":1532711753,"path_taken":["M","M","?","?","M","E","M","?","T","M","M","E","R","M","R","BOSS"],"build_version":"2018-07-26","purchased_purges":0,"victory":false,"max_hp_per_floor":[63,63,63,63,63,63,63,63,63,63,63,63,63,63,63,63],"card_choices":[{"not_picked":["Dodge and Roll","Dagger Spray"],"picked":"Dash","floor":1},{"not_picked":["Cloak And Dagger","Blade Dance"],"picked":"Poisoned Stab","floor":2},{"not_picked":["Prepared","Dagger Throw"],"picked":"Poisoned Stab","floor":4},{"not_picked":["Prepared","Endless Agony"],"picked":"Dagger Spray","floor":5},{"not_picked":["Setup","Burst","Endless Agony"],"picked":"SKIP","floor":6},{"not_picked":["Quick Slash","Prepared"],"picked":"Crippling Poison","floor":7},{"not_picked":["All Out Attack","Calculated Gamble"],"picked":"PiercingWail","floor":10},{"not_picked":["Predator","Phantasmal Killer"],"picked":"Acrobatics","floor":11},{"not_picked":["Backflip","Envenom"],"picked":"Backstab","floor":12},{"not_picked":["Slice","Bane"],"picked":"Backflip","floor":14}],"player_experience":184194,"relics_obtained":[{"floor":6,"key":"Art of War"},{"floor":9,"key":"Bottled Flame"},{"floor":12,"key":"Girya"}],"event_choices":[{"event_name":"Scrap Ooze","player_choice":"success","floor":3,"damage_taken":7},{"event_name":"The Cleric","player_choice":"Card Removal","floor":8,"damage_taken":0}],"is_beta":false,"boss_relics":[],"items_purged_floors":[],"is_endless":false,"potions_floor_spawned":[1,4,10],"killed_by":"The Guardian","ascension_level":6}