{"gold_per_floor":[144,144,144,189,234,324,324,369,369,414,459,504,504,318,318,618,618,663,663,708,753,798,798,843,933,1008,1053,435,480,480,405,405,705,705,750,795,795,295,340,340,430,430,455,500,0,45,45,90,90,90],"floor_reached":51,"playtime":3302,"items_purged":["Defend_R","Defend_R"],"score":705,"play_id":"d9e6ae34-4c8e-45de-ab40-4856350df627","local_time":"20181227121539","daily_mods":["Heirloom","Uncertain Future","Midas"],"is_ascension_mode":false,"campfire_choices":[{"floor":7,"key":"REST"},{"floor":13,"key":"REST"},{"floor":15,"key":"REST"},{"floor":23,"key":"REST"},{"floor":30,"key":"REST"},{"floor":32,"key":"REST"},{"floor":40,"key":"REST"},{"floor":47,"key":"REST"},{"floor":49,"key":"REST"}],"neow_cost":"","seed_source_timestamp":408541191943666,"circlet_count":0,"master_deck":["Strike_R","Strike_R+1","Strike_R+1","Strike_R","Bash+1","Rage","Shrug It Off","Clash","Apotheosis","Clash","Shrug It Off+1","Clash","Rampage","Chrysalis","Infernal Blade+1","Anger+1","Battle Trance","Fire Breathing+1"],"special_seed":17892,"relics":["Burning Blood","Charon\u0027s Ashes","Dream Catcher","StoneCalendar","Empty Cage","NlothsMask","Omamori","Toolbox","Oddly Smooth Stone","Philosopher\u0027s Stone","WarpedTongs","Boot","Letter Opener","Gremlin Horn","Juzu Bracelet","Singing Bowl","Mercury Hourglass"],"potions_floor_usage":[24,25,33,33,50,50,50],"damage_taken":[{"damage":6,"enemies":"Jaw Worm","floor":1,"turns":5},{"damage":10,"enemies":"Small Slimes","floor":4,"turns":3},{"damage":0,"enemies":"Cultist","floor":5,"turns":3},{"damage":28,"enemies":"Gremlin Nob","floor":6,"turns":5},{"damage":1,"enemies":"Exordium Wildlife","floor":8,"turns":3},{"damage":0,"enemies":"Large Slime","floor":10,"turns":5},{"damage":10,"enemies":"Exordium Thugs","floor":11,"turns":5},{"damage":0,"enemies":"3 Louse","floor":12,"turns":3},{"damage":3,"enemies":"The Guardian","floor":16,"turns":8},{"damage":10,"enemies":"3 Byrds","floor":18,"turns":6},{"damage":2,"enemies":"Spheric Guardian","floor":20,"turns":4},{"damage":29,"enemies":"Snecko","floor":21,"turns":6},{"damage":19,"enemies":"Centurion and Healer","floor":22,"turns":5},{"damage":9,"enemies":"3 Cultists","floor":24,"turns":4},{"damage":25,"enemies":"Slavers","floor":25,"turns":7},{"damage":4,"enemies":"Chosen and Byrds","floor":27,"turns":4},{"damage":27,"enemies":"Shelled Parasite and Fungi","floor":29,"turns":5},{"damage":46,"enemies":"Automaton","floor":33,"turns":9},{"damage":35,"enemies":"3 Darklings","floor":35,"turns":5},{"damage":11,"enemies":"Orb Walker","floor":36,"turns":2},{"damage":0,"enemies":"Sphere and 2 Shapes","floor":39,"turns":3},{"damage":51,"enemies":"Nemesis","floor":41,"turns":5},{"damage":0,"enemies":"Spire Growth","floor":44,"turns":3},{"damage":11,"enemies":"Jaw Worm Horde","floor":46,"turns":3},{"damage":8,"enemies":"Sphere and 2 Shapes","floor":48,"turns":4},{"damage":39,"enemies":"Awakened One","floor":50,"turns":9}],"seed_played":"-1575734639931517173","potions_obtained":[{"floor":6,"key":"SteroidPotion"},{"floor":8,"key":"Strength Potion"},{"floor":11,"key":"Explosive Potion"},{"floor":25,"key":"Strength Potion"},{"floor":33,"key":"Strength Potion"},{"floor":41,"key":"PowerPotion"},{"floor":44,"key":"SmokeBomb"},{"floor":46,"key":"EssenceOfSteel"}],"is_trial":false,"path_per_floor":["M","?","?","M","M","E","R","M","T","M","M","M","R","$","R","B",null,"M","?","M","M","M","R","M","E","T","M","$","M","R","?","R","B",null,"M","M","?","$","M","R","E","?","T","M","$","M","R","M","R","B",null],"character_chosen":"IRONCLAD","items_purchased":["Apotheosis","Toolbox","Chrysalis","Oddly Smooth Stone","Boot","Letter Opener","Singing Bowl","Mercury Hourglass"],"campfire_rested":9,"item_purchase_floors":[14,28,28,28,38,38,45,45],"current_hp_per_floor":[80,64,64,60,66,44,68,73,73,79,75,80,80,80,80,80,80,76,76,80,57,44,68,65,46,46,48,48,27,51,51,75,35,80,51,46,46,46,52,76,31,31,31,37,37,34,60,60,87,54],"gold":90,"neow_bonus":"","is_prod":false,"is_daily":true,"chose_seed":false,"campfire_upgraded":0,"win_rate":0,"timestamp":1545941739,"path_taken":["M","?","?","?","M","E","R","M","T","M","M","M","R","$","R","BOSS","M","?","M","M","M","R","M","E","T","?","$","M","R","?","R","BOSS","M","M","?","?","M","R","E","?","T","M","$","M","R","M","R","BOSS"],"build_version":"2018-12-20","purchased_purges":2,"victory":true,"max_hp_per_floor":[80,80,80,80,80,80,80,80,80,80,80,80,80,80,80,80,80,80,80,80,80,80,80,80,80,80,80,80,80,80,80,80,80,80,80,80,80,80,80,80,80,80,80,80,80,82,84,86,88,88],"card_choices":[{"not_picked":["True Grit","Armaments"],"picked":"Rage","floor":1},{"not_picked":["Shockwave","Havoc","Cleave"],"picked":"SKIP","floor":4},{"not_picked":["Headbutt","Anger","Double Tap"],"picked":"SKIP","floor":5},{"not_picked":["Fire Breathing","Flex","Bloodletting"],"picked":"SKIP","floor":6},{"not_picked":["Headbutt","Combust"],"picked":"Shrug It Off","floor":8},{"not_picked":["Wild Strike","True Grit","Searing Blow"],"picked":"SKIP","floor":10},{"not_picked":["Uppercut","Double Tap","Warcry"],"picked":"SKIP","floor":11},{"not_picked":["Heavy Blade","True Grit","Cleave"],"picked":"SKIP","floor":12},{"not_picked":["True Grit","Pommel Strike"],"picked":"Clash","floor":13},{"not_picked":["Perfected Strike","Clothesline"],"picked":"Clash","floor":15},{"not_picked":["Warcry","Wild Strike","Perfected Strike"],"picked":"SKIP","floor":18},{"not_picked":["Iron Wave+1","Sentinel"],"picked":"Shrug It Off+1","floor":20},{"not_picked":["Iron Wave","Armaments+1"],"picked":"Clash","floor":21},{"not_picked":["Intimidate","Wild Strike"],"picked":"Rampage","floor":22},{"not_picked":["Sever Soul","Pummel","Heavy Blade"],"picked":"SKIP","floor":24},{"not_picked":["Juggernaut","Body Slam","Flex"],"picked":"SKIP","floor":25},{"not_picked":["Perfected Strike","Heavy Blade","Wild Strike"],"picked":"SKIP","floor":27},{"not_picked":["Battle Trance","Shrug It Off+1"],"picked":"Infernal Blade+1","floor":29},{"not_picked":["Dropkick","Cleave"],"picked":"Anger+1","floor":32},{"not_picked":["Body Slam+1","Thunderclap","Cleave"],"picked":"SKIP","floor":35},{"not_picked":["Heavy Blade","Sword Boomerang+1","Blood for Blood+1"],"picked":"SKIP","floor":36},{"not_picked":["Thunderclap+1","Pummel","Rupture"],"picked":"SKIP","floor":39},{"not_picked":["Hemokinesis+1","Body Slam"],"picked":"Battle Trance","floor":40},{"not_picked":["Twin Strike+1","Exhume","Carnage"],"picked":"SKIP","floor":41},{"not_picked":["Headbutt","Armaments+1"],"picked":"Fire Breathing+1","floor":44},{"not_picked":["Feel No Pain","Shrug It Off","Pummel+1"],"picked":"Singing Bowl","floor":46},{"not_picked":["Immolate","Havoc","Bloodletting"],"picked":"Singing Bowl","floor":47},{"not_picked":["Flex","Clash","Thunderclap+1"],"picked":"Singing Bowl","floor":48},{"not_picked":["Wild Strike+1","Twin Strike+1","Shrug It Off+1"],"picked":"Singing Bowl","floor":49}],"player_experience":453734,"relics_obtained":[{"floor":6,"key":"Dream Catcher"},{"floor":9,"key":"StoneCalendar"},{"floor":25,"key":"Omamori"},{"floor":41,"key":"Gremlin Horn"},{"floor":43,"key":"Juzu Bracelet"}],"event_choices":[{"damage_healed":0,"gold_gain":0,"player_choice":"Entered Light","damage_taken":16,"max_hp_gain":0,"max_hp_loss":0,"event_name":"Shining Light","floor":2,"gold_loss":0,"cards_upgraded":["Strike_R","Strike_R"]},{"damage_healed":0,"gold_gain":0,"player_choice":"Grow","damage_taken":0,"max_hp_gain":0,"max_hp_loss":0,"event_name":"Living Wall","floor":3,"gold_loss":0,"cards_upgraded":["Bash"]},{"damage_healed":0,"gold_gain":0,"player_choice":"Trade","damage_taken":0,"relics_obtained":["NlothsMask"],"max_hp_gain":0,"max_hp_loss":0,"event_name":"FaceTrader","floor":19,"gold_loss":0},{"cards_removed":["Strike_R"],"damage_healed":0,"gold_gain":0,"player_choice":"Gave Gold","damage_taken":0,"max_hp_gain":0,"max_hp_loss":0,"event_name":"Beggar","floor":31,"gold_loss":75},{"damage_healed":0,"gold_gain":0,"player_choice":"Rummage","damage_taken":0,"relics_obtained":["WarpedTongs"],"max_hp_gain":0,"max_hp_loss":0,"event_name":"Accursed Blacksmith","floor":37,"gold_loss":0,"cards_obtained":["Pain"]},{"damage_healed":0,"gold_gain":0,"player_choice":"Ignored","damage_taken":0,"max_hp_gain":0,"max_hp_loss":0,"event_name":"SecretPortal","floor":42,"gold_loss":0}],"is_beta":false,"boss_relics":[{"not_picked":["Runic Dome","Orrery"],"picked":"Empty Cage"},{"not_picked":["Black Star","Coffee Dripper"],"picked":"Philosopher\u0027s Stone"}],"items_purged_floors":[28,38],"is_endless":false,"potions_floor_spawned":[6,8,11,16,20,22,25,33,41,44,46],"ascension_level":0}