{"gold_per_floor":[10,10,27,44,54,84,98,98,149,149,149,31,31,43,43,146,196,211,223,146,158,158,158,177,187,187,218,218,236,236,248,248,346,346,362,362,362,378,57,57],"floor_reached":40,"playtime":4383,"items_purged":["Normality"],"score":415,"play_id":"1c6fc03c-2936-48f4-9e1d-bdb2b16b6146","local_time":"20180723000416","is_ascension_mode":false,"campfire_choices":[{"data":"Fire Breathing","floor":8,"key":"SMITH"},{"data":"Battle Trance","floor":10,"key":"SMITH"},{"data":"Thunderclap","floor":15,"key":"SMITH"},{"data":"Pommel Strike","floor":23,"key":"SMITH"},{"data":"Warcry","floor":28,"key":"SMITH"},{"floor":32,"key":"REST"}],"neow_cost":"NO_GOLD","seed_source_timestamp":931138405636043,"circlet_count":0,"master_deck":["Strike_R+1","Strike_R","Strike_R","Strike_R","Strike_R","Defend_R+1","Defend_R","Defend_R","Defend_R","Bash","Thunderclap+1","Clash","Headbutt","Fire Breathing+1","Battle Trance+1","Clash","Seeing Red","Headbutt+1","Double Tap","Anger","Seeing Red","Hemokinesis+1","J.A.X.+1","Pommel Strike+1","Warcry+1","Clash","Battle Trance","Clash","Anger+1","Offering","Hemokinesis","Dropkick+1"],"relics":["Burning Blood","Incense Burner","Regal Pillow","Happy Flower","Mummified Hand","Tiny House","Vajra","Red Mask","Enchiridion","Runic Cube","Charon\u0027s Ashes","Dream Catcher","Pantograph"],"potions_floor_usage":[16,21,24,25,27,33,33,33],"damage_taken":[{"damage":6,"enemies":"Jaw Worm","floor":1,"turns":3},{"damage":4,"enemies":"2 Louse","floor":3,"turns":3},{"damage":0,"enemies":"Cultist","floor":4,"turns":3},{"damage":1,"enemies":"Blue Slaver","floor":5,"turns":2},{"damage":28,"enemies":"Lagavulin","floor":6,"turns":4},{"damage":0,"enemies":"3 Louse","floor":7,"turns":2},{"damage":0,"enemies":"Exordium Thugs","floor":14,"turns":2},{"damage":45,"enemies":"Hexaghost","floor":16,"turns":8},{"damage":15,"enemies":"2 Thieves","floor":18,"turns":3},{"damage":0,"enemies":"Spheric Guardian","floor":19,"turns":2},{"damage":13,"enemies":"Snake Plant","floor":21,"turns":3},{"damage":37,"enemies":"Centurion and Healer","floor":24,"turns":3},{"damage":1,"enemies":"Snecko","floor":25,"turns":4},{"damage":5,"floor":27,"turns":2},{"damage":21,"enemies":"Snake Plant","floor":29,"turns":3},{"damage":3,"enemies":"Centurion and Healer","floor":31,"turns":4},{"damage":22,"enemies":"Automaton","floor":33,"turns":4},{"damage":8,"enemies":"Orb Walker","floor":35,"turns":1},{"damage":8,"floor":36,"turns":4},{"damage":25,"enemies":"3 Shapes","floor":38,"turns":2},{"damage":69,"enemies":"Flame Bruiser 2 Orb","floor":40,"turns":2}],"seed_played":"6825994820734919819","potions_obtained":[{"floor":3,"key":"AttackPotion"},{"floor":5,"key":"EssenceOfSteel"},{"floor":14,"key":"Weak Potion"},{"floor":17,"key":"Swift Potion"},{"floor":21,"key":"AttackPotion"},{"floor":24,"key":"Ancient Potion"},{"floor":25,"key":"BloodPotion"},{"floor":27,"key":"AttackPotion"},{"floor":33,"key":"SpeedPotion"},{"floor":35,"key":"Dexterity Potion"}],"is_trial":false,"path_per_floor":["M","?","M","M","M","E","M","R","T","R","?","$","?","M","R","B",null,"M","M","?","M","?","R","M","M","T","?","R","M","?","M","R","B",null,"M","?","?","M","$"],"character_chosen":"IRONCLAD","items_purchased":["Seeing Red","Headbutt","Pantograph"],"campfire_rested":1,"item_purchase_floors":[12,12,39],"current_hp_per_floor":[80,64,66,72,77,55,61,61,61,61,54,54,54,60,60,21,85,76,82,82,75,75,75,44,49,49,58,58,43,27,30,70,54,85,83,81,81,62,62,0],"gold":57,"neow_bonus":"ONE_RARE_RELIC","is_prod":false,"is_daily":false,"chose_seed":false,"campfire_upgraded":5,"win_rate":0.0,"timestamp":1532268256,"path_taken":["M","?","?","M","M","E","M","R","T","R","?","$","?","M","R","BOSS","M","M","?","?","?","R","M","M","T","?","R","M","?","?","R","BOSS","M","?","?","?","$","M"],"build_version":"2018-07-19v2","purchased_purges":1,"victory":false,"max_hp_per_floor":[80,80,80,80,80,80,80,80,80,80,80,80,80,80,80,80,85,85,85,85,85,85,85,85,85,85,85,85,85,85,85,85,85,85,85,85,85,85,85,85],"card_choices":[{"not_picked":["Armaments","Pommel Strike"],"picked":"Thunderclap","floor":1},{"not_picked":["Flex","Clothesline"],"picked":"Clash","floor":3},{"not_picked":["Thunderclap","Cleave"],"picked":"Headbutt","floor":4},{"not_picked":["Searing Blow","Clothesline"],"picked":"Fire Breathing","floor":5},{"not_picked":["Twin Strike","Anger"],"picked":"Battle Trance","floor":6},{"not_picked":["Reckless Charge","Hemokinesis"],"picked":"Clash","floor":7},{"not_picked":["Barricade","Body Slam","Iron Wave"],"picked":"SKIP","floor":14},{"not_picked":["Dark Embrace","Juggernaut"],"picked":"Double Tap","floor":16},{"not_picked":["Body Slam","Second Wind"],"picked":"Anger","floor":17},{"not_picked":["Flex","Armaments"],"picked":"Seeing Red","floor":18},{"not_picked":["Power Through","Body Slam"],"picked":"Hemokinesis+1","floor":19},{"not_picked":["Rage","Battle Trance+1"],"picked":"Pommel Strike","floor":21},{"not_picked":["Bloodletting","Cleave+1"],"picked":"Warcry","floor":24},{"not_picked":["Twin Strike","Ghostly Armor"],"picked":"Clash","floor":25},{"not_picked":["Fire Breathing","Intimidate"],"picked":"Battle Trance","floor":27},{"not_picked":["Shockwave","Headbutt+1"],"picked":"Clash","floor":29},{"not_picked":["Thunderclap","Searing Blow"],"picked":"Anger+1","floor":31},{"not_picked":["Dark Embrace","Impervious"],"picked":"Offering","floor":33},{"not_picked":["Disarm","Sword Boomerang+1","Corruption"],"picked":"SKIP","floor":35},{"not_picked":["Sword Boomerang","Corruption+1"],"picked":"Hemokinesis","floor":36},{"not_picked":["Hemokinesis","Flame Barrier+1"],"picked":"Dropkick+1","floor":38}],"player_experience":4249,"relics_obtained":[{"floor":6,"key":"Regal Pillow"},{"floor":9,"key":"Happy Flower"},{"floor":26,"key":"Vajra"},{"floor":27,"key":"Red Mask"},{"floor":30,"key":"Enchiridion"},{"floor":36,"key":"Charon\u0027s Ashes"}],"event_choices":[{"event_name":"Shining Light","player_choice":"Entered Light","floor":2,"damage_taken":0},{"event_name":"Scrap Ooze","player_choice":"success","floor":11,"damage_taken":7},{"event_name":"The Cleric","player_choice":"Leave","floor":13,"damage_taken":0},{"event_name":"Drug Dealer","player_choice":"Got JAXXED","floor":20,"damage_taken":0},{"event_name":"Upgrade Shrine","player_choice":"Upgraded","floor":22,"damage_taken":0},{"event_name":"Masked Bandits","player_choice":"Fought over 187 gold","floor":27,"damage_taken":0},{"event_name":"Cursed Tome","player_choice":"Obtained Book","floor":30,"damage_taken":0},{"event_name":"MindBloom","player_choice":"Fight","floor":36,"damage_taken":0},{"event_name":"Accursed Blacksmith","player_choice":"Rummage","floor":37,"damage_taken":0}],"is_beta":false,"boss_relics":[{"not_picked":["Black Blood","Snecko Eye"],"picked":"Tiny House"},{"not_picked":["Lizard Tail","Coffee Dripper"],"picked":"Runic Cube"}],"items_purged_floors":[39],"is_endless":false,"potions_floor_spawned":[3,5,14,21,24,25,27,33,35],"killed_by":"Flame Bruiser 2 Orb","ascension_level":0}