{"gold_per_floor":[116,291,304,379,449,478,478,122,175,175,195,205,205,219,219,319,319,329,316,247,172,272,272,305,305,328,328,354,374,333,347,347,442,442,456,46,46,59,108,108,122,122,145,145,155,168,168,181,181,181],"floor_reached":51,"playtime":3114,"items_purged":[],"score":749,"play_id":"6b5b68f9-2190-480f-9583-17d00f64b16b","local_time":"20190322004019","is_ascension_mode":true,"campfire_choices":[{"data":"Zap","floor":7,"key":"SMITH"},{"data":"Defragment","floor":10,"key":"SMITH"},{"data":"BootSequence","floor":15,"key":"SMITH"},{"data":"Glacier","floor":23,"key":"SMITH"},{"floor":25,"key":"REST"},{"data":"Creative AI","floor":32,"key":"SMITH"},{"data":"Seek","floor":40,"key":"SMITH"},{"data":"Capacitor","floor":42,"key":"SMITH"},{"data":"Coolheaded","floor":44,"key":"SMITH"},{"floor":47,"key":"REST"},{"floor":49,"key":"REST"}],"neow_cost":"NONE","seed_source_timestamp":178976968845370,"circlet_count":0,"master_deck":["Zap+1","Dualcast","Loop+1","Force Field+1","Rebound+1","Defragment+1","Streamline+1","BootSequence+1","Cold Snap","Capacitor+1","Skim","Steam","Cold Snap","Undo","Doom and Gloom","Creative AI+1","Redo+1","Reboot","Consume+1","Coolheaded+1","Glacier+1","FTL","Ball Lightning","Core Surge","Gash","Ball Lightning+1","Seek+1","Gash","Clumsy","Sweeping Beam+1","Decay","Parasite","White Noise+1"],"relics":["Astrolabe","Dodecahedron","Vajra","Mummified Hand","Happy Flower","Pandora\u0027s Box","Ginger","The Courier","Frozen Egg 2","Dream Catcher","Boot","Cursed Key","ClockworkSouvenir","War Paint","Bag of Marbles","Letter Opener","Du-Vu Doll","Blood Vial"],"potions_floor_usage":[16,18,22,28,29,33,39,45],"damage_taken":[{"damage":4,"enemies":"Jaw Worm","floor":1,"turns":4},{"damage":2,"enemies":"2 Louse","floor":3,"turns":4},{"damage":21,"enemies":"Gremlin Nob","floor":6,"turns":5},{"damage":0,"enemies":"Cultist","floor":11,"turns":5},{"damage":5,"enemies":"Exordium Wildlife","floor":12,"turns":3},{"damage":0,"enemies":"3 Louse","floor":14,"turns":3},{"damage":28,"enemies":"The Guardian","floor":16,"turns":10},{"damage":0,"enemies":"3 Byrds","floor":18,"turns":3},{"damage":0,"enemies":"2 Thieves","floor":19,"turns":4},{"damage":1,"enemies":"Colosseum Slavers","floor":22,"turns":5},{"damage":28,"enemies":"Colosseum Nobs","floor":22,"turns":6},{"damage":19,"enemies":"Book of Stabbing","floor":24,"turns":8},{"damage":7,"enemies":"Slavers","floor":28,"turns":5},{"damage":6,"enemies":"Chosen and Byrds","floor":29,"turns":6},{"damage":14,"enemies":"3 Cultists","floor":31,"turns":5},{"damage":5,"enemies":"Automaton","floor":33,"turns":9},{"damage":12,"enemies":"Orb Walker","floor":35,"turns":3},{"damage":24,"enemies":"3 Darklings","floor":38,"turns":4},{"damage":15,"enemies":"2 Orb Walkers","floor":39,"turns":4},{"damage":9,"enemies":"Sphere and 2 Shapes","floor":41,"turns":4},{"damage":0,"enemies":"Maw","floor":45,"turns":8},{"damage":21,"enemies":"Writhing Mass","floor":46,"turns":6},{"damage":11,"enemies":"3 Darklings","floor":48,"turns":5},{"damage":24,"enemies":"Donu and Deca","floor":50,"turns":10}],"seed_played":"-8036916614173089504","potions_obtained":[{"floor":3,"key":"LiquidBronze"},{"floor":12,"key":"SkillPotion"},{"floor":14,"key":"LiquidBronze"},{"floor":16,"key":"Poison Potion"},{"floor":18,"key":"Ancient Potion"},{"floor":24,"key":"Strength Potion"},{"floor":28,"key":"GamblersBrew"},{"floor":31,"key":"Regen Potion"},{"floor":38,"key":"Block Potion"},{"floor":46,"key":"SteroidPotion"},{"floor":48,"key":"SteroidPotion"}],"is_trial":false,"path_per_floor":["M","?","M","?","T","E","R","$","T","R","M","M","?","M","R","B",null,"M","M","$","?","?","R","E","R","T","?","E","M","$","M","R","B",null,"M","$","T","M","?","R","M","R","T","R","M","M","R","M","R","B",null],"character_chosen":"DEFECT","items_purchased":["Mummified Hand","Cold Snap","Capacitor","Glacier","Gash","ClockworkSouvenir","War Paint","Bag of Marbles"],"campfire_rested":3,"item_purchase_floors":[8,8,8,20,30,36,36,36],"current_hp_per_floor":[71,71,69,58,58,37,37,37,37,37,37,32,32,32,32,4,75,75,75,75,75,46,46,27,49,49,85,78,72,72,58,58,53,85,73,73,73,49,46,46,37,37,37,37,39,20,45,36,61,39],"gold":181,"neow_bonus":"BOSS_RELIC","is_prod":false,"is_daily":false,"chose_seed":false,"campfire_upgraded":8,"win_rate":0,"timestamp":1553233219,"path_taken":["M","?","M","?","?","E","R","$","T","R","M","M","?","M","R","BOSS","M","M","$","?","?","R","E","R","T","?","E","M","$","M","R","BOSS","M","$","?","M","?","R","M","R","T","R","M","?","R","?","R","BOSS"],"build_version":"2019-01-23","purchased_purges":0,"victory":true,"max_hp_per_floor":[75,75,75,75,75,75,75,75,75,75,75,75,75,75,75,75,75,75,75,75,75,75,75,75,75,75,85,85,85,85,85,85,85,85,85,85,85,85,85,85,85,85,85,85,85,85,85,85,85,85],"card_choices":[{"not_picked":["Conserve Battery","Stack"],"picked":"Defragment","floor":1},{"not_picked":["All For One","Chill"],"picked":"Streamline","floor":3},{"not_picked":["Beam Cell","Rip and Tear"],"picked":"BootSequence","floor":6},{"not_picked":["Scrape","Force Field"],"picked":"Skim","floor":11},{"not_picked":["Recycle","Consume"],"picked":"Steam","floor":12},{"not_picked":["Turbo","Beam Cell"],"picked":"Cold Snap","floor":14},{"not_picked":["Meteor Strike","Core Surge"],"picked":"Machine Learning","floor":16},{"not_picked":["Rebound","Streamline"],"picked":"Consume","floor":18},{"not_picked":["Conserve Battery","Cold Snap"],"picked":"Coolheaded","floor":19},{"not_picked":["Turbo+1","Steam Power"],"picked":"FTL","floor":22},{"not_picked":["Steam","Redo+1"],"picked":"Ball Lightning","floor":24},{"not_picked":["Sweeping Beam","Beam Cell+1"],"picked":"Core Surge","floor":28},{"not_picked":["Turbo+1","Stack+1","Beam Cell"],"picked":"SKIP","floor":29},{"not_picked":["Streamline","Rebound"],"picked":"Ball Lightning+1","floor":31},{"not_picked":["Reboot","Rainbow"],"picked":"Seek","floor":33},{"not_picked":["Go for the Eyes","Stack+1"],"picked":"Gash","floor":35},{"not_picked":["Reinforced Body","Go for the Eyes+1"],"picked":"Sweeping Beam+1","floor":38},{"not_picked":["Sweeping Beam+1","Turbo+1","Steam"],"picked":"SKIP","floor":41},{"not_picked":["Fusion","Barrage","Steam+1"],"picked":"SKIP","floor":45},{"not_picked":["Coolheaded+1","Double Energy"],"picked":"White Noise+1","floor":46},{"not_picked":["Static Discharge+1","Rainbow","Rebound+1"],"picked":"SKIP","floor":48}],"player_experience":91261,"relics_obtained":[{"floor":5,"key":"Dodecahedron"},{"floor":6,"key":"Vajra"},{"floor":9,"key":"Happy Flower"},{"floor":22,"key":"Ginger"},{"floor":22,"key":"The Courier"},{"floor":24,"key":"Frozen Egg 2"},{"floor":26,"key":"Dream Catcher"},{"floor":28,"key":"Boot"},{"floor":37,"key":"Letter Opener"},{"floor":39,"key":"Du-Vu Doll"},{"floor":43,"key":"Blood Vial"}],"event_choices":[{"damage_healed":0,"gold_gain":175,"player_choice":"AGREE","damage_taken":0,"max_hp_gain":0,"max_hp_loss":0,"event_name":"Liars Game","floor":2,"gold_loss":0,"cards_obtained":["Doubt"]},{"damage_healed":0,"gold_gain":75,"player_choice":"Gather Gold","damage_taken":11,"max_hp_gain":0,"max_hp_loss":0,"event_name":"World of Goop","floor":4,"gold_loss":0},{"damage_healed":0,"gold_gain":0,"player_choice":"Forge","damage_taken":0,"max_hp_gain":0,"max_hp_loss":0,"event_name":"Accursed Blacksmith","floor":13,"gold_loss":0,"cards_upgraded":["Streamline"]},{"cards_removed":["Doubt"],"damage_healed":0,"gold_gain":0,"player_choice":"Gave Gold","damage_taken":0,"max_hp_gain":0,"max_hp_loss":0,"event_name":"Beggar","floor":21,"gold_loss":75},{"damage_healed":0,"gold_gain":0,"player_choice":"Fight","damage_taken":0,"max_hp_gain":0,"max_hp_loss":0,"event_name":"Colosseum","floor":22,"gold_loss":0},{"damage_healed":0,"gold_gain":0,"player_choice":"Fought Nobs","damage_taken":0,"max_hp_gain":0,"max_hp_loss":0,"event_name":"Colosseum","floor":22,"gold_loss":0},{"cards_removed":["Machine Learning"],"damage_healed":26,"gold_gain":0,"player_choice":"Offered Rare","damage_taken":0,"max_hp_gain":10,"max_hp_loss":0,"event_name":"Bonfire Elementals","floor":27,"gold_loss":0},{"damage_healed":0,"gold_gain":0,"player_choice":"Fight","damage_taken":0,"max_hp_gain":0,"max_hp_loss":0,"event_name":"Mysterious Sphere","floor":39,"gold_loss":0}],"is_beta":false,"boss_relics":[{"not_picked":["Nuclear Battery","Ectoplasm"],"picked":"Pandora\u0027s Box"},{"not_picked":["Coffee Dripper","Empty Cage"],"picked":"Cursed Key"}],"items_purged_floors":[],"is_endless":false,"potions_floor_spawned":[3,12,14,16,18,24,28,31,38,46,48],"ascension_level":2}