{"gold_per_floor":[112,124,144,69,83,83,112,112,112,132,151,151,151,151,151,222,222,196,213,213,213],"floor_reached":21,"playtime":1640,"items_purged":["Strike_G"],"score":335,"play_id":"c7a20131-41c1-486f-aaf7-54c578295124","local_time":"20190407012600","is_ascension_mode":true,"campfire_choices":[{"floor":6,"key":"REST"},{"floor":8,"key":"REST"},{"floor":15,"key":"REST"}],"neow_cost":"NONE","seed_source_timestamp":27624541538474,"circlet_count":0,"master_deck":["AscendersBane","Defend_G","Defend_G","Defend_G","Defend_G","Defend_G","Strike_G","Strike_G","Strike_G","Survivor","Neutralize","Acrobatics","Bouncing Flask+1","Well Laid Plans","Endless Agony","Backflip","PiercingWail","Skewer","Parasite","Wraith Form v2","All Out Attack","Outmaneuver","Decay"],"relics":["Fusion Hammer","Regal Pillow","Blue Candle","Black Star"],"potions_floor_usage":[7,10,21],"damage_taken":[{"damage":0,"enemies":"Cultist","floor":1,"turns":4},{"damage":0,"enemies":"Jaw Worm","floor":2,"turns":5},{"damage":2,"enemies":"Small Slimes","floor":3,"turns":5},{"damage":6,"enemies":"2 Fungi Beasts","floor":5,"turns":4},{"damage":15,"enemies":"Gremlin Nob","floor":7,"turns":5},{"damage":17,"enemies":"Exordium Thugs","floor":10,"turns":6},{"damage":15,"enemies":"Exordium Wildlife","floor":11,"turns":6},{"damage":6,"enemies":"Hexaghost","floor":16,"turns":9},{"damage":8,"enemies":"2 Thieves","floor":18,"turns":4},{"damage":20,"enemies":"3 Byrds","floor":19,"turns":6},{"damage":33,"enemies":"Centurion and Healer","floor":21,"turns":8}],"seed_played":"1043025389072042776","potions_obtained":[{"floor":2,"key":"SpeedPotion"},{"floor":7,"key":"SkillPotion"},{"floor":11,"key":"GamblersBrew"}],"is_trial":false,"path_per_floor":["M","M","M","$","M","R","E","R","T","M","M","?","?","?","R","B",null,"M","M","?","M"],"character_chosen":"THE_SILENT","items_purchased":[],"campfire_rested":3,"item_purchase_floors":[],"current_hp_per_floor":[59,59,57,57,51,66,51,66,66,49,34,27,43,43,66,60,65,57,37,37,4],"gold":213,"neow_bonus":"BOSS_RELIC","is_prod":false,"is_daily":false,"chose_seed":false,"campfire_upgraded":0,"win_rate":0,"timestamp":1554614760,"path_taken":["M","M","?","$","M","R","E","R","T","M","M","?","?","?","R","BOSS","M","M","?","M"],"build_version":"2019-01-23","purchased_purges":1,"victory":false,"max_hp_per_floor":[66,66,66,66,66,66,66,66,66,66,66,66,66,66,66,66,66,66,66,66,66],"card_choices":[{"not_picked":["Cloak And Dagger","Deadly Poison"],"picked":"Acrobatics","floor":1},{"not_picked":["Underhanded Strike","Outmaneuver"],"picked":"Bouncing Flask","floor":2},{"not_picked":["Terror","Underhanded Strike"],"picked":"Well Laid Plans","floor":3},{"not_picked":["Outmaneuver","Sucker Punch"],"picked":"Endless Agony","floor":5},{"not_picked":["Leg Sweep","Wraith Form v2"],"picked":"Backflip","floor":7},{"not_picked":["Blade Dance","Poisoned Stab"],"picked":"PiercingWail","floor":10},{"not_picked":["Escape Plan","Setup"],"picked":"Skewer","floor":11},{"not_picked":["Phantasmal Killer","Storm of Steel"],"picked":"Wraith Form v2","floor":16},{"not_picked":["Dagger Throw","Outmaneuver"],"picked":"All Out Attack","floor":18},{"not_picked":["Dagger Throw","Calculated Gamble"],"picked":"Outmaneuver","floor":19}],"player_experience":917789,"relics_obtained":[{"floor":7,"key":"Regal Pillow"},{"floor":9,"key":"Blue Candle"}],"event_choices":[{"cards_removed":["Strike_G"],"damage_healed":0,"gold_gain":0,"player_choice":"Card Removal","damage_taken":7,"max_hp_gain":0,"max_hp_loss":0,"event_name":"Golden Wing","floor":12,"gold_loss":0},{"damage_healed":16,"gold_gain":0,"player_choice":"Healed and dodged fight","damage_taken":0,"max_hp_gain":0,"max_hp_loss":0,"event_name":"Mushrooms","floor":13,"gold_loss":0,"cards_obtained":["Parasite"]},{"damage_healed":0,"gold_gain":0,"player_choice":"Forge","damage_taken":0,"max_hp_gain":0,"max_hp_loss":0,"event_name":"Accursed Blacksmith","floor":14,"gold_loss":0,"cards_upgraded":["Bouncing Flask"]},{"damage_healed":0,"gold_gain":0,"player_choice":"Smashed Altar","damage_taken":0,"max_hp_gain":0,"max_hp_loss":0,"event_name":"Forgotten Altar","floor":20,"gold_loss":0,"cards_obtained":["Decay"]}],"is_beta":false,"boss_relics":[{"not_picked":["Runic Pyramid","Empty Cage"],"picked":"Black Star"}],"items_purged_floors":[4],"is_endless":false,"potions_floor_spawned":[2,7,11],"killed_by":"Centurion and Healer","ascension_level":17}