{"gold_per_floor":[114,114,129,304,319,319,334,334,409,424,454,469,148,163,163,263,263,203,203,203,218,218,218,548,563,563,578,578,593,623,623,623,723,723,738,753,783,141,66,66,81,81,106,121,151,1,16,31,31,31],"floor_reached":51,"playtime":7289,"items_purged":["Shame"],"score":824,"play_id":"414fa7d8-1e5e-4ea8-bafe-7853293a92c6","local_time":"20181223234218","daily_mods":["Specialized","Red Cards","DeadlyEvents"],"is_ascension_mode":false,"campfire_choices":[{"data":"Zap","floor":6,"key":"SMITH"},{"data":"Self Repair","floor":8,"key":"SMITH"},{"data":"Metallicize","floor":15,"key":"SMITH"},{"data":"Fusion","floor":23,"key":"SMITH"},{"data":"Coolheaded","floor":28,"key":"SMITH"},{"data":"Lockon","floor":32,"key":"SMITH"},{"data":"Seek","floor":40,"key":"SMITH"},{"floor":49,"key":"DIG"}],"neow_cost":"","seed_source_timestamp":165793713818635,"circlet_count":0,"master_deck":["Defend_B","Defend_B","Defend_B","Zap+1","Dualcast","Genetic Algorithm","Genetic Algorithm","Genetic Algorithm","Genetic Algorithm","Genetic Algorithm","Ball Lightning","Doubt","Self Repair+1","Self Repair","Fusion+1","Metallicize+1","Conserve Battery","Doubt","Parasite","Bite","Bite","Bite","Bite","Bite","Biased Cognition","Coolheaded+1","Metallicize","Lockon+1","Seek","Coolheaded+1","Seek+1","Impatience","Transmutation","FTL","Normality","Genetic Algorithm+1","Sweeping Beam+1","Defragment+1"],"special_seed":17888,"relics":["Cracked Core","Blue Candle","Torii","Toolbox","Calling Bell","Pantograph","Ice Cream","DataDisk","Thread and Needle","Old Coin","Meat on the Bone","Letter Opener","Question Card","Cursed Key","Regal Pillow","Bag of Preparation","PreservedInsect","Art of War","Shovel","Bronze Scales","Happy Flower"],"potions_floor_usage":[11,33,33,33,45,48,50,50],"damage_taken":[{"damage":5,"enemies":"Small Slimes","floor":1,"turns":3},{"damage":10,"enemies":"2 Louse","floor":3,"turns":4},{"damage":0,"enemies":"Cultist","floor":5,"turns":4},{"damage":0,"enemies":"Looter","floor":7,"turns":3},{"damage":1,"enemies":"Exordium Wildlife","floor":10,"turns":4},{"damage":20,"enemies":"Gremlin Nob","floor":11,"turns":5},{"damage":7,"enemies":"Blue Slaver","floor":12,"turns":4},{"damage":1,"enemies":"3 Louse","floor":14,"turns":4},{"damage":20,"enemies":"Slime Boss","floor":16,"turns":12},{"damage":5,"enemies":"2 Thieves","floor":18,"turns":4},{"damage":15,"enemies":"3 Byrds","floor":21,"turns":7},{"damage":46,"enemies":"Slavers","floor":24,"turns":8},{"damage":19,"enemies":"Centurion and Healer","floor":25,"turns":10},{"damage":3,"enemies":"Snecko","floor":27,"turns":10},{"damage":4,"enemies":"Chosen and Byrds","floor":29,"turns":8},{"damage":6,"enemies":"Book of Stabbing","floor":30,"turns":8},{"damage":74,"enemies":"Collector","floor":33,"turns":16},{"damage":3,"enemies":"Orb Walker","floor":35,"turns":4},{"damage":19,"enemies":"3 Darklings","floor":36,"turns":7},{"damage":74,"enemies":"Reptomancer","floor":37,"turns":11},{"damage":2,"enemies":"4 Shapes","floor":41,"turns":4},{"damage":3,"enemies":"Sphere and 2 Shapes","floor":44,"turns":7},{"damage":16,"enemies":"Nemesis","floor":45,"turns":9},{"damage":4,"enemies":"Transient","floor":47,"turns":5},{"damage":3,"enemies":"Writhing Mass","floor":48,"turns":6},{"damage":43,"enemies":"Time Eater","floor":50,"turns":13}],"seed_played":"8723838574569738349","potions_obtained":[{"floor":3,"key":"Energy Potion"},{"floor":11,"key":"Fruit Juice"},{"floor":14,"key":"Block Potion"},{"floor":16,"key":"SteroidPotion"},{"floor":21,"key":"Fire Potion"},{"floor":25,"key":"SkillPotion"},{"floor":33,"key":"Block Potion"},{"floor":35,"key":"Poison Potion"},{"floor":44,"key":"Energy Potion"},{"floor":45,"key":"Explosive Potion"},{"floor":48,"key":"Regen Potion"}],"is_trial":false,"path_per_floor":["M","?","M","?","M","R","M","R","T","M","E","M","$","M","R","B",null,"M","?","T","M","T","R","E","M","T","M","R","M","E","T","R","B",null,"M","M","E","$","$","R","M","$","T","M","E","$","M","M","R","B",null],"character_chosen":"DEFECT","items_purchased":["Metallicize","Conserve Battery","Toolbox","Bag of Preparation","PreservedInsect","Impatience","Transmutation","FTL","Bronze Scales"],"campfire_rested":0,"item_purchase_floors":[13,13,13,38,38,38,38,39,46],"current_hp_per_floor":[70,63,53,53,53,53,53,53,53,62,57,67,67,80,80,77,80,80,80,80,80,80,80,63,80,80,80,80,80,80,80,80,68,80,80,80,53,53,53,53,57,57,57,80,80,80,80,80,80,61],"gold":31,"neow_bonus":"","is_prod":false,"is_daily":true,"chose_seed":false,"campfire_upgraded":7,"win_rate":0,"timestamp":1545637338,"path_taken":["M","?","M","?","M","R","M","R","T","?","?","M","?","M","R","BOSS","M","?","?","M","?","R","?","M","T","M","R","?","E","?","R","BOSS","M","?","?","?","$","R","?","$","T","M","E","$","M","M","R","BOSS"],"build_version":"2018-12-20","purchased_purges":1,"victory":true,"max_hp_per_floor":[75,75,75,75,75,75,75,75,75,75,80,80,80,80,80,80,80,80,80,80,80,80,80,80,80,80,80,80,80,80,80,80,80,80,80,80,80,80,80,80,80,80,80,80,80,80,80,80,80,80],"card_choices":[{"not_picked":["Sentinel","Anger"],"picked":"Ball Lightning","floor":1},{"not_picked":["Ball Lightning","Reprogram","Bloodletting"],"picked":"SKIP","floor":3},{"not_picked":["Combust","Hologram"],"picked":"Self Repair","floor":5},{"not_picked":["Scrape","Combust","Inflame"],"picked":"SKIP","floor":7},{"not_picked":["Heatsinks","Battle Trance","Perfected Strike"],"picked":"SKIP","floor":10},{"not_picked":["Cold Snap","Amplify"],"picked":"Self Repair","floor":11},{"not_picked":["Beam Cell","Shrug It Off"],"picked":"Fusion","floor":12},{"not_picked":["Streamline","Scrape","Cold Snap"],"picked":"SKIP","floor":14},{"not_picked":["Havoc","Inflame","Battle Trance"],"picked":"SKIP","floor":18},{"not_picked":["Body Slam+1","Sweeping Beam","Fire Breathing+1"],"picked":"SKIP","floor":21},{"not_picked":["Storm","Clothesline"],"picked":"Biased Cognition","floor":24},{"not_picked":["Tempest","Redo"],"picked":"Coolheaded","floor":25},{"not_picked":["Twin Strike","Inflame+1"],"picked":"Metallicize","floor":27},{"not_picked":["Hemokinesis+1","Spot Weakness","Go for the Eyes"],"picked":"SKIP","floor":29},{"not_picked":["Headbutt+1","Reboot"],"picked":"Lockon","floor":30},{"not_picked":["Impervious","Fission","Fiend Fire"],"picked":"Seek","floor":33},{"not_picked":["Cold Snap+1","Force Field","Clothesline","Turbo+1"],"picked":"SKIP","floor":35},{"not_picked":["Heatsinks","Steam","Beam Cell+1"],"picked":"Coolheaded+1","floor":36},{"not_picked":["Searing Blow+1","Auto Shields","Twin Strike"],"picked":"Seek","floor":37},{"not_picked":["Dual Wield+1","Heavy Blade+1","Barrage+1","Static Discharge"],"picked":"SKIP","floor":41},{"not_picked":["Cleave+1","Iron Wave","Stack+1"],"picked":"Genetic Algorithm+1","floor":44},{"not_picked":["Searing Blow+1","Go for the Eyes+1","Twin Strike+1"],"picked":"Sweeping Beam+1","floor":45},{"not_picked":["Inflame+1","Rip and Tear+1","Rampage"],"picked":"Defragment+1","floor":47},{"not_picked":["Sweeping Beam","Reboot","Conserve Battery","Armaments+1"],"picked":"SKIP","floor":48}],"player_experience":284805,"relics_obtained":[{"floor":9,"key":"Blue Candle"},{"floor":11,"key":"Torii"},{"floor":17,"key":"Blood Vial"},{"floor":17,"key":"Pantograph"},{"floor":17,"key":"Ice Cream"},{"floor":20,"key":"DataDisk"},{"floor":22,"key":"Thread and Needle"},{"floor":24,"key":"Old Coin"},{"floor":26,"key":"Meat on the Bone"},{"floor":30,"key":"Letter Opener"},{"floor":31,"key":"Question Card"},{"floor":37,"key":"Regal Pillow"},{"floor":43,"key":"Art of War"},{"floor":45,"key":"Shovel"},{"floor":49,"key":"Happy Flower"}],"event_choices":[{"cards_removed":["Defend_B"],"damage_healed":0,"gold_gain":0,"player_choice":"Card Removal","damage_taken":7,"max_hp_gain":0,"max_hp_loss":0,"event_name":"Golden Wing","floor":2,"gold_loss":0},{"damage_healed":0,"gold_gain":175,"player_choice":"AGREE","damage_taken":0,"max_hp_gain":0,"max_hp_loss":0,"event_name":"Liars Game","floor":4,"gold_loss":0,"cards_obtained":["Doubt"]},{"damage_healed":0,"gold_gain":0,"player_choice":"Became a vampire (Vial)","damage_taken":0,"max_hp_gain":0,"max_hp_loss":0,"event_name":"Vampires","floor":19,"relics_lost":["Blood Vial"],"gold_loss":0,"cards_obtained":["Bite","Bite","Bite","Bite","Bite"]}],"is_beta":false,"boss_relics":[{"not_picked":["White Beast Statue","Runic Dome"],"picked":"Calling Bell"},{"not_picked":["Busted Crown","Snecko Eye"],"picked":"Cursed Key"}],"items_purged_floors":[38],"is_endless":false,"potions_floor_spawned":[3,11,14,16,21,25,27,33,35,44,45,48],"ascension_level":0}