{"gold_per_floor":[111,111,127,50,50,50,150,161,184,196,223,223,240,256,256,354,354,366,382,307,307,323,323,223,223,250,270,299,318,353,364,364,466,466,486,505,505,525,435,435,451,486,513,538,538,551,566,83,83,83,83,83,16,42,42],"floor_reached":56,"playtime":19127,"items_purged":["Strike_G","Pain","Strike_G"],"score":1426,"play_id":"d393b01c-4afe-4cf1-9d12-991a2f92a148","local_time":"20190420175448","is_ascension_mode":false,"campfire_choices":[{"data":"Dash","floor":6,"key":"SMITH"},{"data":"Neutralize","floor":12,"key":"SMITH"},{"data":"Well Laid Plans","floor":15,"key":"SMITH"},{"floor":23,"key":"RECALL"},{"floor":25,"key":"REST"},{"floor":32,"key":"REST"},{"floor":40,"key":"REST"},{"floor":49,"key":"REST"},{"floor":52,"key":"REST"}],"neow_cost":"PERCENT_DAMAGE","seed_source_timestamp":98869945636228,"circlet_count":0,"master_deck":["Defend_G","Defend_G+1","Defend_G+1","Strike_G+1","Survivor","Neutralize+1","Caltrops","Blade Dance","Dash+1","Calculated Gamble","Dagger Spray","Concentrate","Well Laid Plans+1","Backflip","Acrobatics","Tactician+1","Prepared+1","Backflip+1","After Image","Calculated Gamble+1","Reflex+1","Adrenaline","Madness","Madness","Bouncing Flask","Accuracy+1","After Image","Acrobatics+1","Acrobatics+1","Blur"],"relics":["Ring of the Snake","Dream Catcher","Prayer Wheel","Fusion Hammer","WarpedTongs","Oddly Smooth Stone","Potion Belt","Sundial","Sozu","Anchor","Bronze Scales","DollysMirror","PreservedInsect","Dodecahedron"],"potions_floor_usage":[14,16,28,28,28],"damage_taken":[{"damage":0,"enemies":"2 Louse","floor":1,"turns":2},{"damage":0,"enemies":"Jaw Worm","floor":3,"turns":5},{"damage":0,"enemies":"Cultist","floor":8,"turns":3},{"damage":0,"enemies":"3 Louse","floor":10,"turns":3},{"damage":0,"enemies":"Lagavulin","floor":11,"turns":6},{"damage":0,"enemies":"Red Slaver","floor":13,"turns":3},{"damage":3,"enemies":"Large Slime","floor":14,"turns":5},{"damage":27,"enemies":"Hexaghost","floor":16,"turns":13},{"damage":8,"enemies":"Spheric Guardian","floor":18,"turns":4},{"damage":2,"enemies":"3 Byrds","floor":19,"turns":4},{"damage":1,"enemies":"3 Cultists","floor":22,"turns":4},{"damage":1,"enemies":"Snake Plant","floor":27,"turns":3},{"damage":0,"enemies":"Slavers","floor":28,"turns":4},{"damage":0,"enemies":"Snecko","floor":29,"turns":5},{"damage":0,"enemies":"Gremlin Leader","floor":30,"turns":7},{"damage":5,"enemies":"Sentry and Sphere","floor":31,"turns":4},{"damage":14,"enemies":"Automaton","floor":33,"turns":11},{"damage":5,"enemies":"3 Darklings","floor":35,"turns":5},{"damage":5,"enemies":"3 Shapes","floor":36,"turns":5},{"damage":0,"enemies":"Writhing Mass","floor":38,"turns":11},{"damage":0,"enemies":"Jaw Worm Horde","floor":41,"turns":3},{"damage":0,"enemies":"Reptomancer","floor":42,"turns":4},{"damage":0,"enemies":"Nemesis","floor":44,"turns":8},{"damage":0,"enemies":"3 Darklings","floor":46,"turns":2},{"damage":3,"enemies":"Spire Growth","floor":47,"turns":5},{"damage":7,"enemies":"Time Eater","floor":50,"turns":12},{"damage":0,"enemies":"Shield and Spear","floor":54,"turns":5},{"damage":0,"enemies":"The Heart","floor":55,"turns":6}],"seed_played":"7997508658050326623","potions_obtained":[{"floor":1,"key":"Weak Potion"},{"floor":13,"key":"SpeedPotion"},{"floor":14,"key":"Fruit Juice"},{"floor":19,"key":"SkillPotion"},{"floor":27,"key":"FearPotion"},{"floor":28,"key":"Block Potion"},{"floor":33,"key":"Energy Potion"}],"is_trial":false,"path_per_floor":["M","?","M","$","?","R","?","M","T","M","E","R","M","M","R","B",null,"M","M","$","?","M","R","$","R","T","M","E","M","E","M","R","B",null,"M","M","?","M","?","R","M","E","T","E","?","M","M","$","R","B",null,"R","$","E","B",null],"character_chosen":"THE_SILENT","items_purchased":["Dash","DollysMirror","PreservedInsect","Blur"],"campfire_rested":5,"item_purchase_floors":[4,48,48,53],"current_hp_per_floor":[49,35,35,35,35,35,35,35,35,35,35,35,35,37,37,10,75,67,65,65,65,64,64,64,75,75,74,74,74,74,69,75,61,75,70,65,65,65,65,75,75,75,75,75,66,66,63,63,75,68,75,75,75,75,75],"gold":42,"neow_bonus":"REMOVE_TWO","is_prod":false,"is_daily":false,"chose_seed":false,"campfire_upgraded":3,"win_rate":0,"timestamp":1555750488,"path_taken":["M","?","M","$","?","R","?","M","T","?","E","R","M","M","R","BOSS","M","M","$","?","?","R","$","R","T","M","E","M","E","M","R","BOSS","M","M","?","M","?","R","?","E","T","E","?","M","M","$","R","BOSS","R","$","E","BOSS"],"build_version":"2019-01-23","purchased_purges":3,"victory":true,"max_hp_per_floor":[70,70,70,70,70,70,70,70,70,70,70,70,70,75,75,75,75,75,75,75,75,75,75,75,75,75,75,75,75,75,75,75,75,75,75,75,75,75,75,75,75,75,75,75,75,75,75,75,75,75,75,75,75,75,75],"card_choices":[{"not_picked":["Acrobatics","Finisher"],"picked":"Caltrops","floor":1},{"not_picked":["Flying Knee","Leg Sweep"],"picked":"Blade Dance","floor":3},{"not_picked":["Sucker Punch","Underhanded Strike","Dagger Throw"],"picked":"SKIP","floor":8},{"not_picked":["Cloak And Dagger","PiercingWail"],"picked":"Masterful Stab","floor":10},{"not_picked":["Sucker Punch","Underhanded Strike"],"picked":"Calculated Gamble","floor":11},{"not_picked":["Die Die Die","Bane"],"picked":"Dagger Spray","floor":13},{"not_picked":["Quick Slash","Poisoned Stab"],"picked":"Concentrate","floor":13},{"not_picked":["Leg Sweep","PiercingWail"],"picked":"Well Laid Plans","floor":14},{"not_picked":["Sucker Punch","Deadly Poison","Setup"],"picked":"SKIP","floor":14},{"not_picked":["Flying Knee+1","Caltrops"],"picked":"Backflip","floor":18},{"not_picked":["Bane","Accuracy","Deflect"],"picked":"SKIP","floor":18},{"not_picked":["Crippling Poison","Riddle With Holes"],"picked":"Acrobatics","floor":19},{"not_picked":["Dagger Spray","Leg Sweep","Underhanded Strike"],"picked":"SKIP","floor":19},{"not_picked":["Blur","Tactician","Sucker Punch"],"picked":"SKIP","floor":22},{"not_picked":["Dodge and Roll","Dagger Spray","Flying Knee"],"picked":"SKIP","floor":22},{"not_picked":["Dodge and Roll","Expertise+1"],"picked":"Tactician+1","floor":25},{"not_picked":["Flying Knee","Predator","Deflect"],"picked":"SKIP","floor":27},{"not_picked":["Backflip","Deflect","Acrobatics"],"picked":"SKIP","floor":27},{"not_picked":["Bane+1","Outmaneuver"],"picked":"Prepared+1","floor":28},{"not_picked":["Envenom","Cloak And Dagger+1","Eviscerate"],"picked":"SKIP","floor":29},{"not_picked":["Distraction","PiercingWail","Flying Knee"],"picked":"SKIP","floor":29},{"not_picked":["Flying Knee+1","Setup","Doppelganger"],"picked":"SKIP","floor":30},{"not_picked":["Acrobatics","All Out Attack","Backflip"],"picked":"SKIP","floor":31},{"not_picked":["Prepared","Sucker Punch","Infinite Blades+1"],"picked":"SKIP","floor":31},{"not_picked":["Blade Dance","Dagger Spray"],"picked":"Backflip+1","floor":32},{"not_picked":["Bullet Time","A Thousand Cuts"],"picked":"After Image","floor":33},{"not_picked":["Backflip","Sucker Punch","Poisoned Stab+1"],"picked":"SKIP","floor":35},{"not_picked":["Outmaneuver","Skewer","Flying Knee+1"],"picked":"SKIP","floor":35},{"not_picked":["Blade Dance","Eviscerate","Outmaneuver"],"picked":"SKIP","floor":36},{"not_picked":["Doppelganger","Underhanded Strike","Infinite Blades"],"picked":"SKIP","floor":36},{"not_picked":["Poisoned Stab","Flechettes+1"],"picked":"Calculated Gamble+1","floor":38},{"not_picked":["Flying Knee","Deadly Poison","Distraction+1"],"picked":"SKIP","floor":38},{"not_picked":["PiercingWail+1","Concentrate+1"],"picked":"Reflex+1","floor":40},{"not_picked":["Dagger Spray+1","Deflect","Deadly Poison+1"],"picked":"SKIP","floor":41},{"not_picked":["Dodge and Roll","Tactician+1","Quick Slash"],"picked":"SKIP","floor":41},{"not_picked":["Poisoned Stab","Eviscerate+1"],"picked":"Adrenaline","floor":42},{"not_picked":["Blade Dance+1","Wraith Form v2","Flechettes"],"picked":"SKIP","floor":44},{"not_picked":["Underhanded Strike+1","Dagger Spray+1"],"picked":"Bouncing Flask","floor":46},{"not_picked":["Sucker Punch+1","Backstab","Quick Slash"],"picked":"SKIP","floor":46},{"not_picked":["Underhanded Strike+1","Well Laid Plans+1"],"picked":"Accuracy+1","floor":47},{"not_picked":["Setup+1","Prepared+1","Deadly Poison"],"picked":"SKIP","floor":47},{"not_picked":["Underhanded Strike","Blur"],"picked":"Acrobatics+1","floor":49},{"not_picked":["Dodge and Roll","Blade Dance+1"],"picked":"Acrobatics+1","floor":52},{"not_picked":["Die Die Die","Outmaneuver+1","Dodge and Roll+1"],"picked":"SKIP","floor":54}],"player_experience":1941686,"relics_obtained":[{"floor":9,"key":"Dream Catcher"},{"floor":11,"key":"Prayer Wheel"},{"floor":26,"key":"Oddly Smooth Stone"},{"floor":28,"key":"Potion Belt"},{"floor":30,"key":"Sundial"},{"floor":42,"key":"Anchor"},{"floor":44,"key":"Bronze Scales"},{"floor":54,"key":"Dodecahedron"}],"event_choices":[{"damage_healed":0,"gold_gain":0,"player_choice":"Entered Light","damage_taken":14,"max_hp_gain":0,"max_hp_loss":0,"event_name":"Shining Light","floor":2,"gold_loss":0,"cards_upgraded":["Strike_G","Defend_G"]},{"cards_removed":["Strike_G"],"damage_healed":0,"gold_gain":0,"player_choice":"Forget","damage_taken":0,"max_hp_gain":0,"max_hp_loss":0,"event_name":"Living Wall","floor":5,"gold_loss":0},{"damage_healed":0,"gold_gain":100,"player_choice":"Pray","damage_taken":0,"max_hp_gain":0,"max_hp_loss":0,"event_name":"Golden Shrine","floor":7,"gold_loss":0},{"damage_healed":0,"gold_gain":0,"player_choice":"Rummage","damage_taken":0,"relics_obtained":["WarpedTongs"],"max_hp_gain":0,"max_hp_loss":0,"event_name":"Accursed Blacksmith","floor":21,"gold_loss":0,"cards_obtained":["Pain"]},{"cards_removed":["Masterful Stab"],"damage_healed":0,"gold_gain":0,"player_choice":"Removed Attack","damage_taken":0,"max_hp_gain":0,"max_hp_loss":0,"event_name":"Falling","floor":37,"gold_loss":0},{"cards_removed":["Defend_G"],"damage_healed":0,"gold_gain":0,"player_choice":"Upgrade and Remove","damage_taken":0,"max_hp_gain":0,"max_hp_loss":0,"event_name":"Designer","floor":39,"gold_loss":90,"cards_upgraded":["Defend_G"]},{"damage_healed":0,"gold_gain":0,"player_choice":"Embrace Madness","damage_taken":9,"max_hp_gain":0,"max_hp_loss":0,"event_name":"Winding Halls","floor":45,"gold_loss":0,"cards_obtained":["Madness","Madness"]}],"is_beta":false,"boss_relics":[{"not_picked":["WristBlade","White Beast Statue"],"picked":"Fusion Hammer"},{"not_picked":["Busted Crown","Coffee Dripper"],"picked":"Sozu"}],"items_purged_floors":[20,24,48],"is_endless":false,"potions_floor_spawned":[1,13,14,19,27,28,33,36,38,42],"ascension_level":0}