{"gold_per_floor":[219,37,54,54,65,81,100,111,111,124,124,24,34,49,49,150,150,160,83,68,85,160,160,35,35,35,69,85,85,105,12,12,107,107,119,138,154,4,22,22,40,69,122,122,122,134,134,148,148,148],"floor_reached":50,"playtime":4598,"items_purged":["Strike_B","Defend_B","Strike_B","Defend_B"],"score":542,"play_id":"05ecff84-0f0f-4f71-8747-2b6f7e73ed70","local_time":"20190321004313","is_ascension_mode":false,"campfire_choices":[{"data":"Zap","floor":11.0,"key":"SMITH"},{"floor":15.0,"key":"REST"},{"data":"Scrape","floor":23.0,"key":"SMITH"},{"data":"Steam","floor":29.0,"key":"SMITH"},{"floor":32.0,"key":"REST"},{"floor":40.0,"key":"REST"},{"data":"Hologram","floor":45,"key":"SMITH"},{"data":"Auto Shields","floor":47,"key":"SMITH"},{"floor":49,"key":"REST"}],"neow_cost":"NONE","seed_source_timestamp":975430140329232,"circlet_count":0,"master_deck":["Strike_B","Strike_B","Defend_B","Defend_B","Zap+1","Dualcast","Gash","Finesse","Go for the Eyes","Scrape+1","Auto Shields+1","Beam Cell","Steam+1","Gash","All For One","FTL","Rebound","Sweeping Beam+1","Hologram+1","Flash of Steel","Beam Cell+1","FTL+1","Steam+1"],"special_seed":0,"relics":["FrozenCore"],"potions_floor_usage":[50],"damage_taken":[{"damage":1.0,"enemies":"2 Louse","floor":1.0,"turns":2.0},{"damage":1.0,"enemies":"Cultist","floor":3.0,"turns":3.0},{"damage":0.0,"enemies":"Small Slimes","floor":5.0,"turns":2.0},{"damage":6.0,"enemies":"Exordium Thugs","floor":6.0,"turns":4.0},{"damage":0.0,"enemies":"Exordium Wildlife","floor":7.0,"turns":4.0},{"damage":34.0,"enemies":"Gremlin Gang","floor":8.0,"turns":5.0},{"damage":3.0,"enemies":"Red Slaver","floor":10.0,"turns":3.0},{"damage":3.0,"enemies":"Exordium Thugs","floor":13.0,"turns":5.0},{"damage":0.0,"enemies":"2 Fungi Beasts","floor":14.0,"turns":3.0},{"damage":20.0,"enemies":"Hexaghost","floor":16.0,"turns":7.0},{"damage":0.0,"enemies":"Spheric Guardian","floor":18.0,"turns":3.0},{"damage":5.0,"enemies":"2 Thieves","floor":20.0,"turns":4.0},{"damage":13.0,"enemies":"Centurion and Healer","floor":21.0,"turns":6.0},{"damage":0.0,"enemies":"Gremlin Leader","floor":27.0,"turns":5.0},{"damage":16.0,"enemies":"Snake Plant","floor":28.0,"turns":3.0},{"damage":6.0,"enemies":"3 Cultists","floor":30.0,"turns":4.0},{"damage":24.0,"enemies":"Automaton","floor":33.0,"turns":6.0},{"damage":13.0,"enemies":"3 Darklings","floor":35.0,"turns":6.0},{"damage":0.0,"enemies":"3 Shapes","floor":36.0,"turns":4.0},{"damage":8.0,"enemies":"3 Darklings","floor":37.0,"turns":8.0},{"damage":21.0,"enemies":"Writhing Mass","floor":39.0,"turns":8.0},{"damage":21.0,"enemies":"Transient","floor":41.0,"turns":5.0},{"damage":0.0,"enemies":"Nemesis","floor":42.0,"turns":3.0},{"damage":32,"enemies":"4 Shapes","floor":46,"turns":5},{"damage":17,"enemies":"Maw","floor":48,"turns":5},{"damage":45,"enemies":"Awakened One","floor":50,"turns":9}],"seed_played":"7828078346524002999","potions_obtained":[{"floor":4.0,"key":"Block Potion"},{"floor":4.0,"key":"GamblersBrew"},{"floor":4.0,"key":"Energy Potion"},{"floor":6.0,"key":"FocusPotion"},{"floor":7.0,"key":"FairyPotion"},{"floor":8.0,"key":"Strength Potion"},{"floor":16.0,"key":"GamblersBrew"},{"floor":20.0,"key":"AttackPotion"},{"floor":27.0,"key":"Explosive Potion"},{"floor":33.0,"key":"FearPotion"},{"floor":35.0,"key":"FocusPotion"},{"floor":37.0,"key":"SteroidPotion"},{"floor":46,"key":"Strength Potion"}],"is_trial":false,"path_per_floor":["M","$","M","?","M","M","M","M","T","M","R","$","M","M","R","B",null,"M","$","M","M","?","R","$","T","T","E","M","R","M","$","R","B",null,"M","M","M","$","M","R","M","E","T","?","R","M","R","M","R","B"],"character_chosen":"DEFECT","items_purchased":["Finesse","Go for the Eyes","FTL","Flash of Steel"],"campfire_rested":4,"item_purchase_floors":[2,2,19,31],"current_hp_per_floor":[74,74,73,73,73,67,67,33,33,30,30,30,27,27,49,29,75,75,75,70,57,50,50,50,50,50,50,34,34,28,28,50,26,75,62,62,54,54,33,55,34,34,34,66,66,34,34,17,36,0],"gold":148,"neow_bonus":"HUNDRED_GOLD","is_prod":false,"is_daily":false,"chose_seed":false,"campfire_upgraded":5,"win_rate":0,"timestamp":1553143393,"path_taken":["M","$","M","?","M","M","M","M","T","M","R","$","?","M","R","BOSS","M","$","M","M","?","R","?","?","T","E","?","R","M","?","R","BOSS","M","M","M","$","M","R","M","E","T","?","R","M","R","M","R","BOSS"],"build_version":"2019-01-23","purchased_purges":4,"victory":false,"max_hp_per_floor":[75,75,75,75,75,75,75,75,75,75,75,75,75,75,75,75,75,75,75,75,75,75,75,75,75,75,75,75,75,75,75,75,75,75,75,75,75,75,75,75,75,75,75,66,66,66,66,66,66,66],"card_choices":[{"not_picked":["Heatsinks","Chaos"],"picked":"Gash","floor":1.0},{"not_picked":["Gash","Ball Lightning"],"picked":"Scrape","floor":3.0},{"not_picked":["Turbo","Compile Driver","Ball Lightning"],"picked":"SKIP","floor":5.0},{"not_picked":["Sunder","Chill"],"picked":"Auto Shields","floor":6.0},{"not_picked":["Capacitor","Turbo","Compile Driver"],"picked":"SKIP","floor":7.0},{"not_picked":["Chaos","Streamline"],"picked":"Beam Cell","floor":8.0},{"not_picked":["Compile Driver","Turbo"],"picked":"Steam","floor":10.0},{"not_picked":["Rainbow","Static Discharge","Ball Lightning"],"picked":"SKIP","floor":13.0},{"not_picked":["Rebound","Storm"],"picked":"Gash","floor":14.0},{"not_picked":["Amplify","Buffer"],"picked":"All For One","floor":16.0},{"not_picked":["Storm","Conserve Battery","Turbo+1"],"picked":"SKIP","floor":18.0},{"not_picked":["Genetic Algorithm","Steam"],"picked":"Rebound","floor":20.0},{"not_picked":["Static Discharge","Turbo"],"picked":"Sweeping Beam+1","floor":21.0},{"not_picked":["Go for the Eyes","Reprogram","Turbo"],"picked":"SKIP","floor":27.0},{"not_picked":["Cold Snap","Sweeping Beam","Compile Driver"],"picked":"SKIP","floor":28.0},{"not_picked":["Chaos","Go for the Eyes+1"],"picked":"Hologram","floor":30.0},{"not_picked":["Leap","Ball Lightning+1","Fusion"],"picked":"SKIP","floor":35.0},{"not_picked":["Conserve Battery","Turbo"],"picked":"Beam Cell+1","floor":36.0},{"not_picked":["Defragment","Barrage+1","Blizzard+1"],"picked":"SKIP","floor":37.0},{"not_picked":["Amplify","Leap","Hello World"],"picked":"SKIP","floor":39.0},{"not_picked":["Go for the Eyes+1","Barrage","Defragment+1"],"picked":"SKIP","floor":41.0},{"not_picked":["Chill+1","Recycle"],"picked":"FTL+1","floor":42},{"not_picked":["Auto Shields","Tempest+1","Doom and Gloom+1"],"picked":"SKIP","floor":46},{"not_picked":["Skim","Hologram+1"],"picked":"Steam+1","floor":48}],"player_experience":881148,"relics_obtained":[],"event_choices":[{"damage_healed":0.0,"max_hp_gain":0.0,"max_hp_loss":0.0,"gold_gain":0.0,"event_name":"Lab","player_choice":"Got Potions","floor":4.0,"gold_loss":0.0,"damage_taken":0.0},{"damage_healed":0.0,"max_hp_gain":0.0,"max_hp_loss":0.0,"gold_gain":75.0,"event_name":"FaceTrader","player_choice":"Touch","floor":22.0,"gold_loss":0.0,"damage_taken":7.0},{"damage_healed":66,"gold_gain":0,"player_choice":"Heal","damage_taken":0,"max_hp_gain":0,"max_hp_loss":9,"event_name":"The Moai Head","floor":44,"gold_loss":0}],"is_beta":false,"boss_relics":[{"not_picked":["Ectoplasm","Nuclear Battery","Calling Bell"]},{"not_picked":["Coffee Dripper","Philosopher\u0027s Stone"],"picked":"FrozenCore"}],"items_purged_floors":[2,12,24,38],"is_endless":false,"potions_floor_spawned":[5,6,7,8,10,16,20,27,33,35,37,46],"killed_by":"Awakened One","ascension_level":0}