{"gold_per_floor":[113,113,126,146,157,157,191,191,215,215,231,247,247,263,263,360,360,378,378,10,10,10,10,42,54,54,69,69,398,418,446,446,541,541,552,552,571,584,72,72,84,84,111,136,186,243,243,268,268,268],"floor_reached":51,"playtime":7383,"items_purged":[],"score":911,"play_id":"4729cb5e-6148-4440-ad44-a8aaa787db96","local_time":"20180726002049","is_ascension_mode":true,"campfire_choices":[{"data":"Neutralize","floor":6,"key":"SMITH"},{"data":"Bullet Time","floor":10,"key":"SMITH"},{"data":"Dagger Spray","floor":13,"key":"SMITH"},{"data":"Acrobatics","floor":15,"key":"SMITH"},{"data":"Wraith Form v2","floor":23,"key":"SMITH"},{"data":"1","floor":28,"key":"LIFT"},{"floor":32,"key":"REST"},{"data":"2","floor":40,"key":"LIFT"},{"data":"3","floor":42,"key":"LIFT"},{"data":"Adrenaline","floor":47,"key":"SMITH"},{"data":"Prepared","floor":49,"key":"SMITH"}],"neow_cost":"NONE","seed_source_timestamp":103319463521969,"circlet_count":0,"master_deck":["Defend_G+1","Defend_G+1","Defend_G+1","Defend_G+1","Defend_G+1","Strike_G+1","Strike_G+1","Strike_G+1","Strike_G+1","Strike_G+1","Survivor","Neutralize+1","Cloak And Dagger+1","Well Laid Plans","Backstab","Dagger Spray+1","Bullet Time+1","Dagger Throw+1","Poisoned Stab+1","Acrobatics+1","Wraith Form v2+1","Prepared+1","Noxious Fumes","Tactician","RitualDagger+1","Caltrops","Dodge and Roll","Backflip+1","Riddle With Holes+1","Cloak And Dagger","Sucker Punch+1","Adrenaline+1","Cloak And Dagger+1","Leg Sweep","Tactician","Noxious Fumes","Apotheosis","Outmaneuver+1","Wraith Form v2","Escape Plan","PiercingWail+1","PiercingWail+1"],"relics":["Philosopher\u0027s Stone","Bag of Preparation","War Paint","Pen Nib","Black Star","Molten Egg 2","Lantern","Anchor","Girya","Old Coin","Incense Burner","Letter Opener","Bottled Lightning","Sozu","Bottled Tornado","Whetstone","Pantograph","Smiling Mask","Du-Vu Doll","Omamori","Tiny Chest","Calipers","Nunchaku"],"potions_floor_usage":[7,14,16,18,25,27,29,33],"damage_taken":[{"damage":0,"enemies":"Small Slimes","floor":1,"turns":5},{"damage":0,"enemies":"Cultist","floor":3,"turns":4},{"damage":0,"enemies":"2 Louse","floor":4,"turns":2},{"damage":0,"enemies":"Red Slaver","floor":5,"turns":3},{"damage":31,"enemies":"Lagavulin","floor":7,"turns":9},{"damage":1,"enemies":"Exordium Wildlife","floor":11,"turns":4},{"damage":4,"enemies":"Looter","floor":12,"turns":2},{"damage":0,"enemies":"Large Slime","floor":14,"turns":3},{"damage":7,"enemies":"Slime Boss","floor":16,"turns":5},{"damage":3,"enemies":"2 Thieves","floor":18,"turns":3},{"damage":17,"enemies":"Slavers","floor":24,"turns":6},{"damage":0,"enemies":"Chosen","floor":25,"turns":4},{"damage":0,"enemies":"Centurion and Healer","floor":27,"turns":5},{"damage":18,"enemies":"Gremlin Leader","floor":29,"turns":6},{"damage":13,"enemies":"Snecko","floor":30,"turns":3},{"damage":0,"enemies":"Book of Stabbing","floor":31,"turns":4},{"damage":3,"enemies":"Collector","floor":33,"turns":7},{"damage":0,"enemies":"3 Shapes","floor":35,"turns":3},{"damage":0,"enemies":"Orb Walker","floor":37,"turns":3},{"damage":0,"enemies":"3 Darklings","floor":38,"turns":3},{"damage":0,"enemies":"Transient","floor":41,"turns":5},{"damage":0,"enemies":"Nemesis","floor":44,"turns":5},{"damage":0,"floor":45,"turns":5},{"damage":10,"enemies":"Giant Head","floor":46,"turns":6},{"damage":1,"enemies":"Nemesis","floor":48,"turns":5},{"damage":1,"enemies":"Donu and Deca","floor":50,"turns":10}],"seed_played":"-6283452456091393072","potions_obtained":[{"floor":4,"key":"Poison Potion"},{"floor":5,"key":"Explosive Potion"},{"floor":12,"key":"PowerPotion"},{"floor":16,"key":"Explosive Potion"},{"floor":18,"key":"Block Potion"},{"floor":24,"key":"AttackPotion"},{"floor":25,"key":"Explosive Potion"},{"floor":31,"key":"SkillPotion"}],"is_trial":false,"path_per_floor":["M","?","M","M","M","R","E","?","T","R","M","M","R","M","R","B",null,"M","?","$","?","?","R","E","M","T","M","R","E","M","E","R","B",null,"M","?","M","M","$","R","M","R","T","E","?","E","R","E","R","B"],"character_chosen":"THE_SILENT","items_purchased":["Molten Egg 2","Noxious Fumes","Tactician","Noxious Fumes","Apotheosis","Bottled Tornado"],"campfire_rested":1,"item_purchase_floors":[20,20,20,39,39,39],"current_hp_per_floor":[70,70,70,70,70,70,39,27,27,27,26,22,22,22,22,15,70,67,67,67,61,61,61,44,44,44,44,44,26,13,13,34,31,70,70,70,70,70,70,70,70,70,70,70,70,60,60,59,59,69],"gold":268,"neow_bonus":"BOSS_RELIC","is_prod":false,"is_daily":false,"chose_seed":false,"campfire_upgraded":7,"win_rate":0,"timestamp":1532528449,"path_taken":["M","?","M","M","M","R","E","?","T","R","M","M","R","?","R","BOSS","M","?","$","?","?","R","E","M","T","M","R","E","?","E","R","BOSS","M","?","M","?","$","R","M","R","T","E","?","E","R","E","R","BOSS"],"build_version":"2018-07-19v2","purchased_purges":0,"victory":true,"max_hp_per_floor":[70,70,70,70,70,70,70,70,70,70,70,70,70,70,70,70,70,70,70,70,70,70,70,70,70,70,70,70,70,70,70,70,70,70,70,70,70,70,70,70,70,70,70,70,70,70,70,70,70,70],"card_choices":[{"not_picked":["Prepared","Endless Agony"],"picked":"Cloak And Dagger","floor":1},{"not_picked":["Deadly Poison","Backflip"],"picked":"Well Laid Plans","floor":3},{"not_picked":["Slice","Predator"],"picked":"Backstab","floor":4},{"not_picked":["Slice","Flying Knee"],"picked":"Dagger Spray","floor":5},{"not_picked":["Acrobatics","Slice"],"picked":"Bullet Time","floor":7},{"not_picked":["Slice","Eviscerate"],"picked":"Dagger Throw","floor":11},{"not_picked":["Flechettes","Outmaneuver"],"picked":"Poisoned Stab","floor":12},{"not_picked":["Slice","Deadly Poison"],"picked":"Acrobatics","floor":14},{"not_picked":["Bullet Time","Malaise"],"picked":"Wraith Form v2","floor":16},{"not_picked":["Choke","Expertise"],"picked":"Prepared","floor":18},{"not_picked":["Flying Knee+1","Bane+1"],"picked":"Caltrops","floor":24},{"not_picked":["Slice+1","Deflect"],"picked":"Dodge and Roll","floor":25},{"not_picked":["Blade Dance","Blur+1"],"picked":"Backflip+1","floor":27},{"not_picked":["Bouncing Flask","Bullet Time"],"picked":"Riddle With Holes+1","floor":29},{"not_picked":["Dagger Spray+1","PiercingWail"],"picked":"Cloak And Dagger","floor":30},{"not_picked":["Bane+1","Blade Dance"],"picked":"Sucker Punch+1","floor":31},{"not_picked":["Envenom","Tools of the Trade"],"picked":"Adrenaline","floor":33},{"not_picked":["Flying Knee+1","Deflect"],"picked":"Cloak And Dagger+1","floor":35},{"not_picked":["Flying Knee+1","Poisoned Stab+1"],"picked":"Leg Sweep","floor":37},{"not_picked":["Prepared","Deflect+1"],"picked":"Tactician","floor":38},{"not_picked":["Deadly Poison+1","Cloak And Dagger+1"],"picked":"Outmaneuver+1","floor":41},{"not_picked":["Predator+1","Underhanded Strike+1"],"picked":"Wraith Form v2","floor":44},{"not_picked":["Cloak And Dagger","Dodge and Roll"],"picked":"Escape Plan","floor":45},{"not_picked":["Poisoned Stab+1","Deflect+1"],"picked":"PiercingWail+1","floor":46},{"not_picked":["Endless Agony+1","Dagger Spray+1"],"picked":"PiercingWail+1","floor":48}],"player_experience":93721,"relics_obtained":[{"floor":7,"key":"Bag of Preparation"},{"floor":9,"key":"Pen Nib"},{"floor":24,"key":"Lantern"},{"floor":24,"key":"Anchor"},{"floor":26,"key":"Girya"},{"floor":29,"key":"Old Coin"},{"floor":29,"key":"Incense Burner"},{"floor":31,"key":"Letter Opener"},{"floor":31,"key":"Bottled Lightning"},{"floor":43,"key":"Whetstone"},{"floor":44,"key":"Pantograph"},{"floor":44,"key":"Smiling Mask"},{"floor":45,"key":"Du-Vu Doll"},{"floor":46,"key":"Omamori"},{"floor":46,"key":"Tiny Chest"},{"floor":48,"key":"Calipers"},{"floor":48,"key":"Nunchaku"}],"event_choices":[{"event_name":"The Woman in Blue","player_choice":"Bought 0 Potions","floor":2,"damage_taken":0},{"event_name":"Scrap Ooze","player_choice":"success","floor":8,"damage_taken":12},{"event_name":"Back to Basics","player_choice":"Simplicity","floor":19,"damage_taken":0},{"event_name":"Nest","player_choice":"Joined the Cult","floor":21,"damage_taken":0},{"event_name":"Beggar","player_choice":"Ignored","floor":22,"damage_taken":0},{"event_name":"Tomb of Lord Red Mask","player_choice":"Ignored","floor":36,"damage_taken":0},{"event_name":"Mysterious Sphere","player_choice":"Fight","floor":45,"damage_taken":0}],"is_beta":false,"boss_relics":[{"not_picked":["Fusion Hammer","White Beast Statue"],"picked":"Black Star"},{"not_picked":["Tiny House","Cursed Key"],"picked":"Sozu"}],"items_purged_floors":[],"is_endless":false,"potions_floor_spawned":[4,5,12,16,18,24,25,31,37,38,44],"ascension_level":1}