{"gold_per_floor":[113,288,288,312,325,325,50,50,75,106,106,124,124,74,74,199,199,212,212,226,241,241,241,284,284,336,351,389,403,403,328,328,452,452,471,471],"floor_reached":36,"playtime":1662,"items_purged":["Doubt"],"score":465,"play_id":"483da26d-a1bc-4684-8d1e-3343f622908c","local_time":"20190417190659","is_ascension_mode":true,"campfire_choices":[{"data":"Zap","floor":6,"key":"SMITH"},{"data":"Electrodynamics","floor":8,"key":"SMITH"},{"data":"Buffer","floor":11,"key":"SMITH"},{"data":"Dualcast","floor":13,"key":"SMITH"},{"data":"Redo","floor":15,"key":"SMITH"},{"data":"Buffer","floor":23,"key":"SMITH"},{"data":"Self Repair","floor":25,"key":"SMITH"},{"data":"Rainbow","floor":32,"key":"SMITH"}],"neow_cost":"NONE","seed_source_timestamp":15649019657528,"circlet_count":0,"master_deck":["Strike_B+1","Strike_B+1","Strike_B+1","Defend_B+1","Defend_B+1","Defend_B+1","Defend_B+1","Zap+1","Dualcast+1","Glacier","Ball Lightning","Electrodynamics+1","Redo+1","Buffer+1","Hologram","Buffer+1","Ball Lightning","Steam+1","Self Repair+1","Conserve Battery+1","Echo Form","Coolheaded","Rainbow+1","Echo Form","Conserve Battery"],"relics":["Cracked Core","Golden Idol","Happy Flower","Vajra","Lizard Tail","Nloth\u0027s Gift","Pen Nib","Smiling Mask","Gambling Chip","Nuclear Battery"],"potions_floor_usage":[16],"damage_taken":[{"damage":0,"enemies":"Cultist","floor":1,"turns":3},{"damage":11,"enemies":"Small Slimes","floor":5,"turns":4},{"damage":8,"enemies":"Gremlin Nob","floor":10,"turns":3},{"damage":0,"enemies":"Jaw Worm","floor":12,"turns":3},{"damage":25,"enemies":"Hexaghost","floor":16,"turns":9},{"damage":2,"enemies":"Chosen","floor":18,"turns":4},{"damage":11,"enemies":"2 Thieves","floor":20,"turns":3},{"damage":44,"enemies":"Shelled Parasite and Fungi","floor":21,"turns":5},{"damage":0,"enemies":"Gremlin Leader","floor":24,"turns":6},{"damage":22,"enemies":"Sentry and Sphere","floor":27,"turns":4},{"damage":22,"enemies":"Book of Stabbing","floor":28,"turns":7},{"damage":0,"enemies":"Snecko","floor":29,"turns":5},{"damage":46,"enemies":"Automaton","floor":33,"turns":13},{"damage":8,"enemies":"Orb Walker","floor":35,"turns":3},{"damage":79,"enemies":"2 Orb Walkers","floor":36,"turns":4}],"seed_played":"3626328983898465047","potions_obtained":[{"floor":1,"key":"AttackPotion"},{"floor":10,"key":"Strength Potion"},{"floor":21,"key":"Dexterity Potion"},{"floor":24,"key":"Strength Potion"}],"is_trial":false,"path_per_floor":["?","?","T","M","?","?","M","?","?","?","?"],"character_chosen":"DEFECT","items_purchased":["Electrodynamics","Redo"],"campfire_rested":0,"item_purchase_floors":[7,7],"current_hp_per_floor":[82,82,82,82,71,71,71,71,71,63,63,63,63,63,63,38,82,80,80,69,25,25,25,25,25,25,13,43,53,53,53,53,17,82,74,0],"gold":471,"neow_bonus":"TEN_PERCENT_HP_BONUS","is_prod":false,"is_daily":false,"chose_seed":false,"campfire_upgraded":8,"win_rate":0,"timestamp":1555542419,"path_taken":["M","?","?","?","M","R","$","R","T","E","R","?","R","?","R","BOSS","M","?","?","M","?","R","E","R","T","M","E","M","?","?","R","BOSS","M","?"],"build_version":"2019-01-23","purchased_purges":1,"victory":false,"max_hp_per_floor":[82,82,82,82,82,82,82,82,82,82,82,82,82,82,82,82,82,82,82,82,82,82,82,82,82,82,82,82,82,82,82,82,82,82,82,82],"card_choices":[{"not_picked":["Compile Driver","Hologram"],"picked":"Glacier","floor":1},{"not_picked":["FTL","Streamline"],"picked":"Ball Lightning","floor":5},{"not_picked":["White Noise","Steam"],"picked":"Buffer","floor":10},{"not_picked":["Rebound","Stack"],"picked":"Hologram","floor":12},{"not_picked":["Biased Cognition","Fission"],"picked":"Buffer","floor":16},{"not_picked":["Streamline","Ball Lightning","Aggregate"],"picked":"SKIP","floor":18},{"not_picked":["Leap","Sweeping Beam"],"picked":"Ball Lightning","floor":20},{"not_picked":["Compile Driver","Gash"],"picked":"Steam+1","floor":21},{"not_picked":["Hello World","Fission"],"picked":"Self Repair","floor":24},{"not_picked":["Go for the Eyes","Gash"],"picked":"Conserve Battery+1","floor":27},{"not_picked":["Redo","Coolheaded"],"picked":"Echo Form","floor":28},{"not_picked":["Genetic Algorithm+1","Rebound"],"picked":"Coolheaded","floor":29},{"not_picked":["Seek","Rainbow"],"picked":"Echo Form","floor":33},{"not_picked":["Glacier","Go for the Eyes"],"picked":"Conserve Battery","floor":35}],"player_experience":182513,"relics_obtained":[{"floor":4,"key":"Happy Flower"},{"floor":9,"key":"Vajra"},{"floor":10,"key":"Boot"},{"floor":24,"key":"Pen Nib"},{"floor":26,"key":"Smiling Mask"},{"floor":28,"key":"Gambling Chip"}],"event_choices":[{"damage_healed":0,"gold_gain":175,"player_choice":"AGREE","damage_taken":0,"max_hp_gain":0,"max_hp_loss":0,"event_name":"Liars Game","floor":2,"gold_loss":0,"cards_obtained":["Doubt"]},{"damage_healed":0,"gold_gain":0,"player_choice":"Take Wound","damage_taken":0,"relics_obtained":["Golden Idol"],"max_hp_gain":0,"max_hp_loss":0,"event_name":"Golden Idol","floor":3,"gold_loss":0,"cards_obtained":["Injury"]},{"cards_removed":["Injury"],"damage_healed":0,"gold_gain":0,"player_choice":"Card Removal","damage_taken":0,"max_hp_gain":0,"max_hp_loss":0,"event_name":"The Cleric","floor":14,"gold_loss":50},{"damage_healed":0,"gold_gain":0,"player_choice":"Traded Relic","damage_taken":0,"relics_obtained":["Nloth\u0027s Gift"],"max_hp_gain":0,"max_hp_loss":0,"event_name":"N\u0027loth","floor":19,"relics_lost":["Boot"],"gold_loss":0},{"damage_healed":0,"gold_gain":0,"player_choice":"Simplicity","damage_taken":0,"max_hp_gain":0,"max_hp_loss":0,"event_name":"Back to Basics","floor":22,"gold_loss":0,"cards_upgraded":["Strike_B","Strike_B","Strike_B","Strike_B","Defend_B","Defend_B","Defend_B","Defend_B"]},{"damage_healed":0,"gold_gain":0,"player_choice":"Read","damage_taken":0,"max_hp_gain":0,"max_hp_loss":0,"event_name":"The Library","floor":30,"gold_loss":0,"cards_obtained":["Rainbow"]},{"cards_removed":["Strike_B"],"damage_healed":0,"gold_gain":0,"player_choice":"Gave Gold","damage_taken":0,"max_hp_gain":0,"max_hp_loss":0,"event_name":"Beggar","floor":31,"gold_loss":75},{"damage_healed":0,"gold_gain":0,"player_choice":"Fight","damage_taken":0,"max_hp_gain":0,"max_hp_loss":0,"event_name":"Mysterious Sphere","floor":36,"gold_loss":0}],"is_beta":false,"boss_relics":[{"not_picked":["FrozenCore","Orrery"],"picked":"Lizard Tail"},{"not_picked":["Runic Pyramid","Eternal Feather"],"picked":"Nuclear Battery"}],"items_purged_floors":[7],"is_endless":false,"potions_floor_spawned":[1,10,21,24,29],"killed_by":"2 Orb Walkers","ascension_level":2}