{"gold_per_floor":[113,128,148,51,71,104,104,32,32,45,58,85,85,112,112,209,209,191,201,126,126,138,138],"floor_reached":23,"playtime":2855,"items_purged":[],"score":366,"play_id":"a5ba25c4-7c17-45b8-a259-cdc6cacbfa23","local_time":"20180730230149","is_ascension_mode":true,"campfire_choices":[{"floor":7,"key":"REST"},{"floor":13,"key":"REST"},{"floor":15,"key":"REST"}],"neow_cost":"NONE","seed_source_timestamp":535099981993850,"circlet_count":0,"master_deck":["Defend_G","Defend_G","Defend_G","Defend_G","Survivor","Neutralize+1","AscendersBane","Dagger Spray","Dodge and Roll","Predator","Footwork","Cloak And Dagger","PiercingWail","Backflip+1","Backflip+1","Quick Slash","Prepared+1","Skewer","Quick Slash","After Image","Slice","All Out Attack","Bite","Bite","Bite","Bite","Bite","Backflip+1"],"relics":["Ring of the Snake","Toxic Egg 2","Smiling Mask","The Courier","Boot","Fusion Hammer"],"potions_floor_usage":[6,12,23],"damage_taken":[{"damage":6,"enemies":"Small Slimes","floor":1,"turns":6},{"damage":5,"enemies":"Jaw Worm","floor":2,"turns":6},{"damage":3,"enemies":"2 Louse","floor":3,"turns":3},{"damage":8,"enemies":"Looter","floor":5,"turns":3},{"damage":28,"enemies":"Gremlin Nob","floor":6,"turns":5},{"damage":9,"enemies":"Exordium Wildlife","floor":10,"turns":9},{"damage":3,"enemies":"Red Slaver","floor":11,"turns":7},{"damage":10,"enemies":"3 Sentries","floor":12,"turns":5},{"damage":28,"enemies":"Gremlin Nob","floor":14,"turns":5},{"damage":23,"enemies":"The Guardian","floor":16,"turns":16},{"damage":14,"enemies":"2 Thieves","floor":18,"turns":4},{"damage":0,"enemies":"3 Byrds","floor":19,"turns":4},{"damage":0,"enemies":"Centurion and Healer","floor":22,"turns":8},{"damage":69,"enemies":"Slavers","floor":23,"turns":5}],"seed_played":"-7424218997030563278","potions_obtained":[{"floor":5,"key":"SkillPotion"},{"floor":6,"key":"Ancient Potion"},{"floor":11,"key":"Strength Potion"},{"floor":14,"key":"GamblersBrew"},{"floor":18,"key":"EssenceOfSteel"}],"is_trial":false,"path_per_floor":["M","M","M","$","M","E","R","$","T","M","M","E","R","E","R","B",null,"M","M","?","?","M"],"character_chosen":"THE_SILENT","items_purchased":["Footwork","Cloak And Dagger","Backflip+1","Quick Slash"],"campfire_rested":3,"item_purchase_floors":[4,4,8,8],"current_hp_per_floor":[57,52,49,49,41,13,34,34,34,25,22,12,33,5,26,3,53,39,39,39,39,49,0],"gold":138,"neow_bonus":"UPGRADE_CARD","is_prod":false,"is_daily":false,"chose_seed":false,"campfire_upgraded":0,"win_rate":0,"timestamp":1532955709,"path_taken":["M","M","M","$","M","E","R","$","T","M","M","E","R","E","R","BOSS","M","M","?","?","M","E"],"build_version":"2018-07-26","purchased_purges":0,"victory":false,"max_hp_per_floor":[70,70,70,70,70,70,70,70,70,70,70,70,70,70,70,70,70,70,70,70,49,49,49],"card_choices":[{"not_picked":["Cloak And Dagger","Well Laid Plans"],"picked":"Dagger Spray","floor":1},{"not_picked":["Distraction","Blade Dance"],"picked":"Dodge and Roll","floor":2},{"not_picked":["Bane","Finisher"],"picked":"Predator","floor":3},{"not_picked":["Deflect","Poisoned Stab"],"picked":"PiercingWail","floor":5},{"not_picked":["Underhanded Strike","Outmaneuver"],"picked":"Backflip","floor":6},{"not_picked":["Acrobatics+1","Dagger Spray"],"picked":"Prepared+1","floor":10},{"not_picked":["Outmaneuver+1","Backflip+1"],"picked":"Skewer","floor":11},{"not_picked":["Distraction+1","Envenom"],"picked":"Quick Slash","floor":12},{"not_picked":["Dagger Throw","Prepared+1","Outmaneuver+1"],"picked":"SKIP","floor":14},{"not_picked":["Tools of the Trade","Glass Knife"],"picked":"After Image","floor":16},{"not_picked":["Backflip+1","Deadly Poison+1"],"picked":"Slice","floor":18},{"not_picked":["Poisoned Stab","Flying Knee"],"picked":"All Out Attack","floor":19},{"not_picked":["Acrobatics+1","Choke"],"picked":"Backflip+1","floor":22}],"player_experience":294838,"relics_obtained":[{"floor":6,"key":"Toxic Egg 2"},{"floor":9,"key":"Smiling Mask"},{"floor":12,"key":"The Courier"},{"floor":14,"key":"Boot"}],"event_choices":[{"event_name":"Beggar","player_choice":"Gave Gold","floor":20,"damage_taken":0},{"event_name":"Vampires","player_choice":"Became a vampire","floor":21,"damage_taken":0}],"is_beta":false,"boss_relics":[{"not_picked":["Orrery","Calling Bell"],"picked":"Fusion Hammer"}],"items_purged_floors":[],"is_endless":false,"potions_floor_spawned":[5,6,11,14,18],"killed_by":"Slavers","ascension_level":12}