{"gold_per_floor":[117,133,146,166,181,212,212,237,237,217,217,217,236,264,264,366,366,386,400,414,26,45,74,86,109,121,33,65,65,84,99,99,196,196,208,83,97,97,115,145,145,173,200,226,236,270,290,309,309,309],"floor_reached":51,"playtime":6329,"items_purged":["Strike_G","Strike_G","Strike_G"],"score":1210,"play_id":"280775ec-e404-40da-aeb5-6d3b50a52f5e","local_time":"20180727164153","is_ascension_mode":true,"campfire_choices":[{"data":"Neutralize","floor":7,"key":"SMITH"},{"data":"Footwork","floor":11,"key":"SMITH"},{"floor":15,"key":"REST"},{"data":"Cloak And Dagger","floor":24,"key":"SMITH"},{"data":"Footwork","floor":32,"key":"SMITH"},{"floor":49,"key":"REST"}],"neow_cost":"NONE","seed_source_timestamp":249551087739494,"circlet_count":0,"master_deck":["Defend_G+1","Defend_G+1","Defend_G+1","Defend_G+1","Defend_G+1","Strike_G+1","Strike_G+1","Survivor+1","Neutralize+1","Dagger Spray+1","PiercingWail+1","Dagger Spray+1","Backstab+1","Footwork+1","Leg Sweep+1","Adrenaline+1","Adrenaline+1","Noxious Fumes+1","Acrobatics+1","Glass Knife+1","Quick Slash+1","Cloak And Dagger+1","Dash+1","Cloak And Dagger+1","Deflect+1","Tools of the Trade+1","Footwork+1","Malaise+1","Escape Plan","Caltrops+1","Footwork+1","After Image"],"relics":["Ring of the Snake","Omamori","Darkstone Periapt","Blue Candle","Question Card","Vajra","HoveringKite","Dead Branch","MawBank","Shuriken","Gambling Chip","Cursed Key","Mark of the Bloom","Happy Flower","FaceOfCleric","Smiling Mask","Dream Catcher","Nunchaku","Bag of Marbles"],"potions_floor_usage":[14,18,23,28,40,44,46,50,50],"damage_taken":[{"damage":0,"enemies":"Cultist","floor":1,"turns":3},{"damage":0,"enemies":"Small Slimes","floor":2,"turns":4},{"damage":6,"enemies":"Jaw Worm","floor":3,"turns":4},{"damage":3,"enemies":"Blue Slaver","floor":4,"turns":4},{"damage":0,"enemies":"3 Louse","floor":5,"turns":2},{"damage":19,"enemies":"Gremlin Nob","floor":6,"turns":6},{"damage":13,"enemies":"3 Sentries","floor":8,"turns":8},{"damage":0,"enemies":"Red Slaver","floor":13,"turns":3},{"damage":16,"enemies":"Gremlin Nob","floor":14,"turns":4},{"damage":9,"enemies":"The Guardian","floor":16,"turns":13},{"damage":6,"enemies":"3 Byrds","floor":18,"turns":4},{"damage":25,"enemies":"2 Thieves","floor":19,"turns":3},{"damage":0,"enemies":"3 Cultists","floor":20,"turns":5},{"damage":5,"enemies":"Centurion and Healer","floor":22,"turns":5},{"damage":0,"enemies":"Slavers","floor":23,"turns":6},{"damage":2,"enemies":"Cultist and Chosen","floor":25,"turns":3},{"damage":0,"enemies":"Book of Stabbing","floor":28,"turns":3},{"damage":4,"enemies":"Slaver and Parasite","floor":30,"turns":3},{"damage":0,"enemies":"3 Cultists","floor":31,"turns":3},{"damage":0,"enemies":"Automaton","floor":33,"turns":9},{"damage":9,"enemies":"Flame Bruiser 1 Orb","floor":35,"turns":4},{"damage":0,"enemies":"3 Shapes","floor":37,"turns":3},{"damage":0,"enemies":"Spire Growth","floor":39,"turns":4},{"damage":0,"enemies":"2 Orb Walkers","floor":40,"turns":4},{"damage":0,"enemies":"Nemesis","floor":42,"turns":7},{"damage":0,"enemies":"2 Orb Walkers","floor":44,"turns":3},{"damage":0,"enemies":"Sphere and 2 Shapes","floor":45,"turns":3},{"damage":3,"enemies":"Nemesis","floor":46,"turns":7},{"damage":0,"enemies":"4 Shapes","floor":47,"turns":1},{"damage":6,"enemies":"Maw","floor":48,"turns":5},{"damage":0,"enemies":"Awakened One","floor":50,"turns":11}],"seed_played":"-2100024860045547763","potions_obtained":[{"floor":5,"key":"Swift Potion"},{"floor":6,"key":"FearPotion"},{"floor":10,"key":"SneckoOil"},{"floor":13,"key":"Ancient Potion"},{"floor":14,"key":"Swift Potion"},{"floor":20,"key":"FairyPotion"},{"floor":22,"key":"Regen Potion"},{"floor":23,"key":"AttackPotion"},{"floor":28,"key":"Dexterity Potion"},{"floor":40,"key":"Explosive Potion"},{"floor":45,"key":"FearPotion"},{"floor":48,"key":"Swift Potion"}],"is_trial":false,"path_per_floor":["M","M","M","M","M","E","R","E","T","?","R","?","M","E","R","B",null,"M","M","M","$","M","E","R","M","T","$","E","?","M","M","R","B",null,"M","$","M","?","M","E","?","E","T","E","M","E","M","M","R","B"],"character_chosen":"THE_SILENT","items_purchased":["Dead Branch","Cloak And Dagger"],"campfire_rested":2,"item_purchase_floors":[21,21],"current_hp_per_floor":[70,70,64,61,61,42,42,29,29,29,29,29,29,13,34,25,70,64,39,39,39,34,49,49,47,47,47,47,47,43,43,43,43,70,61,61,61,61,61,61,61,61,61,61,61,58,58,52,52,52],"gold":309,"neow_bonus":"THREE_CARDS","is_prod":false,"is_daily":false,"chose_seed":false,"campfire_upgraded":4,"win_rate":0,"timestamp":1532673713,"path_taken":["M","?","M","M","M","E","R","E","T","?","R","?","M","E","R","BOSS","M","M","?","$","M","E","R","M","T","$","E","?","?","M","R","BOSS","M","$","?","?","M","E","?","E","T","E","M","E","M","M","R","BOSS"],"build_version":"2018-07-19v2","purchased_purges":3,"victory":true,"max_hp_per_floor":[70,70,70,70,70,70,70,70,70,70,70,70,70,70,70,70,70,70,70,70,70,70,70,70,70,70,70,70,70,70,70,70,70,70,70,70,70,70,70,70,70,71,71,72,73,74,75,76,76,77],"card_choices":[{"not_picked":["Accuracy","Deadly Poison"],"picked":"Dagger Spray","floor":0},{"not_picked":["Dodge and Roll","Endless Agony"],"picked":"PiercingWail","floor":1},{"not_picked":["Deadly Poison","Finisher"],"picked":"Dagger Spray","floor":2},{"not_picked":["Dagger Spray","Sucker Punch"],"picked":"Backstab","floor":3},{"not_picked":["Outmaneuver","Slice"],"picked":"Footwork","floor":4},{"not_picked":["Poisoned Stab","Dagger Throw"],"picked":"Leg Sweep","floor":5},{"not_picked":["Leg Sweep","Dagger Spray"],"picked":"Adrenaline","floor":6},{"not_picked":["Backflip","Setup"],"picked":"Adrenaline","floor":8},{"not_picked":["Dagger Spray","Quick Slash","Prepared"],"picked":"Noxious Fumes","floor":13},{"not_picked":["Dodge and Roll","PiercingWail","Bane"],"picked":"Acrobatics","floor":14},{"not_picked":["Doppelganger","Adrenaline","Unload"],"picked":"Glass Knife","floor":16},{"not_picked":["Endless Agony+1","Deadly Poison","Well Laid Plans"],"picked":"Quick Slash+1","floor":18},{"not_picked":["Quick Slash","Poisoned Stab","Bouncing Flask"],"picked":"Cloak And Dagger","floor":19},{"not_picked":["Eviscerate","Caltrops","Outmaneuver"],"picked":"Dash","floor":20},{"not_picked":["Heel Hook","Prepared","All Out Attack"],"picked":"Deflect+1","floor":22},{"not_picked":["Underhanded Strike","Glass Knife","All Out Attack"],"picked":"Tools of the Trade","floor":23},{"not_picked":["Predator+1","Poisoned Stab","Choke","Flechettes"],"picked":"SKIP","floor":25},{"not_picked":["Expertise+1","Terror","Cloak And Dagger","Acrobatics"],"picked":"SKIP","floor":28},{"not_picked":["Underhanded Strike","Dagger Throw+1","Deadly Poison","Dagger Spray"],"picked":"SKIP","floor":30},{"not_picked":["Dagger Spray","Dagger Throw","Night Terror"],"picked":"Footwork","floor":31},{"not_picked":["Corpse Explosion","Grand Finale","Night Terror"],"picked":"Malaise","floor":33},{"not_picked":["Caltrops+1","Dodge and Roll","Underhanded Strike","Accuracy"],"picked":"SKIP","floor":35},{"not_picked":["Riddle With Holes","Flying Knee","Outmaneuver+1","Eviscerate+1"],"picked":"SKIP","floor":37},{"not_picked":["Backflip","Blade Dance","Envenom"],"picked":"Escape Plan","floor":39},{"not_picked":["Dagger Spray","Poisoned Stab+1","Slice"],"picked":"Caltrops+1","floor":40},{"not_picked":["Acrobatics+1","Prepared+1","Heel Hook","Poisoned Stab+1"],"picked":"SKIP","floor":42},{"not_picked":["Cloak And Dagger","Acrobatics+1","Outmaneuver","Slice+1"],"picked":"SKIP","floor":44},{"not_picked":["Corpse Explosion","Cloak And Dagger+1","Slice","Heel Hook"],"picked":"SKIP","floor":45},{"not_picked":["Skewer","Quick Slash","Dagger Throw"],"picked":"Footwork+1","floor":46},{"not_picked":["Choke","PiercingWail","Cloak And Dagger+1","Leg Sweep"],"picked":"SKIP","floor":47},{"not_picked":["Deflect","Heel Hook+1","Prepared+1","Flying Knee+1"],"picked":"SKIP","floor":48},{"not_picked":["Blur","Skewer","Deadly Poison+1"],"picked":"After Image","floor":49}],"player_experience":165927,"relics_obtained":[{"floor":6,"key":"Omamori"},{"floor":8,"key":"Darkstone Periapt"},{"floor":9,"key":"Blue Candle"},{"floor":14,"key":"Vajra"},{"floor":23,"key":"MawBank"},{"floor":26,"key":"Shuriken"},{"floor":28,"key":"Gambling Chip"},{"floor":40,"key":"Happy Flower"},{"floor":42,"key":"Smiling Mask"},{"floor":43,"key":"Dream Catcher"},{"floor":44,"key":"Nunchaku"},{"floor":46,"key":"Bag of Marbles"}],"event_choices":[{"event_name":"The Woman in Blue","player_choice":"Bought 1 Potion","floor":10,"damage_taken":0},{"event_name":"Big Fish","player_choice":"Box","floor":12,"damage_taken":0},{"event_name":"Beggar","player_choice":"Ignored","floor":29,"damage_taken":0},{"event_name":"MindBloom","player_choice":"Upgrade","floor":38,"damage_taken":0},{"event_name":"FaceTrader","player_choice":"Trade","floor":41,"damage_taken":0}],"is_beta":false,"boss_relics":[{"not_picked":["Calling Bell","Velvet Choker"],"picked":"HoveringKite"},{"not_picked":["White Beast Statue","Tiny House"],"picked":"Cursed Key"}],"items_purged_floors":[21,27,36],"is_endless":false,"potions_floor_spawned":[5,6,13,14,20,22,23,25,28,37,40,42,45,48],"ascension_level":4}