{"gold_per_floor":[110,124,137,312,324,324,334,334,334,334,350,350,350,5,5,110,110,122,122,32],"floor_reached":20,"playtime":655,"items_purged":["Doubt"],"score":180,"play_id":"3f5bd95a-dbc3-47cb-8bc6-8b27a25dc68d","local_time":"20190417193948","is_ascension_mode":true,"campfire_choices":[{"data":"Sunder","floor":6,"key":"SMITH"},{"data":"Zap","floor":8,"key":"SMITH"},{"data":"Self Repair","floor":10,"key":"SMITH"},{"data":"Dualcast","floor":15,"key":"SMITH"}],"neow_cost":"NONE","seed_source_timestamp":18625957463740,"circlet_count":0,"master_deck":["Strike_B","Defend_B","Defend_B","Defend_B","Defend_B","Zap+1","Dualcast+1","Sunder+1","Steam","Ball Lightning","Redo","Self Repair+1","Auto Shields","Chaos","Echo Form","Barricade"],"relics":["Cracked Core","Singing Bowl","PrismaticShard","Empty Cage"],"potions_floor_usage":[],"damage_taken":[{"damage":5,"enemies":"Small Slimes","floor":1,"turns":3},{"damage":0,"enemies":"2 Louse","floor":2,"turns":1},{"damage":0,"enemies":"Cultist","floor":3,"turns":3},{"damage":14,"enemies":"Gremlin Gang","floor":5,"turns":3},{"damage":0,"enemies":"Large Slime","floor":7,"turns":5},{"damage":16,"enemies":"2 Fungi Beasts","floor":11,"turns":3},{"damage":22,"enemies":"The Guardian","floor":16,"turns":9},{"damage":61,"enemies":"Shell Parasite","floor":18,"turns":10},{"damage":44,"enemies":"2 Thieves","floor":20,"turns":3}],"seed_played":"-1612704309022365220","potions_obtained":[{"floor":1,"key":"FocusPotion"},{"floor":5,"key":"SkillPotion"}],"is_trial":false,"path_per_floor":["?","?","?","?"],"character_chosen":"DEFECT","items_purchased":["PrismaticShard","Echo Form"],"campfire_rested":0,"item_purchase_floors":[14,14],"current_hp_per_floor":[77,77,77,77,63,63,63,63,63,63,57,62,62,62,62,50,87,38,38,0],"gold":32,"neow_bonus":"TEN_PERCENT_HP_BONUS","is_prod":false,"is_daily":false,"chose_seed":false,"campfire_upgraded":4,"win_rate":0,"timestamp":1555544388,"path_taken":["M","M","M","?","M","R","M","R","T","R","M","?","?","$","R","BOSS","M","?","M"],"build_version":"2019-01-23","purchased_purges":1,"victory":false,"max_hp_per_floor":[82,82,82,82,82,82,82,82,82,82,82,87,87,87,87,87,87,89,89,89],"card_choices":[{"not_picked":["Capacitor","Gash"],"picked":"Sunder","floor":1},{"not_picked":["Steam Power","Fusion"],"picked":"Steam","floor":2},{"not_picked":["Steam","Darkness"],"picked":"Ball Lightning","floor":3},{"not_picked":["Barrage","Turbo"],"picked":"Redo","floor":5},{"not_picked":["Redo","Gash"],"picked":"Self Repair","floor":7},{"not_picked":["All For One","Ball Lightning"],"picked":"Auto Shields","floor":11},{"not_picked":["Seek","Machine Learning"],"picked":"Barricade","floor":16},{"not_picked":["Skim","Twin Strike","Sword Boomerang"],"picked":"Singing Bowl","floor":18}],"player_experience":184928,"relics_obtained":[{"floor":9,"key":"Singing Bowl"}],"event_choices":[{"damage_healed":0,"gold_gain":175,"player_choice":"AGREE","damage_taken":0,"max_hp_gain":0,"max_hp_loss":0,"event_name":"Liars Game","floor":4,"gold_loss":0,"cards_obtained":["Doubt"]},{"damage_healed":0,"gold_gain":0,"player_choice":"Donut","damage_taken":0,"max_hp_gain":5,"max_hp_loss":0,"event_name":"Big Fish","floor":12,"gold_loss":0},{"damage_healed":0,"gold_gain":0,"player_choice":"1 cards matched","damage_taken":0,"max_hp_gain":0,"max_hp_loss":0,"event_name":"Match and Keep!","floor":13,"gold_loss":0,"cards_obtained":["Chaos"]},{"cards_removed":["Strike_B"],"damage_healed":0,"gold_gain":0,"player_choice":"Purged","damage_taken":0,"max_hp_gain":0,"max_hp_loss":0,"event_name":"Purifier","floor":19,"gold_loss":0}],"is_beta":false,"boss_relics":[{"not_picked":["Pandora\u0027s Box","Orrery"],"picked":"Empty Cage"}],"items_purged_floors":[14],"is_endless":false,"potions_floor_spawned":[1,5],"killed_by":"2 Thieves","ascension_level":2}