{"gold_per_floor":[112,122,10,10,28,59,71,110,171,183,270,313,325,355,367,505,517,545,557,994,1027,1058,1070,165,179,204,204,204,119,9,48,48,174,174,188,211,211,236,259,259,298,312,364,399,422,422,438,11,11,11],"floor_reached":51,"playtime":3537,"items_purged":["Bullet Time"],"score":1249,"play_id":"7c91dd67-deb6-4122-a207-4a3bba8c8f2c","local_time":"20190420233512","is_ascension_mode":true,"campfire_choices":[{"data":"Adrenaline","floor":7.0,"key":"SMITH"},{"floor":13.0,"key":"REST"},{"data":"Footwork","floor":15.0,"key":"SMITH"},{"floor":23.0,"key":"REST"},{"floor":27.0,"key":"REST"},{"floor":32.0,"key":"REST"},{"floor":40,"key":"REST"},{"floor":46,"key":"REST"},{"floor":49,"key":"REST"}],"neow_cost":"NONE","seed_source_timestamp":784059521237700,"circlet_count":0,"master_deck":["Survivor","Neutralize","After Image","Acrobatics","Adrenaline+1","Cloak And Dagger","Glass Knife","Bane+1","Corpse Explosion+1","Prepared+1","Catalyst","Escape Plan","Footwork+1","Dodge and Roll","Backstab+1","Deflect","Calculated Gamble","A Thousand Cuts","Catalyst+1","Deflect","Distraction+1","Cloak And Dagger","Deadly Poison+1","Acrobatics","Footwork","Outmaneuver+1","PiercingWail","PiercingWail+1","Backflip+1","Tools of the Trade","Prepared+1","Backflip+1","Outmaneuver+1","Blur+1","Footwork+1","Apotheosis"],"special_seed":0,"relics":["Pandora\u0027s Box","The Courier","MawBank","Whetstone","Juzu Bracelet","Golden Idol","Matryoshka","Fusion Hammer","Old Coin","Bottled Lightning","Membership Card","Mummified Hand","Unceasing Top","Question Card","PreservedInsect","Pen Nib","Art of War","Dream Catcher","Bronze Scales","Oddly Smooth Stone","Strawberry","Regal Pillow","Pear","Meat on the Bone","Singing Bowl","Sozu","Snake Skull","Bag of Marbles","War Paint","Potion Belt","HandDrill","Vajra","Tough Bandages","Ancient Tea Set"],"potions_floor_usage":[],"damage_taken":[{"damage":0.0,"enemies":"2 Louse","floor":1.0,"turns":2.0},{"damage":3.0,"enemies":"Jaw Worm","floor":2.0,"turns":3.0},{"damage":0.0,"enemies":"Small Slimes","floor":5.0,"turns":3.0},{"damage":17.0,"enemies":"Gremlin Nob","floor":6.0,"turns":3.0},{"damage":6.0,"enemies":"Lagavulin","floor":8.0,"turns":6.0},{"damage":18.0,"enemies":"Gremlin Nob","floor":12.0,"turns":3.0},{"damage":0.0,"enemies":"Looter","floor":14.0,"turns":2.0},{"damage":3.0,"enemies":"The Guardian","floor":16.0,"turns":12.0},{"damage":12.0,"enemies":"2 Thieves","floor":18.0,"turns":2.0},{"damage":12.0,"enemies":"Colosseum Slavers","floor":20.0,"turns":3.0},{"damage":20.0,"enemies":"Colosseum Nobs","floor":20.0,"turns":3.0},{"damage":0.0,"enemies":"3 Byrds","floor":21.0,"turns":2.0},{"damage":2.0,"enemies":"Centurion and Healer","floor":22.0,"turns":3.0},{"damage":6.0,"enemies":"Shelled Parasite and Fungi","floor":25.0,"turns":4.0},{"damage":0.0,"enemies":"Slavers","floor":31.0,"turns":1.0},{"damage":5.0,"enemies":"Champ","floor":33.0,"turns":7.0},{"damage":0.0,"enemies":"Orb Walker","floor":35.0,"turns":4.0},{"damage":4,"enemies":"3 Darklings","floor":36,"turns":3},{"damage":2,"enemies":"Spire Growth","floor":38,"turns":3},{"damage":12,"enemies":"Transient","floor":39,"turns":5},{"damage":0,"enemies":"Nemesis","floor":41,"turns":3},{"damage":0,"enemies":"Jaw Worm Horde","floor":42,"turns":3},{"damage":0,"enemies":"Giant Head","floor":44,"turns":5},{"damage":0,"enemies":"4 Shapes","floor":45,"turns":1},{"damage":0,"enemies":"Transient","floor":47,"turns":5},{"damage":0,"enemies":"Donu and Deca","floor":50,"turns":5}],"seed_played":"-7999662929730458110","potions_obtained":[{"floor":5.0,"key":"Fire Potion"},{"floor":6.0,"key":"Swift Potion"},{"floor":8.0,"key":"Regen Potion"},{"floor":21.0,"key":"LiquidBronze"},{"floor":28.0,"key":"Swift Potion"},{"floor":33.0,"key":"Energy Potion"}],"is_trial":false,"path_per_floor":["M","M","$","?","M","E","R","E","T","?","?","E","R","M","R","B",null,"M","?","?","M","M","R","$","M","T","R","?","?","$","E","R","B",null,"M","M","?","M","M","R","E","M","T","E","M","R","M","$","R","B",null],"character_chosen":"THE_SILENT","items_purchased":["Escape Plan","Footwork","Membership Card","Mummified Hand","Unceasing Top","Question Card","PreservedInsect","Pen Nib","Art of War","PowerPotion","Regen Potion","Swift Potion","Dream Catcher","Bronze Scales","Oddly Smooth Stone","Meat on the Bone","Footwork","Apotheosis","HandDrill","Vajra","Tough Bandages","Ancient Tea Set"],"campfire_rested":7,"item_purchase_floors":[3,3,24,24,24,24,24,24,24,24,24,24,24,24,24,30,30,48,48,48,48,48],"current_hp_per_floor":[63,60,60,57,57,40,40,34,34,34,23,17,36,36,36,33,57,45,45,13,13,11,30,30,36,43,72,72,82,82,84,84,79,83,83,79,79,77,65,84,84,84,84,84,86,86,88,88,90,90],"gold":11,"neow_bonus":"BOSS_RELIC","is_prod":false,"is_daily":false,"chose_seed":false,"campfire_upgraded":2,"win_rate":0,"timestamp":1555770912,"path_taken":["M","M","$","?","M","E","R","E","T","?","?","E","R","M","R","BOSS","M","?","?","M","M","R","$","M","T","R","?","?","$","E","R","BOSS","M","M","?","M","M","R","E","M","T","E","M","R","M","$","R","BOSS"],"build_version":"2019-01-23","purchased_purges":1,"victory":true,"max_hp_per_floor":[70,70,70,70,70,70,70,70,70,65,65,65,65,65,65,65,65,65,65,65,65,65,65,65,65,72,72,72,82,82,84,84,84,84,84,84,84,84,84,84,84,84,84,84,86,86,88,88,90,90],"card_choices":[{"not_picked":["Dagger Spray","Flying Knee"],"picked":"Catalyst","floor":1.0},{"not_picked":["Concentrate","Poisoned Stab","Bane"],"picked":"SKIP","floor":2.0},{"not_picked":["Sucker Punch","Dagger Throw"],"picked":"Dodge and Roll","floor":5.0},{"not_picked":["Heel Hook","Glass Knife"],"picked":"Backstab","floor":6.0},{"not_picked":["Dagger Throw","Masterful Stab","Poisoned Stab"],"picked":"SKIP","floor":8.0},{"not_picked":["Bane","Phantasmal Killer"],"picked":"Deflect","floor":12.0},{"not_picked":["Crippling Poison","Deadly Poison"],"picked":"Calculated Gamble","floor":14.0},{"not_picked":["Bullet Time","Glass Knife"],"picked":"A Thousand Cuts","floor":16.0},{"not_picked":["Blade Dance","Flying Knee+1"],"picked":"Catalyst+1","floor":18.0},{"not_picked":["Slice+1","Dodge and Roll"],"picked":"Distraction+1","floor":20.0},{"not_picked":["Quick Slash","Riddle With Holes+1"],"picked":"Cloak And Dagger","floor":21.0},{"not_picked":["Cloak And Dagger","Underhanded Strike+1","Sucker Punch"],"picked":"SKIP","floor":22.0},{"not_picked":["Poisoned Stab","Distraction","Night Terror"],"picked":"Deadly Poison+1","floor":25.0},{"not_picked":["Accuracy","Flying Knee","Endless Agony"],"picked":"Acrobatics","floor":27.0},{"not_picked":["Masterful Stab","Envenom","Choke","Deadly Poison"],"picked":"Singing Bowl","floor":31.0},{"not_picked":["Cloak And Dagger","Blade Dance","Well Laid Plans"],"picked":"Outmaneuver+1","floor":32.0},{"not_picked":["Venomology","Doppelganger","Bullet Time"],"picked":"After Image","floor":33.0},{"not_picked":["Dodge and Roll+1","Deadly Poison","Dagger Throw"],"picked":"PiercingWail","floor":35.0},{"not_picked":["Dodge and Roll","Flechettes","Dagger Throw+1"],"picked":"PiercingWail+1","floor":36},{"not_picked":["Dodge and Roll+1","Poisoned Stab","Terror"],"picked":"Backflip+1","floor":38},{"not_picked":["Deflect","Dodge and Roll","Setup"],"picked":"Tools of the Trade","floor":39},{"not_picked":["Outmaneuver","PiercingWail","Flying Knee+1"],"picked":"Prepared+1","floor":40},{"not_picked":["Sucker Punch","Cloak And Dagger","Deflect+1"],"picked":"Backflip+1","floor":41},{"not_picked":["Bane+1","Caltrops+1","Deadly Poison"],"picked":"Outmaneuver+1","floor":42},{"not_picked":["Distraction+1","Acrobatics+1","Dagger Spray+1"],"picked":"Blur+1","floor":44},{"not_picked":["Poisoned Stab","PiercingWail","Bane","Corpse Explosion"],"picked":"Singing Bowl","floor":45},{"not_picked":["Blade Dance","Blur+1","Heel Hook+1"],"picked":"Footwork+1","floor":46},{"not_picked":["Deadly Poison+1","Sucker Punch+1","Dagger Throw+1","Backflip+1"],"picked":"Singing Bowl","floor":47},{"not_picked":["Flying Knee","Finisher","Sucker Punch","Deadly Poison"],"picked":"Singing Bowl","floor":49}],"player_experience":653079,"relics_obtained":[{"floor":6.0,"key":"MawBank"},{"floor":8.0,"key":"Whetstone"},{"floor":9.0,"key":"Juzu Bracelet"},{"floor":12.0,"key":"Matryoshka"},{"floor":20.0,"key":"Old Coin"},{"floor":20.0,"key":"Bottled Lightning"},{"floor":26.0,"key":"Strawberry"},{"floor":26.0,"key":"Regal Pillow"},{"floor":31.0,"key":"Singing Bowl"},{"floor":41,"key":"Snake Skull"},{"floor":43,"key":"Bag of Marbles"},{"floor":43,"key":"War Paint"},{"floor":44,"key":"Potion Belt"}],"event_choices":[{"damage_healed":0.0,"max_hp_gain":0.0,"max_hp_loss":0.0,"gold_gain":0.0,"event_name":"Scrap Ooze","player_choice":"Success","floor":4.0,"gold_loss":0.0,"damage_taken":3.0,"relics_obtained":["The Courier"]},{"damage_healed":0.0,"max_hp_gain":0.0,"max_hp_loss":5.0,"gold_gain":0.0,"event_name":"Golden Idol","player_choice":"Lose Max HP","floor":10.0,"gold_loss":0.0,"damage_taken":0.0,"relics_obtained":["Golden Idol"]},{"damage_healed":0.0,"max_hp_gain":0.0,"max_hp_loss":0.0,"gold_gain":75.0,"event_name":"World of Goop","player_choice":"Gather Gold","floor":11.0,"gold_loss":0.0,"damage_taken":11.0},{"damage_healed":0.0,"max_hp_gain":0.0,"max_hp_loss":0.0,"gold_gain":0.0,"cards_transformed":["Accuracy","Concentrate"],"event_name":"Drug Dealer","player_choice":"Became Test Subject","floor":19.0,"gold_loss":0.0,"damage_taken":0.0,"cards_obtained":["Bullet Time","Deflect"]},{"damage_healed":0.0,"max_hp_gain":0.0,"max_hp_loss":0.0,"gold_gain":0.0,"event_name":"Colosseum","player_choice":"Fight","floor":20.0,"gold_loss":0.0,"damage_taken":0.0},{"damage_healed":0.0,"max_hp_gain":0.0,"max_hp_loss":0.0,"gold_gain":0.0,"event_name":"Colosseum","player_choice":"Fought Nobs","floor":20.0,"gold_loss":0.0,"damage_taken":0.0},{"damage_healed":0.0,"max_hp_gain":0.0,"max_hp_loss":0.0,"gold_gain":0.0,"event_name":"Lab","player_choice":"Got Potions","floor":28.0,"gold_loss":0.0,"damage_taken":0.0},{"damage_healed":0.0,"max_hp_gain":0.0,"max_hp_loss":0.0,"gold_gain":0.0,"event_name":"Addict","player_choice":"Obtained Relic","floor":29.0,"gold_loss":85.0,"damage_taken":0.0,"relics_obtained":["Pear"]},{"cards_removed":["After Image"],"damage_healed":0,"gold_gain":0,"player_choice":"Removed Power","damage_taken":0,"max_hp_gain":0,"max_hp_loss":0,"event_name":"Falling","floor":37,"gold_loss":0}],"is_beta":false,"boss_relics":[{"not_picked":["Tiny House","Snecko Eye"],"picked":"Fusion Hammer"},{"not_picked":["Eternal Feather","HoveringKite"],"picked":"Sozu"}],"items_purged_floors":[48],"is_endless":false,"potions_floor_spawned":[5,6,8,21,31,33,35,38,42],"ascension_level":6}