{"gold_per_floor":[109,109,129,54,129,129,158,158,207,22,35,35,35,49,49,120,120,135,150,150,168,182,182,198,209,209,124,124],"floor_reached":28,"playtime":1647,"items_purged":["Regret"],"score":453,"play_id":"029bf453-4916-4c36-904a-f22532903725","local_time":"20190403222851","is_ascension_mode":true,"campfire_choices":[{"data":"Dagger Throw","floor":6,"key":"SMITH"},{"data":"Underhanded Strike","floor":13,"key":"SMITH"},{"data":"Backflip","floor":15,"key":"SMITH"},{"floor":23,"key":"REST"}],"neow_cost":"NONE","seed_source_timestamp":688915996619568,"circlet_count":0,"master_deck":["AscendersBane","Defend_G","Defend_G","Defend_G","Defend_G","Strike_G","Strike_G","Strike_G","Strike_G","Survivor","Neutralize","Dagger Throw+1","Slice","PiercingWail","Underhanded Strike+1","All Out Attack","Backflip+1","Infinite Blades+1","Dodge and Roll+1","Heel Hook+1","Quick Slash","Acrobatics","Backflip+1","Reflex","Terror+1","Sucker Punch+1"],"relics":["Ring of the Snake","NeowsBlessing","Question Card","Omamori","Mercury Hourglass","Happy Flower","Strawberry","Astrolabe","Anchor","Matryoshka"],"potions_floor_usage":[16,16,19,21,22,24,25,25],"damage_taken":[{"damage":0,"enemies":"Jaw Worm","floor":1,"turns":1},{"damage":0,"enemies":"Cultist","floor":3,"turns":1},{"damage":0,"enemies":"Lagavulin","floor":7,"turns":1},{"damage":0,"enemies":"2 Louse","floor":11,"turns":2},{"damage":0,"enemies":"Gremlin Gang","floor":14,"turns":2},{"damage":24,"enemies":"Slime Boss","floor":16,"turns":9},{"damage":52,"enemies":"3 Byrds","floor":18,"turns":6},{"damage":0,"enemies":"2 Thieves","floor":19,"turns":3},{"damage":12,"enemies":"Chosen and Byrds","floor":21,"turns":6},{"damage":1,"enemies":"Centurion and Healer","floor":22,"turns":7},{"damage":9,"enemies":"Snake Plant","floor":24,"turns":5},{"damage":11,"enemies":"3 Cultists","floor":25,"turns":5},{"damage":11,"enemies":"Shelled Parasite and Fungi","floor":28,"turns":3}],"seed_played":"-5394026303355219444","potions_obtained":[{"floor":3,"key":"Fire Potion"},{"floor":7,"key":"Dexterity Potion"},{"floor":16,"key":"Regen Potion"},{"floor":20,"key":"Weak Potion"},{"floor":20,"key":"Block Potion"},{"floor":21,"key":"Weak Potion"},{"floor":22,"key":"Poison Potion"},{"floor":24,"key":"Fire Potion"}],"is_trial":false,"path_per_floor":["M","?","M","$","?","R","E","T","T","$","M","$","R","M","R","B",null,"M","M","?","M","M","R","M","M","T","?","M"],"character_chosen":"THE_SILENT","items_purchased":["Underhanded Strike","Strawberry"],"campfire_rested":1,"item_purchase_floors":[10,10],"current_hp_per_floor":[59,59,59,59,48,48,48,48,48,55,55,55,55,55,55,31,63,11,20,20,8,7,28,19,8,8,8,0],"gold":124,"neow_bonus":"THREE_ENEMY_KILL","is_prod":false,"is_daily":false,"chose_seed":false,"campfire_upgraded":3,"win_rate":0,"timestamp":1554344931,"path_taken":["M","?","M","$","?","R","E","?","T","$","M","?","R","M","R","BOSS","M","?","?","M","M","R","M","?","T","?","M"],"build_version":"2019-01-23","purchased_purges":1,"victory":false,"max_hp_per_floor":[66,66,66,66,66,66,66,66,66,73,73,73,73,73,73,73,73,73,73,73,73,73,73,73,73,73,73,73],"card_choices":[{"not_picked":["Deflect","Prepared"],"picked":"Dagger Throw","floor":1},{"not_picked":["Distraction","Caltrops","Deadly Poison"],"picked":"Slice","floor":3},{"not_picked":["Eviscerate","Tactician","Tools of the Trade"],"picked":"PiercingWail","floor":7},{"not_picked":["Terror","Bane","Blade Dance"],"picked":"All Out Attack","floor":11},{"not_picked":["Bane","Dagger Throw","Slice"],"picked":"Backflip","floor":14},{"not_picked":["Burst","Grand Finale","Doppelganger"],"picked":"Phantasmal Killer","floor":16},{"not_picked":["Prepared","Poisoned Stab","Deflect"],"picked":"Quick Slash","floor":18},{"not_picked":["Backflip","Underhanded Strike","Escape Plan"],"picked":"Acrobatics","floor":19},{"not_picked":["Acrobatics+1","Dodge and Roll","Blade Dance"],"picked":"Backflip+1","floor":21},{"not_picked":["Envenom","Noxious Fumes","Outmaneuver"],"picked":"Reflex","floor":22},{"not_picked":["Tactician","Quick Slash","Underhanded Strike+1"],"picked":"Terror+1","floor":24},{"not_picked":["Deflect","Distraction+1","Endless Agony"],"picked":"Sucker Punch+1","floor":25}],"player_experience":911683,"relics_obtained":[{"floor":7,"key":"Omamori"},{"floor":8,"key":"Mercury Hourglass"},{"floor":9,"key":"Happy Flower"},{"floor":26,"key":"Anchor"}],"event_choices":[{"damage_healed":0,"gold_gain":0,"player_choice":"Box","damage_taken":0,"relics_obtained":["Question Card"],"max_hp_gain":0,"max_hp_loss":0,"event_name":"Big Fish","floor":2,"gold_loss":0,"cards_obtained":["Regret"]},{"damage_healed":0,"gold_gain":75,"player_choice":"Gather Gold","damage_taken":11,"max_hp_gain":0,"max_hp_loss":0,"event_name":"World of Goop","floor":5,"gold_loss":0},{"damage_healed":0,"gold_gain":0,"player_choice":"Got Potions","damage_taken":0,"max_hp_gain":0,"max_hp_loss":0,"event_name":"Lab","floor":20,"gold_loss":0},{"damage_healed":0,"gold_gain":0,"player_choice":"Obtained Relic","damage_taken":0,"relics_obtained":["Matryoshka"],"max_hp_gain":0,"max_hp_loss":0,"event_name":"Addict","floor":27,"gold_loss":85}],"is_beta":false,"boss_relics":[{"not_picked":["Runic Dome","HoveringKite"],"picked":"Astrolabe"}],"items_purged_floors":[4],"is_endless":false,"potions_floor_spawned":[3,7,16,21,22,24],"killed_by":"Shelled Parasite and Fungi","ascension_level":17}