{"path_per_floor":["M","M","$","?","?","E","$","M","T","?","R","M","R","M","R","B",null,"M","M","?","?","$","R","?","E","T","E","?","R","T","$","R","B",null,"M","M","?","M","M","R","M","R","T","M","E","$","?","?","R","B"],"character_chosen":"IRONCLAD","items_purchased":["Self Forming Clay","Frozen Eye","Seeing Red"],"gold_per_floor":[109,125,50,50,50,80,80,96,120,220,220,232,232,247,247,342,342,357,372,372,372,30,30,30,56,105,437,437,437,462,51,51,155,155,167,187,235,247,267,267,284,284,284,300,331,108,408,408,408,408],"floor_reached":51,"campfire_rested":0,"playtime":2927,"current_hp_per_floor":[80,80,80,73,57,63,63,67,67,67,67,68,68,53,53,55,80,67,69,69,56,56,56,56,51,51,37,37,37,37,37,37,13,56,46,54,38,42,42,42,42,42,42,46,52,52,52,52,52,15],"items_purged":["Strike_R","Bite","Bite","Doubt"],"gold":408,"score":636,"play_id":"51ce5576-dfcc-45ef-8c55-e189de5d4ed6","is_prod":false,"is_daily":false,"is_ascension_mode":false,"campfire_upgraded":6,"path_taken":["M","M","$","?","?","E","$","M","T","?","R","M","R","M","R","BOSS","M","M","?","?","$","R","?","E","T","E","?","R","?","$","R","BOSS","M","M","?","M","M","R","M","R","T","M","E","$","?","?","R","BOSS"],"build_version":"2018-02-12-PROD1","purchased_purges":4,"victory":true,"master_deck":["Defend_R+1","Defend_R+1","Defend_R+1","Defend_R+1","Inflame+1","Pommel Strike","Body Slam+1","Battle Trance+1","Offering+1","Disarm+1","Bite","Bite","Whirlwind+1","Demon Form+1","True Grit+1","Shrug It Off+1","Seeing Red"],"max_hp_per_floor":[80,80,80,80,80,80,80,80,80,80,80,80,80,80,80,80,80,80,80,80,56,56,56,56,56,56,56,56,56,56,56,56,56,56,56,56,56,56,56,56,56,56,56,59,59,59,59,59,59,59],"relics":["Burning Blood","NeowsBlessing","Juzu Bracelet","Pen Nib","Runic Pyramid","Self Forming Clay","Shovel","Dream Catcher","Old Coin","War Paint","Frozen Eye","Cursed Key","Bird Faced Urn","Bag of Marbles","Prayer Wheel","Dead Branch","Red Skull","Charon\u0027s Ashes"],"card_choices":[{"not_picked":["Shrug It Off","Second Wind"],"picked":"Inflame"},{"not_picked":["Spot Weakness","Clothesline"],"picked":"Pommel Strike"},{"not_picked":["Wild Strike","Corruption"],"picked":"Body Slam"},{"not_picked":["Combust","Warcry"],"picked":"Battle Trance"},{"not_picked":["Dark Embrace","Impervious"],"picked":"Offering"},{"not_picked":["Clash","Warcry"],"picked":"Disarm"},{"not_picked":["Pommel Strike","Infernal Blade"],"picked":"Demon Form"},{"not_picked":["Evolve","Searing Blow"],"picked":"True Grit"},{"not_picked":["Wild Strike","Searing Blow"],"picked":"Shrug It Off"}],"player_experience":102683,"potions_floor_usage":[16,16,33,50,50,50],"damage_taken":[{"damage":0,"enemies":"Small Slimes","floor":1,"turns":1},{"damage":0,"enemies":"2 Louse","floor":2,"turns":1},{"damage":0,"enemies":"Lagavulin","floor":6,"turns":1},{"damage":2,"enemies":"Jaw Worm","floor":8,"turns":4},{"damage":5,"enemies":"Looter","floor":12,"turns":3},{"damage":21,"enemies":"3 Louse","floor":14,"turns":3},{"damage":4,"enemies":"Slime Boss","floor":16,"turns":5},{"damage":19,"enemies":"2 Thieves","floor":18,"turns":3},{"damage":4,"enemies":"Spheric Guardian","floor":19,"turns":3},{"damage":13,"enemies":"Book of Stabbing","floor":25,"turns":3},{"damage":30,"enemies":"Slavers","floor":27,"turns":6},{"damage":36,"enemies":"Collector","floor":33,"turns":6},{"damage":20,"enemies":"Orb Walker","floor":35,"turns":4},{"damage":4,"enemies":"3 Shapes","floor":36,"turns":5},{"damage":30,"enemies":"Mysterious Sphere","floor":37,"turns":4},{"damage":20,"enemies":"Maw","floor":38,"turns":6},{"damage":20,"enemies":"Sphere and 2 Shapes","floor":39,"turns":4},{"damage":12,"enemies":"3 Darklings","floor":41,"turns":3},{"damage":19,"enemies":"4 Shapes","floor":44,"turns":7},{"damage":0,"enemies":"2 Orb Walkers","floor":45,"turns":1},{"damage":57,"enemies":"Time Eater","floor":50,"turns":7}],"event_choices":[{"event_name":"Golden Wing","player_choice":"Card Removal","floor":4,"damage_taken":0},{"event_name":"Shining Light","player_choice":"Entered Light","floor":5,"damage_taken":0},{"event_name":"Golden Shrine","player_choice":"Pray","floor":10,"damage_taken":0},{"event_name":"Back to Basics","player_choice":"Simplicity","floor":20,"damage_taken":0},{"event_name":"Vampires","player_choice":"Became a vampire","floor":21,"damage_taken":0},{"event_name":"Match and Keep!","player_choice":"1 cards matched","floor":24,"damage_taken":0},{"event_name":"Bonfire Elementals","player_choice":"SPECIAL","floor":28,"damage_taken":0},{"event_name":"Mysterious Sphere","player_choice":"Fight","floor":37,"damage_taken":0},{"event_name":"Wheel of Change","player_choice":"Gold","floor":47,"damage_taken":0},{"event_name":"Purifier","player_choice":"One Purge","floor":48,"damage_taken":0}],"boss_relics":[{"not_picked":["Question Card","Tiny House"],"picked":"Runic Pyramid"},{"not_picked":["Mark of Pain","Snecko Eye"],"picked":"Cursed Key"}],"potions_floor_spawned":[1,14,25,27,38,44,45],"seed_played":"5517948658509382886","ascension_level":0,"is_trial":false}