{"gold_per_floor":[119,135,135,13,28,63,63,96,96,112,112,193,6,17,17,121,121,140,15,15,35,47,47,75,75],"floor_reached":25,"playtime":1203,"items_purged":["Strike_R","Strike_R","Strike_R"],"score":370,"play_id":"c4428874-f071-4450-aeb1-1f4705d2272a","local_time":"20190420161840","is_ascension_mode":true,"campfire_choices":[{"data":"Bash","floor":7,"key":"SMITH"},{"floor":11,"key":"REST"},{"data":"Uppercut","floor":15,"key":"SMITH"},{"data":"Clothesline","floor":23,"key":"SMITH"}],"neow_cost":"NONE","seed_source_timestamp":674300072362100,"circlet_count":0,"master_deck":["AscendersBane","Strike_R","Defend_R","Defend_R","Defend_R","Defend_R","Bash+1","Carnage","Inflame","Shrug It Off","Clothesline+1","True Grit","Whirlwind","Body Slam","Uppercut+1","Reaper","Heavy Blade","Corruption","Iron Wave"],"relics":["Burning Blood","NeowsBlessing","Omamori","Magic Flower","Blue Candle","Paper Frog","Sozu","Gambling Chip"],"potions_floor_usage":[16,18,21],"damage_taken":[{"damage":0,"enemies":"Cultist","floor":1,"turns":1},{"damage":0,"enemies":"Jaw Worm","floor":2,"turns":1},{"damage":0,"enemies":"Small Slimes","floor":5,"turns":1},{"damage":24,"enemies":"Gremlin Nob","floor":6,"turns":5},{"damage":47,"enemies":"3 Sentries","floor":8,"turns":9},{"damage":5,"enemies":"Red Slaver","floor":10,"turns":4},{"damage":8,"enemies":"Large Slime","floor":14,"turns":6},{"damage":39,"enemies":"The Guardian","floor":16,"turns":12},{"damage":28,"enemies":"Shell Parasite","floor":18,"turns":6},{"damage":23,"enemies":"2 Thieves","floor":21,"turns":3},{"damage":31,"enemies":"Centurion and Healer","floor":22,"turns":7},{"damage":51,"enemies":"Book of Stabbing","floor":24,"turns":5},{"damage":20,"enemies":"3 Cultists","floor":25,"turns":4}],"seed_played":"-1112904384435491140","potions_obtained":[{"floor":1,"key":"SteroidPotion"},{"floor":6,"key":"LiquidBronze"},{"floor":16,"key":"Fire Potion"}],"is_trial":false,"path_per_floor":["M","M","?","$","M","E","R","E","T","M","R","T","$","M","R","B",null,"M","$","?","M","M","R","E","M"],"character_chosen":"IRONCLAD","items_purchased":["Shrug It Off","Dexterity Potion","Uppercut"],"campfire_rested":1,"item_purchase_floors":[4,13,13],"current_hp_per_floor":[78,80,73,73,79,61,61,20,20,24,48,48,48,49,49,19,65,61,61,61,58,45,45,14,0],"gold":75,"neow_bonus":"THREE_ENEMY_KILL","is_prod":false,"is_daily":false,"chose_seed":false,"campfire_upgraded":3,"win_rate":0,"timestamp":1555769920,"path_taken":["M","?","?","?","M","E","R","E","T","M","R","?","$","M","R","BOSS","M","$","?","M","M","R","E","M"],"build_version":"2019-01-23","purchased_purges":3,"victory":false,"max_hp_per_floor":[80,80,80,80,80,80,80,80,80,80,80,80,80,80,80,80,80,80,80,80,80,80,80,80,80],"card_choices":[{"not_picked":["Metallicize","Power Through"],"picked":"Carnage","floor":1},{"not_picked":["Entrench","Dual Wield"],"picked":"Inflame","floor":2},{"not_picked":["Warcry","Searing Blow"],"picked":"Clothesline","floor":5},{"not_picked":["Burning Pact","Hemokinesis"],"picked":"True Grit","floor":6},{"not_picked":["Havoc","Ghostly Armor"],"picked":"Whirlwind","floor":8},{"not_picked":["Perfected Strike","Twin Strike"],"picked":"Body Slam","floor":10},{"not_picked":["Rage","Clothesline","Bloodletting"],"picked":"SKIP","floor":14},{"not_picked":["Exhume","Berserk"],"picked":"Reaper","floor":16},{"not_picked":["Anger","Shrug It Off"],"picked":"Heavy Blade","floor":18},{"not_picked":["Combust","Wild Strike","Uppercut"],"picked":"SKIP","floor":21},{"not_picked":["Armaments","Thunderclap"],"picked":"Corruption","floor":22},{"not_picked":["Whirlwind","Perfected Strike"],"picked":"Iron Wave","floor":24}],"player_experience":223457,"relics_obtained":[{"floor":6,"key":"Omamori"},{"floor":8,"key":"Magic Flower"},{"floor":9,"key":"Blue Candle"},{"floor":12,"key":"Paper Frog"},{"floor":24,"key":"Gambling Chip"}],"event_choices":[{"cards_removed":["Strike_R"],"damage_healed":0,"gold_gain":0,"player_choice":"Card Removal","damage_taken":7,"max_hp_gain":0,"max_hp_loss":0,"event_name":"Golden Wing","floor":3,"gold_loss":0},{"damage_healed":0,"gold_gain":0,"player_choice":"Got Potions","damage_taken":0,"max_hp_gain":0,"max_hp_loss":0,"event_name":"Lab","floor":20,"gold_loss":0}],"is_beta":false,"boss_relics":[{"not_picked":["White Beast Statue","Runic Pyramid"],"picked":"Sozu"}],"items_purged_floors":[4,13,19],"is_endless":false,"potions_floor_spawned":[1,6,16,22],"killed_by":"3 Cultists","ascension_level":12}