{"gold_per_floor":[115,115,75,0,14,14,27,42,42,42,62,102,102,102,102,102],"floor_reached":16,"playtime":5058,"items_purged":["Strike_R"],"score":100,"play_id":"d6887d2e-f2a1-4083-9d88-ed27d5749445","local_time":"20190420024107","is_ascension_mode":false,"campfire_choices":[{"data":"Cleave","floor":6,"key":"SMITH"},{"data":"Body Slam","floor":10,"key":"SMITH"},{"data":"Dark Embrace","floor":13,"key":"SMITH"},{"data":"Pommel Strike","floor":15,"key":"SMITH"}],"neow_cost":"NONE","seed_source_timestamp":621384648579800,"circlet_count":0,"master_deck":["Strike_R","Strike_R","Strike_R","Strike_R","Defend_R","Defend_R","Defend_R","Defend_R","Bash+1","Dramatic Entrance","Cleave+1","Pommel Strike+1","Body Slam+1","Headbutt","Dark Embrace+1"],"relics":["Burning Blood","Golden Idol","Dodecahedron","Sundial"],"potions_floor_usage":[8,16,16,16],"damage_taken":[{"damage":5,"enemies":"Small Slimes","floor":1,"turns":3},{"damage":0,"enemies":"Cultist","floor":5,"turns":4},{"damage":6,"enemies":"Jaw Worm","floor":7,"turns":2},{"damage":0,"enemies":"Lots of Slimes","floor":8,"turns":1},{"damage":12,"enemies":"Blue Slaver","floor":11,"turns":2},{"damage":26,"enemies":"Lagavulin","floor":12,"turns":5},{"damage":49,"enemies":"The Guardian","floor":16,"turns":7}],"seed_played":"-1815093134166706933","potions_obtained":[{"floor":3,"key":"Energy Potion"},{"floor":3,"key":"Block Potion"},{"floor":3,"key":"AttackPotion"},{"floor":7,"key":"Swift Potion"},{"floor":8,"key":"SkillPotion"}],"is_trial":false,"path_per_floor":["M","?","?","$","M","R","M","M","T","R","M","E","R","?","R","B"],"character_chosen":"IRONCLAD","items_purchased":[],"campfire_rested":0,"item_purchase_floors":[],"current_hp_per_floor":[80,60,60,60,66,66,66,72,72,72,66,46,46,46,46,0],"gold":102,"neow_bonus":"RANDOM_COLORLESS","is_prod":false,"is_daily":false,"chose_seed":false,"campfire_upgraded":4,"win_rate":0,"timestamp":1555720867,"path_taken":["M","?","?","$","?","R","M","M","T","R","M","E","R","?","R","BOSS"],"build_version":"2019-01-23","purchased_purges":1,"victory":false,"max_hp_per_floor":[80,80,80,80,80,80,80,80,80,80,80,80,80,80,80,80],"card_choices":[{"not_picked":["Heavy Blade","Dropkick"],"picked":"Cleave","floor":1},{"not_picked":["Rampage","Carnage","Havoc"],"picked":"SKIP","floor":5},{"not_picked":["Searing Blow","Headbutt"],"picked":"Pommel Strike","floor":7},{"not_picked":["Shrug It Off","Thunderclap"],"picked":"Body Slam","floor":8},{"not_picked":["Body Slam","Carnage"],"picked":"Headbutt","floor":11},{"not_picked":["Metallicize","Sentinel"],"picked":"Dark Embrace","floor":12}],"player_experience":210614,"relics_obtained":[{"floor":9,"key":"Dodecahedron"},{"floor":12,"key":"Sundial"}],"event_choices":[{"damage_healed":0,"gold_gain":0,"player_choice":"Take Damage","damage_taken":20,"relics_obtained":["Golden Idol"],"max_hp_gain":0,"max_hp_loss":0,"event_name":"Golden Idol","floor":2,"gold_loss":0},{"damage_healed":0,"gold_gain":0,"player_choice":"Bought 3 Potions","damage_taken":0,"max_hp_gain":0,"max_hp_loss":0,"event_name":"The Woman in Blue","floor":3,"gold_loss":0},{"damage_healed":0,"gold_gain":0,"player_choice":"Upgraded","damage_taken":0,"max_hp_gain":0,"max_hp_loss":0,"event_name":"Upgrade Shrine","floor":14,"gold_loss":0,"cards_upgraded":["Bash"]}],"is_beta":false,"boss_relics":[],"items_purged_floors":[4],"is_endless":false,"potions_floor_spawned":[7,8],"killed_by":"The Guardian","ascension_level":0}