{"gold_per_floor":[109,109,126,143,67,98,98,124,124,150,162,205,217,253,265,382,394,419,445,457,484,496,508,553,565,601,633,702,733,745,770,782,894,906,932,944,956,326,340,368,380,380,380,63,63,63,91,108,108,108,108,108,4,33,33],"floor_reached":55,"playtime":12275,"items_purged":["Strike_G","Defend_G"],"score":883,"play_id":"bead7eb0-d3a1-4ebf-a4fa-b56b59ffe0df","local_time":"20190419144308","is_ascension_mode":false,"campfire_choices":[{"data":"Noxious Fumes","floor":7,"key":"SMITH"},{"data":"Malaise","floor":11,"key":"SMITH"},{"data":"Dash","floor":13,"key":"SMITH"},{"data":"Neutralize","floor":15,"key":"SMITH"},{"data":"A Thousand Cuts","floor":23,"key":"SMITH"},{"data":"Crippling Poison","floor":25,"key":"SMITH"},{"data":"Deflect","floor":30,"key":"SMITH"},{"data":"Catalyst","floor":32,"key":"SMITH"},{"data":"Transmutation","floor":42,"key":"SMITH"},{"data":"Survivor","floor":46,"key":"SMITH"},{"floor":49,"key":"RECALL"},{"data":"Well Laid Plans","floor":52,"key":"SMITH"}],"neow_cost":"PERCENT_DAMAGE","seed_source_timestamp":320256104501600,"circlet_count":0,"master_deck":["Defend_G+1","Defend_G","Defend_G+1","Defend_G","Survivor+1","Neutralize+1","Malaise+1","Dash+1","Sucker Punch","Dagger Throw","Noxious Fumes+1","Adrenaline","Deflect+1","A Thousand Cuts+1","Crippling Poison+1","Backflip+1","PiercingWail","Underhanded Strike","Quick Slash","Noxious Fumes+1","Deadly Poison+1","Heel Hook","Catalyst+1","Tools of the Trade","Dark Shackles","Flash of Steel","Transmutation+1","PiercingWail+1","Well Laid Plans","Well Laid Plans+1","Caltrops","Dodge and Roll","Catalyst+1"],"relics":["Ring of the Snake","PreservedInsect","Mercury Hourglass","MawBank","Vajra","Bag of Marbles","HoveringKite","Thread and Needle","Tiny Chest","Empty Cage","FossilizedHelix","Pear","Potion Belt","Ice Cream","War Paint","Regal Pillow","Centennial Puzzle"],"potions_floor_usage":[6,8,8,8,16,16,16,27,33,40,41,47,50,54],"damage_taken":[{"damage":2,"enemies":"Small Slimes","floor":1,"turns":5},{"damage":1,"enemies":"Cultist","floor":3,"turns":4},{"damage":0,"enemies":"Jaw Worm","floor":4,"turns":6},{"damage":10,"enemies":"Gremlin Nob","floor":6,"turns":5},{"damage":6,"enemies":"3 Sentries","floor":8,"turns":7},{"damage":0,"enemies":"Gremlin Gang","floor":10,"turns":3},{"damage":0,"enemies":"Gremlin Nob","floor":12,"turns":4},{"damage":2,"enemies":"Hexaghost","floor":16,"turns":8},{"damage":20,"enemies":"3 Byrds","floor":18,"turns":5},{"damage":10,"enemies":"Chosen","floor":19,"turns":5},{"damage":0,"enemies":"Snake Plant","floor":21,"turns":4},{"damage":0,"enemies":"Gremlin Leader","floor":24,"turns":4},{"damage":0,"enemies":"Snecko","floor":27,"turns":4},{"damage":5,"enemies":"Slavers","floor":28,"turns":3},{"damage":3,"enemies":"Chosen and Byrds","floor":29,"turns":4},{"damage":0,"enemies":"3 Cultists","floor":31,"turns":3},{"damage":9,"enemies":"Champ","floor":33,"turns":7},{"damage":3,"enemies":"Orb Walker","floor":35,"turns":4},{"damage":0,"enemies":"3 Shapes","floor":39,"turns":4},{"damage":0,"enemies":"Giant Head","floor":40,"turns":8},{"damage":0,"enemies":"Jaw Worm Horde","floor":41,"turns":4},{"damage":16,"enemies":"Nemesis","floor":47,"turns":7},{"damage":0,"enemies":"Maw","floor":48,"turns":6},{"damage":27,"enemies":"Awakened One","floor":50,"turns":13},{"damage":0,"enemies":"Shield and Spear","floor":54,"turns":6},{"damage":84,"enemies":"The Heart","floor":55,"turns":8}],"seed_played":"5103704950087643886","potions_obtained":[{"floor":1,"key":"Weak Potion"},{"floor":2,"key":"Swift Potion"},{"floor":2,"key":"LiquidBronze"},{"floor":2,"key":"EntropicBrew"},{"floor":10,"key":"EssenceOfSteel"},{"floor":12,"key":"Strength Potion"},{"floor":18,"key":"Swift Potion"},{"floor":28,"key":"Poison Potion"},{"floor":29,"key":"Explosive Potion"},{"floor":31,"key":"GhostInAJar"},{"floor":33,"key":"GhostInAJar"},{"floor":40,"key":"Weak Potion"},{"floor":47,"key":"Fruit Juice"}],"is_trial":false,"path_per_floor":["M","?","M","M","$","E","R","E","T","M","R","E","R","T","R","B",null,"M","M","?","M","?","R","E","R","T","M","E","M","R","M","R","B",null,"M","?","?","$","M","E","M","R","T","$","?","R","E","M","R","B",null,"R","$","E","B"],"character_chosen":"THE_SILENT","items_purchased":["Noxious Fumes","FossilizedHelix","Pear","Well Laid Plans","War Paint","Caltrops","Dodge and Roll"],"campfire_rested":0,"item_purchase_floors":[5,38,38,44,44,53,53],"current_hp_per_floor":[47,47,46,46,46,36,36,45,45,45,45,45,45,45,45,43,70,50,40,40,40,40,40,40,40,40,40,35,32,32,32,32,23,70,67,57,57,67,67,67,67,67,67,67,67,67,56,56,56,29,81,81,81,81,0],"gold":33,"neow_bonus":"THREE_RARE_CARDS","is_prod":false,"is_daily":false,"chose_seed":false,"campfire_upgraded":11,"win_rate":0,"timestamp":1555648988,"path_taken":["M","?","M","M","?","E","R","E","T","M","R","E","R","?","R","BOSS","M","?","?","M","?","R","E","R","T","?","E","M","R","M","R","BOSS","M","?","?","$","M","E","?","R","T","$","?","R","E","M","R","BOSS","R","$","E","BOSS"],"build_version":"2019-01-23","purchased_purges":2,"victory":false,"max_hp_per_floor":[70,70,70,70,70,70,70,70,70,70,70,70,70,70,70,70,70,70,70,70,70,70,70,70,70,70,70,70,70,70,70,70,70,70,70,70,70,80,80,80,80,80,80,80,76,76,81,81,81,81,81,81,81,81,81],"card_choices":[{"not_picked":["Phantasmal Killer","Venomology"],"picked":"Malaise","floor":0},{"not_picked":["Footwork","Heel Hook"],"picked":"Dash","floor":1},{"not_picked":["Accuracy","Setup"],"picked":"Sucker Punch","floor":3},{"not_picked":["Bouncing Flask","Tactician"],"picked":"Dagger Throw","floor":4},{"not_picked":["Prepared","Acrobatics","Underhanded Strike"],"picked":"SKIP","floor":6},{"not_picked":["Blade Dance","Riddle With Holes"],"picked":"Adrenaline","floor":8},{"not_picked":["Acrobatics","Underhanded Strike"],"picked":"Deflect","floor":10},{"not_picked":["Finisher","Flechettes","Accuracy"],"picked":"SKIP","floor":12},{"not_picked":["Night Terror","Bullet Time"],"picked":"A Thousand Cuts","floor":16},{"not_picked":["Blur","Flying Knee"],"picked":"Crippling Poison","floor":18},{"not_picked":["Flying Knee","Cloak And Dagger"],"picked":"Backflip+1","floor":19},{"not_picked":["Poisoned Stab","Calculated Gamble"],"picked":"Quick Slash","floor":21},{"not_picked":["Bullet Time","Doppelganger"],"picked":"Deadly Poison+1","floor":24},{"not_picked":["Dagger Throw","Sucker Punch+1","Choke+1"],"picked":"SKIP","floor":27},{"not_picked":["Underhanded Strike","Quick Slash"],"picked":"Heel Hook","floor":28},{"not_picked":["Dagger Throw","Masterful Stab","Blade Dance+1"],"picked":"SKIP","floor":29},{"not_picked":["Riddle With Holes","Slice"],"picked":"Catalyst","floor":31},{"not_picked":["Bullet Time","Malaise"],"picked":"Tools of the Trade","floor":33},{"not_picked":["Concentrate+1","Deadly Poison+1","Bane"],"picked":"SKIP","floor":35},{"not_picked":["Forethought","Swift Strike"],"picked":"Dark Shackles","floor":36},{"not_picked":["Transmutation","Good Instincts"],"picked":"Flash of Steel","floor":36},{"not_picked":["Mayhem","Chrysalis"],"picked":"Transmutation","floor":36},{"not_picked":["Dagger Throw","Underhanded Strike","Deadly Poison+1"],"picked":"SKIP","floor":39},{"not_picked":["Dagger Spray","Dagger Throw"],"picked":"PiercingWail+1","floor":40},{"not_picked":["Setup","Outmaneuver","Deflect"],"picked":"SKIP","floor":41},{"not_picked":["Sucker Punch","Slice","Bane+1"],"picked":"SKIP","floor":47},{"not_picked":["PiercingWail+1","Eviscerate"],"picked":"Well Laid Plans","floor":48},{"not_picked":["Dodge and Roll","Bullet Time"],"picked":"Catalyst+1","floor":54}],"player_experience":694725,"relics_obtained":[{"floor":6,"key":"PreservedInsect"},{"floor":8,"key":"Mercury Hourglass"},{"floor":9,"key":"MawBank"},{"floor":12,"key":"Vajra"},{"floor":14,"key":"Bag of Marbles"},{"floor":24,"key":"Thread and Needle"},{"floor":28,"key":"Tiny Chest"},{"floor":40,"key":"Potion Belt"},{"floor":43,"key":"Ice Cream"},{"floor":47,"key":"Regal Pillow"},{"floor":54,"key":"Centennial Puzzle"}],"event_choices":[{"damage_healed":0,"gold_gain":0,"player_choice":"Got Potions","damage_taken":0,"max_hp_gain":0,"max_hp_loss":0,"event_name":"Lab","floor":2,"gold_loss":0},{"damage_healed":0,"gold_gain":0,"cards_transformed":["Strike_G","Strike_G"],"player_choice":"Became Test Subject","damage_taken":0,"max_hp_gain":0,"max_hp_loss":0,"event_name":"Drug Dealer","floor":20,"gold_loss":0,"cards_obtained":["PiercingWail","Underhanded Strike"]},{"damage_healed":0,"gold_gain":0,"player_choice":"Copied","damage_taken":0,"max_hp_gain":0,"max_hp_loss":0,"event_name":"Duplicator","floor":22,"gold_loss":0,"cards_obtained":["Noxious Fumes"]},{"damage_healed":0,"gold_gain":0,"player_choice":"Memory 3","damage_taken":10,"max_hp_gain":0,"max_hp_loss":0,"event_name":"SensoryStone","floor":36,"gold_loss":0},{"damage_healed":0,"gold_gain":0,"player_choice":"Ignored","damage_taken":0,"max_hp_gain":0,"max_hp_loss":0,"event_name":"NoteForYourself","floor":37,"gold_loss":0},{"damage_healed":0,"gold_gain":0,"player_choice":"Max HP","damage_taken":0,"max_hp_gain":0,"max_hp_loss":4,"event_name":"Winding Halls","floor":45,"gold_loss":0}],"is_beta":false,"boss_relics":[{"not_picked":["Runic Dome","Orrery"],"picked":"HoveringKite"},{"not_picked":["Ring of the Serpent","Astrolabe"],"picked":"Empty Cage"}],"items_purged_floors":[38,44],"is_endless":false,"potions_floor_spawned":[1,4,10,12,18,28,29,31,33,40,47],"killed_by":"The Heart","ascension_level":0}