{"gold_per_floor":[119,119,119,137,87,87,120,120,120,135,135,135,151,172,172,291,291,310,334,42,42,117,117,129,129,129,145,175,193,193,17,17,117,117,130,57,57,57,69,94,108,108,133,152,152,164,164,16,16,16,16,16,16,16],"floor_reached":54,"playtime":5475,"items_purged":["Reflex","Flechettes"],"score":885,"play_id":"e69164bb-8e34-4c03-bea9-7e05f268d527","local_time":"20190328180929","is_ascension_mode":false,"campfire_choices":[{"data":"Neutralize","floor":6,"key":"SMITH"},{"floor":8,"key":"REST"},{"floor":15,"key":"REST"},{"floor":23,"key":"RECALL"},{"data":"After Image","floor":25,"key":"SMITH"},{"floor":30,"key":"REST"},{"data":"Doppelganger","floor":32,"key":"SMITH"},{"data":"Adrenaline","floor":45,"key":"SMITH"},{"floor":49,"key":"REST"},{"data":"Survivor","floor":52,"key":"SMITH"}],"neow_cost":"NONE","seed_source_timestamp":0,"circlet_count":0,"master_deck":["Survivor+1","Neutralize+1","Dagger Spray+1","Slice","Dagger Throw","Dodge and Roll","Deflect","Quick Slash","After Image+1","Caltrops","Eviscerate","Finisher","Adrenaline+1","Bane","Noxious Fumes","Outmaneuver+1","Riddle With Holes+1","Dodge and Roll","Deflect+1","Well Laid Plans+1","Bane","Infinite Blades+1","Terror+1","Die Die Die","Prepared+1","Flying Knee+1","PiercingWail+1","Skewer+1","Caltrops+1","Dagger Throw+1"],"special_seed":0,"relics":["Ring of the Snake","Art of War","Bloody Idol","Pandora\u0027s Box","Prayer Wheel","Pear","Blood Vial","Busted Crown","Snake Skull","Omamori","Pen Nib"],"potions_floor_usage":[7,16,28,28,33,33,33,40,40,46,46,50,50],"damage_taken":[{"damage":0,"enemies":"2 Louse","floor":1,"turns":3},{"damage":0,"enemies":"Small Slimes","floor":4,"turns":2},{"damage":23,"enemies":"Lagavulin","floor":7,"turns":11},{"damage":0,"enemies":"Jaw Worm","floor":10,"turns":2},{"damage":6,"enemies":"2 Fungi Beasts","floor":13,"turns":3},{"damage":0,"enemies":"Gremlin Gang","floor":14,"turns":3},{"damage":39,"enemies":"The Guardian","floor":16,"turns":15},{"damage":1,"enemies":"Shell Parasite","floor":18,"turns":4},{"damage":2,"enemies":"3 Byrds","floor":19,"turns":4},{"damage":11,"enemies":"Snecko","floor":24,"turns":5},{"damage":0,"enemies":"Centurion and Healer","floor":27,"turns":6},{"damage":25,"enemies":"Gremlin Leader","floor":28,"turns":7},{"damage":13,"enemies":"Shelled Parasite and Fungi","floor":29,"turns":6},{"damage":23,"enemies":"Champ","floor":33,"turns":10},{"damage":45,"enemies":"3 Darklings","floor":35,"turns":4},{"damage":45,"enemies":"3 Shapes","floor":39,"turns":4},{"damage":20,"enemies":"Reptomancer","floor":40,"turns":5},{"damage":8,"enemies":"3 Darklings","floor":41,"turns":3},{"damage":0,"enemies":"Transient","floor":44,"turns":5},{"damage":30,"enemies":"Writhing Mass","floor":46,"turns":6},{"damage":61,"enemies":"Donu and Deca","floor":50,"turns":8},{"damage":90,"enemies":"Shield and Spear","floor":54,"turns":5}],"seed_played":"-5616576167044136861","potions_obtained":[{"floor":4,"key":"Weak Potion"},{"floor":10,"key":"Strength Potion"},{"floor":19,"key":"PowerPotion"},{"floor":27,"key":"FearPotion"},{"floor":28,"key":"SkillPotion"},{"floor":29,"key":"Swift Potion"},{"floor":39,"key":"Swift Potion"},{"floor":40,"key":"Energy Potion"},{"floor":41,"key":"Ancient Potion"},{"floor":46,"key":"Ancient Potion"}],"is_trial":false,"path_per_floor":["?","?","?","?","?","?","?","M","$","?","$","M","?","T"],"character_chosen":"THE_SILENT","items_purchased":["Prayer Wheel","Dexterity Potion","Energy Potion","GhostInAJar","SpeedPotion"],"campfire_rested":4,"item_purchase_floors":[20,31,31,36,48],"current_hp_per_floor":[77,62,55,55,55,55,32,55,55,55,55,36,30,30,53,14,77,76,74,74,74,70,70,64,64,74,79,59,53,79,79,79,63,87,47,47,97,97,57,44,43,85,85,85,85,60,60,60,85,24,85,85,85,0],"gold":16,"neow_bonus":"TEN_PERCENT_HP_BONUS","is_prod":false,"is_daily":false,"chose_seed":false,"campfire_upgraded":5,"win_rate":0,"timestamp":1553810969,"path_taken":["M","?","?","M","?","R","E","R","T","M","?","?","M","M","R","BOSS","M","M","$","?","?","R","?","R","T","M","E","M","R","?","R","BOSS","M","$","?","?","?","E","M","?","T","M","R","M","?","$","R","BOSS","R","$","E"],"build_version":"2019-01-23","purchased_purges":2,"victory":false,"max_hp_per_floor":[77,77,77,77,77,77,77,77,77,77,77,77,77,77,77,77,77,77,77,77,77,77,77,77,77,87,87,87,87,87,87,87,87,87,87,87,97,97,97,97,97,85,85,85,85,85,85,85,85,85,85,85,85,85],"card_choices":[{"not_picked":["PiercingWail","Deflect"],"picked":"Dagger Spray","floor":1},{"not_picked":["Deadly Poison","Finisher"],"picked":"Slice","floor":4},{"not_picked":["Sucker Punch","Backstab"],"picked":"Dagger Throw","floor":7},{"not_picked":["Cloak And Dagger","Well Laid Plans"],"picked":"Dodge and Roll","floor":10},{"not_picked":["Slice","Poisoned Stab"],"picked":"Deflect","floor":13},{"not_picked":["Endless Agony","Underhanded Strike"],"picked":"Quick Slash","floor":14},{"not_picked":["Corpse Explosion","Phantasmal Killer"],"picked":"After Image","floor":16},{"not_picked":["Dagger Throw","Prepared+1"],"picked":"Outmaneuver+1","floor":18},{"not_picked":["Outmaneuver","Backflip"],"picked":"Riddle With Holes+1","floor":19},{"not_picked":["Riddle With Holes","Poisoned Stab"],"picked":"Dodge and Roll","floor":24},{"not_picked":["Sucker Punch","Backflip","Blade Dance"],"picked":"SKIP","floor":24},{"not_picked":["Caltrops+1","Storm of Steel"],"picked":"Deflect+1","floor":27},{"not_picked":["Dagger Throw+1","Skewer"],"picked":"Well Laid Plans+1","floor":27},{"not_picked":["Reflex","Catalyst"],"picked":"Bane","floor":28},{"not_picked":["Bane","Finisher"],"picked":"Infinite Blades+1","floor":29},{"not_picked":["Deflect","Flying Knee"],"picked":"Terror+1","floor":29},{"not_picked":["Doppelganger","Burst"],"picked":"Die Die Die","floor":33},{"not_picked":[],"picked":"Prepared+1","floor":35},{"not_picked":[],"picked":"Flying Knee+1","floor":35},{"not_picked":[],"picked":"PiercingWail+1","floor":39},{"not_picked":["Caltrops"],"picked":"SKIP","floor":39},{"not_picked":[],"picked":"Skewer+1","floor":40},{"not_picked":[],"picked":"Flechettes","floor":41},{"not_picked":["Acrobatics+1"],"picked":"SKIP","floor":41},{"not_picked":[],"picked":"Caltrops+1","floor":44},{"not_picked":[],"picked":"Dagger Throw+1","floor":44},{"not_picked":["Flechettes"],"picked":"SKIP","floor":46},{"not_picked":["Poisoned Stab+1"],"picked":"SKIP","floor":46}],"player_experience":72674,"relics_obtained":[{"floor":7,"key":"Art of War"},{"floor":26,"key":"Pear"},{"floor":28,"key":"Blood Vial"},{"floor":40,"key":"Snake Skull"},{"floor":43,"key":"Omamori"},{"floor":47,"key":"Pen Nib"}],"event_choices":[{"damage_healed":0,"gold_gain":0,"player_choice":"Entered Light","damage_taken":15,"max_hp_gain":0,"max_hp_loss":0,"event_name":"Shining Light","floor":2,"gold_loss":0,"cards_upgraded":["Dagger Spray","Strike_G"]},{"cards_removed":["Strike_G"],"damage_healed":0,"gold_gain":0,"player_choice":"Card Removal","damage_taken":7,"max_hp_gain":0,"max_hp_loss":0,"event_name":"Golden Wing","floor":3,"gold_loss":0},{"cards_removed":["Strike_G"],"damage_healed":0,"gold_gain":0,"player_choice":"Card Removal","damage_taken":0,"max_hp_gain":0,"max_hp_loss":0,"event_name":"The Cleric","floor":5,"gold_loss":50},{"damage_healed":0,"gold_gain":0,"player_choice":"Ignored","damage_taken":0,"max_hp_gain":0,"max_hp_loss":0,"event_name":"Liars Game","floor":11,"gold_loss":0},{"damage_healed":0,"gold_gain":0,"player_choice":"Take Damage","damage_taken":19,"relics_obtained":["Golden Idol"],"max_hp_gain":0,"max_hp_loss":0,"event_name":"Golden Idol","floor":12,"gold_loss":0},{"damage_healed":0,"gold_gain":0,"player_choice":"Gave Idol","damage_taken":0,"relics_obtained":["Bloody Idol"],"max_hp_gain":0,"max_hp_loss":0,"event_name":"Forgotten Altar","floor":21,"relics_lost":["Golden Idol"],"gold_loss":0},{"damage_healed":0,"gold_gain":75,"player_choice":"Touch","damage_taken":7,"max_hp_gain":0,"max_hp_loss":0,"event_name":"FaceTrader","floor":22,"gold_loss":0},{"cards_removed":["Doppelganger"],"damage_healed":40,"gold_gain":0,"player_choice":"Offered Rare","damage_taken":0,"max_hp_gain":10,"max_hp_loss":0,"event_name":"Bonfire Elementals","floor":37,"gold_loss":0},{"damage_healed":85,"gold_gain":0,"player_choice":"Heal","damage_taken":0,"max_hp_gain":0,"max_hp_loss":12,"event_name":"The Moai Head","floor":42,"gold_loss":0}],"is_beta":false,"boss_relics":[{"not_picked":["Snecko Eye","Black Star"],"picked":"Pandora\u0027s Box"},{"not_picked":["Runic Pyramid","Calling Bell"],"picked":"Busted Crown"}],"items_purged_floors":[31,48],"is_endless":false,"potions_floor_spawned":[4,10,19,27,28,29,39,40,41,46],"killed_by":"Shield and Spear","ascension_level":0}