{"gold_per_floor":[113,127,52,0,15,15,50,50,77,89,117,131,131,141,141,212,212,226,226,242,21,21,21,49,65,92,92],"floor_reached":27,"playtime":1976,"items_purged":["Doubt","Fusion"],"score":486,"play_id":"7cdc3349-ed3a-4945-a1c7-787876882770","local_time":"20190117175609","is_ascension_mode":true,"campfire_choices":[{"data":"Rainbow","floor":6.0,"key":"SMITH"},{"data":"Capacitor","floor":13.0,"key":"SMITH"},{"data":"Zap","floor":15.0,"key":"SMITH"},{"data":"Fusion","floor":23.0,"key":"SMITH"}],"neow_cost":"CURSE","seed_source_timestamp":622656941329920,"circlet_count":0,"master_deck":["AscendersBane","Strike_B","Defend_B","Defend_B","Defend_B","Zap+1","Dualcast","Capacitor+1","Doom and Gloom","Rainbow+1","Barrage+1","Cold Snap","Seek","Double Energy+1","Sweeping Beam+1","Fusion+1","Reinforced Body","Capacitor","Echo Form"],"special_seed":0,"relics":["Cracked Core","Thread and Needle","Potion Belt","Blood Vial","Dead Branch","Astrolabe","Bronze Scales","Regal Pillow"],"potions_floor_usage":[],"damage_taken":[{"damage":1.0,"enemies":"2 Louse","floor":1.0,"turns":4.0},{"damage":0.0,"enemies":"Small Slimes","floor":2.0,"turns":4.0},{"damage":0.0,"enemies":"Cultist","floor":5.0,"turns":3.0},{"damage":17.0,"enemies":"Lagavulin","floor":7.0,"turns":7.0},{"damage":0.0,"enemies":"2 Fungi Beasts","floor":10.0,"turns":3.0},{"damage":2.0,"enemies":"Gremlin Nob","floor":11.0,"turns":3.0},{"damage":5.0,"enemies":"Red Slaver","floor":12.0,"turns":3.0},{"damage":5.0,"enemies":"Looter","floor":14.0,"turns":2.0},{"damage":17.0,"enemies":"Hexaghost","floor":16.0,"turns":8.0},{"damage":4.0,"enemies":"Chosen","floor":18.0,"turns":3.0},{"damage":25.0,"enemies":"2 Thieves","floor":20.0,"turns":3.0},{"damage":16.0,"enemies":"Book of Stabbing","floor":24.0,"turns":4.0},{"damage":11,"enemies":"Centurion and Healer","floor":25,"turns":8},{"damage":27,"enemies":"3 Cultists","floor":27,"turns":3}],"seed_played":"7920114960946112109","potions_obtained":[{"floor":2.0,"key":"GamblersBrew"},{"floor":5.0,"key":"PowerPotion"},{"floor":10.0,"key":"AttackPotion"},{"floor":12.0,"key":"Regen Potion"},{"floor":22.0,"key":"Dexterity Potion"},{"floor":22.0,"key":"Block Potion"},{"floor":24.0,"key":"PowerPotion"},{"floor":25,"key":"GamblersBrew"}],"is_trial":false,"path_per_floor":["M","M","$","?","M","R","E","?","T","M","E","M","R","M","R","B",null,"M","?","M","$","?","R","E","M","T","M"],"character_chosen":"DEFECT","items_purchased":["FocusPotion","Reinforced Body"],"campfire_rested":0,"item_purchase_floors":[21,21],"current_hp_per_floor":[63,63,63,63,63,63,46,46,46,48,48,45,45,42,42,27,60,58,58,35,35,35,35,33,24,24,0],"gold":92,"neow_bonus":"ONE_RARE_RELIC","is_prod":false,"is_daily":false,"chose_seed":false,"campfire_upgraded":4,"win_rate":0,"timestamp":1547744169,"path_taken":["M","M","$","?","M","R","E","?","T","?","E","M","R","M","R","BOSS","M","?","M","$","?","R","E","?","T","M"],"build_version":"2019-01-10","purchased_purges":2,"victory":false,"max_hp_per_floor":[71,71,71,71,71,71,71,71,71,71,71,71,71,71,71,71,71,71,71,71,71,71,71,71,71,71,71],"card_choices":[{"not_picked":["Rip and Tear","Sweeping Beam"],"picked":"Capacitor","floor":1.0},{"not_picked":["Steam","Coolheaded"],"picked":"Doom and Gloom","floor":2.0},{"not_picked":["Lockon","Go for the Eyes"],"picked":"Rainbow","floor":5.0},{"not_picked":["Reinforced Body","Conserve Battery"],"picked":"Barrage","floor":7.0},{"not_picked":["Force Field","Darkness"],"picked":"Cold Snap","floor":10.0},{"not_picked":["Sweeping Beam","Streamline","All For One"],"picked":"SKIP","floor":11.0},{"not_picked":["Streamline","Chaos","Beam Cell"],"picked":"SKIP","floor":12.0},{"not_picked":["Rebound","White Noise","Tempest"],"picked":"SKIP","floor":14.0},{"not_picked":["Meteor Strike","Hyperbeam"],"picked":"Seek","floor":16.0},{"not_picked":["Streamline","Go for the Eyes","Sweeping Beam"],"picked":"SKIP","floor":18.0},{"not_picked":["Scrape","Steam","Barrage"],"picked":"SKIP","floor":20.0},{"not_picked":["Cold Snap","Darkness"],"picked":"Capacitor","floor":24.0},{"not_picked":["Auto Shields","Darkness"],"picked":"Echo Form","floor":25}],"player_experience":478457,"relics_obtained":[{"floor":7.0,"key":"Potion Belt"},{"floor":9.0,"key":"Blood Vial"},{"floor":11.0,"key":"Dead Branch"},{"floor":24.0,"key":"Bronze Scales"},{"floor":26,"key":"Regal Pillow"}],"event_choices":[{"damage_healed":0.0,"max_hp_gain":0.0,"max_hp_loss":0.0,"gold_gain":0.0,"event_name":"World of Goop","player_choice":"Left Gold","floor":4.0,"gold_loss":52.0,"damage_taken":0.0},{"damage_healed":0.0,"max_hp_gain":0.0,"max_hp_loss":0.0,"gold_gain":0.0,"event_name":"Accursed Blacksmith","player_choice":"Forge","floor":8.0,"gold_loss":0.0,"damage_taken":0.0,"cards_upgraded":["Barrage"]},{"damage_healed":0.0,"max_hp_gain":0.0,"max_hp_loss":0.0,"gold_gain":0.0,"cards_transformed":["Strike_B","All For One"],"event_name":"Drug Dealer","player_choice":"Became Test Subject","floor":19.0,"gold_loss":0.0,"damage_taken":0.0,"cards_obtained":["Fusion","Fusion"]},{"damage_healed":0.0,"max_hp_gain":0.0,"max_hp_loss":0.0,"gold_gain":0.0,"event_name":"Lab","player_choice":"Got Potions","floor":22.0,"gold_loss":0.0,"damage_taken":0.0}],"is_beta":false,"boss_relics":[{"not_picked":["Inserter","Calling Bell"],"picked":"Astrolabe"}],"items_purged_floors":[3,21],"is_endless":false,"potions_floor_spawned":[2,5,10,12,24,25],"killed_by":"3 Cultists","ascension_level":20}