{"gold_per_floor":[109,109,284,295,168,168,199,209,209,273,273,38,67,86,86,181,181,163,176,193,193,208,208,308,308,332,332],"floor_reached":27,"playtime":1602,"items_purged":["Regret","Doubt"],"score":268,"play_id":"c29636ac-2a05-4bde-83a2-ae6e55909044","local_time":"20190417204945","is_ascension_mode":true,"campfire_choices":[{"data":"Dualcast","floor":6,"key":"SMITH"},{"floor":11,"key":"REST"},{"floor":15,"key":"REST"}],"neow_cost":"CURSE","seed_source_timestamp":21876755278413,"circlet_count":0,"master_deck":["Strike_B+1","Strike_B+1","Strike_B+1","Strike_B+1","Defend_B+1","Defend_B+1","Defend_B+1","Defend_B+1","Zap+1","Dualcast+1","BootSequence","Ball Lightning","Conserve Battery","Glacier","Leap","Cold Snap","Panacea","Rebound","Multi-Cast","Consume","Core Surge","Double Energy","White Noise","Reinforced Body+1","Rebound","Aggregate+1","Pain"],"relics":["Cracked Core","StoneCalendar","Torii","Emotion Chip","Dream Catcher","Cursed Key","Prayer Wheel","The Courier","Happy Flower"],"potions_floor_usage":[10,22,24],"damage_taken":[{"damage":9,"enemies":"Small Slimes","floor":1,"turns":4},{"damage":1,"enemies":"2 Louse","floor":4,"turns":2},{"damage":35,"enemies":"3 Sentries","floor":7,"turns":7},{"damage":0,"enemies":"Jaw Worm","floor":8,"turns":2},{"damage":29,"enemies":"Gremlin Nob","floor":10,"turns":6},{"damage":13,"enemies":"Gremlin Nob","floor":13,"turns":6},{"damage":1,"enemies":"Blue Slaver","floor":14,"turns":3},{"damage":24,"enemies":"Slime Boss","floor":16,"turns":8},{"damage":1,"enemies":"2 Thieves","floor":18,"turns":4},{"damage":19,"enemies":"Shell Parasite","floor":19,"turns":6},{"damage":2,"enemies":"Snecko","floor":20,"turns":7},{"damage":10,"enemies":"Centurion and Healer","floor":22,"turns":7},{"damage":1,"enemies":"Colosseum Slavers","floor":24,"turns":6},{"damage":25,"enemies":"Colosseum Nobs","floor":24,"turns":3},{"damage":16,"enemies":"Shelled Parasite and Fungi","floor":27,"turns":2}],"seed_played":"-5966119159019373972","potions_obtained":[{"floor":4,"key":"Strength Potion"},{"floor":8,"key":"Weak Potion"},{"floor":14,"key":"SteroidPotion"},{"floor":19,"key":"AttackPotion"},{"floor":24,"key":"GamblersBrew"}],"is_trial":false,"path_per_floor":["?","?","?","$","?","?","?","?"],"character_chosen":"DEFECT","items_purchased":["Ball Lightning","Cold Snap","Panacea"],"campfire_rested":2,"item_purchase_floors":[5,12,12],"current_hp_per_floor":[80,80,80,79,79,79,44,44,44,15,41,41,28,27,53,29,89,88,69,67,67,57,40,14,14,14,0],"gold":332,"neow_bonus":"TWENTY_PERCENT_HP_BONUS","is_prod":false,"is_daily":false,"chose_seed":false,"campfire_upgraded":1,"win_rate":0,"timestamp":1555548585,"path_taken":["M","?","?","M","$","R","E","M","T","?","R","?","E","M","R","BOSS","M","M","M","?","M","?","?","?","T","M"],"build_version":"2019-01-23","purchased_purges":2,"victory":false,"max_hp_per_floor":[89,89,89,89,89,89,89,89,89,89,89,89,89,89,89,89,89,89,89,89,89,89,94,94,94,94,94],"card_choices":[{"not_picked":["Stack","Streamline","Barrage"],"picked":"SKIP","floor":1},{"not_picked":["Steam","Go for the Eyes"],"picked":"BootSequence","floor":4},{"not_picked":["Static Discharge","Rip and Tear"],"picked":"Conserve Battery","floor":7},{"not_picked":["Go for the Eyes","Scrape"],"picked":"Glacier","floor":8},{"not_picked":["Recycle","Beam Cell"],"picked":"Leap","floor":10},{"not_picked":["Compile Driver","Static Discharge"],"picked":"Rebound","floor":13},{"not_picked":["Cold Snap","Chill"],"picked":"Multi-Cast","floor":14},{"not_picked":["Cold Snap","Leap"],"picked":"Consume","floor":15},{"not_picked":["All For One","Hyperbeam"],"picked":"Core Surge","floor":16},{"not_picked":["Turbo","Beam Cell"],"picked":"Double Energy","floor":18},{"not_picked":["Compile Driver","Gash"],"picked":"White Noise","floor":19},{"not_picked":["Recycle+1","Aggregate"],"picked":"Reinforced Body+1","floor":20},{"not_picked":["Hologram+1","Stack"],"picked":"Rebound","floor":22},{"not_picked":["Consume","Stack"],"picked":"Aggregate+1","floor":24}],"player_experience":185583,"relics_obtained":[{"floor":7,"key":"StoneCalendar"},{"floor":9,"key":"Torii"},{"floor":10,"key":"Emotion Chip"},{"floor":13,"key":"Dream Catcher"},{"floor":24,"key":"Prayer Wheel"},{"floor":24,"key":"The Courier"},{"floor":26,"key":"Happy Flower"}],"event_choices":[{"damage_healed":0,"gold_gain":0,"player_choice":"Grow","damage_taken":0,"max_hp_gain":0,"max_hp_loss":0,"event_name":"Living Wall","floor":2,"gold_loss":0,"cards_upgraded":["Zap"]},{"damage_healed":0,"gold_gain":175,"player_choice":"AGREE","damage_taken":0,"max_hp_gain":0,"max_hp_loss":0,"event_name":"Liars Game","floor":3,"gold_loss":0,"cards_obtained":["Doubt"]},{"damage_healed":0,"gold_gain":0,"player_choice":"Searched \u00271\u0027 times","damage_taken":0,"max_hp_gain":0,"max_hp_loss":0,"event_name":"Dead Adventurer","floor":10,"gold_loss":0},{"damage_healed":0,"gold_gain":0,"player_choice":"Simplicity","damage_taken":0,"max_hp_gain":0,"max_hp_loss":0,"event_name":"Back to Basics","floor":21,"gold_loss":0,"cards_upgraded":["Strike_B","Strike_B","Strike_B","Strike_B","Defend_B","Defend_B","Defend_B","Defend_B"]},{"damage_healed":0,"gold_gain":0,"player_choice":"Shed Blood","damage_taken":22,"max_hp_gain":5,"max_hp_loss":0,"event_name":"Forgotten Altar","floor":23,"gold_loss":0},{"damage_healed":0,"gold_gain":0,"player_choice":"Fight","damage_taken":0,"max_hp_gain":0,"max_hp_loss":0,"event_name":"Colosseum","floor":24,"gold_loss":0},{"damage_healed":0,"gold_gain":0,"player_choice":"Fought Nobs","damage_taken":0,"max_hp_gain":0,"max_hp_loss":0,"event_name":"Colosseum","floor":24,"gold_loss":0},{"damage_healed":0,"gold_gain":0,"player_choice":"Ignored","damage_taken":0,"max_hp_gain":0,"max_hp_loss":0,"event_name":"Ghosts","floor":25,"gold_loss":0}],"is_beta":false,"boss_relics":[{"not_picked":["Runic Pyramid","Calling Bell"],"picked":"Cursed Key"}],"items_purged_floors":[5,12],"is_endless":false,"potions_floor_spawned":[4,8,14,19,20,24],"killed_by":"Shelled Parasite and Fungi","ascension_level":2}