{"gold_per_floor":[117,134,146,161,11,41,20,20,32,44,68,80,121,160,172,184],"floor_reached":16,"playtime":970,"items_purged":[],"score":192,"play_id":"1326a1e4-659a-4c36-bdeb-b8ba92bc6ed0","local_time":"20190420173126","is_ascension_mode":true,"campfire_choices":[{"data":"Armaments","floor":12,"key":"SMITH"},{"data":"Body Slam","floor":15,"key":"SMITH"}],"neow_cost":"TEN_PERCENT_HP_LOSS","seed_source_timestamp":11106429521845,"circlet_count":0,"master_deck":["AscendersBane","Strike_R","Strike_R","Strike_R","Strike_R","Strike_R","Defend_R+1","Defend_R+1","Defend_R","Defend_R","Bash","Armaments+1","Rampage","Body Slam+1","Warcry","Flame Barrier","Reaper","Rupture+1"],"special_seed":0,"relics":["Burning Blood","WingedGreaves","Happy Flower","War Paint","MawBank","Boot","Frozen Egg 2","Omamori"],"potions_floor_usage":[14,16],"damage_taken":[{"damage":6.0,"enemies":"Cultist","floor":1.0,"turns":3.0},{"damage":12.0,"enemies":"Jaw Worm","floor":2.0,"turns":3.0},{"damage":2.0,"enemies":"2 Louse","floor":3.0,"turns":3.0},{"damage":17.0,"enemies":"Gremlin Gang","floor":4.0,"turns":6.0},{"damage":39,"enemies":"Gremlin Nob","floor":6,"turns":5},{"damage":8,"enemies":"Exordium Thugs","floor":11,"turns":4},{"damage":10,"enemies":"Lagavulin","floor":13,"turns":7},{"damage":26,"enemies":"Gremlin Nob","floor":14,"turns":5},{"damage":56,"enemies":"Hexaghost","floor":16,"turns":11}],"seed_played":"2294716947927604673","potions_obtained":[{"floor":6,"key":"EssenceOfSteel"},{"floor":13,"key":"Poison Potion"}],"is_trial":false,"path_per_floor":["M","M","M","M","$","E","?","T","T","?","M","R","E","E","R","B"],"character_chosen":"IRONCLAD","items_purchased":["Happy Flower"],"campfire_rested":0,"item_purchase_floors":[5],"current_hp_per_floor":[72,66,70,59,59,26,26,26,26,72,70,70,66,51,51,0],"gold":184,"neow_bonus":"ONE_RARE_RELIC","is_prod":false,"is_daily":false,"chose_seed":false,"campfire_upgraded":2,"win_rate":0,"timestamp":1555795886,"path_taken":["M","M","M","?","$","E","?","?","T","?","M","R","E","E","R","BOSS"],"build_version":"2019-01-23","purchased_purges":0,"victory":false,"max_hp_per_floor":[72,72,72,72,72,72,72,72,72,72,72,72,72,72,72,72],"card_choices":[{"not_picked":["Heavy Blade","Iron Wave"],"picked":"Armaments","floor":1.0},{"not_picked":["Heavy Blade","True Grit"],"picked":"Rampage","floor":2.0},{"not_picked":["Uppercut","Anger"],"picked":"Body Slam","floor":3.0},{"not_picked":["Clash","Anger"],"picked":"Warcry","floor":4.0},{"not_picked":["Heavy Blade","Anger"],"picked":"Infernal Blade","floor":6},{"not_picked":["Rupture","Heavy Blade"],"picked":"Flame Barrier","floor":11},{"not_picked":["Flame Barrier","Power Through"],"picked":"Reaper","floor":13},{"not_picked":["Sever Soul","Thunderclap"],"picked":"Rupture+1","floor":14}],"player_experience":944520,"relics_obtained":[{"floor":6,"key":"War Paint"},{"floor":8,"key":"MawBank"},{"floor":9,"key":"Boot"},{"floor":13,"key":"Frozen Egg 2"},{"floor":14,"key":"Omamori"}],"event_choices":[{"damage_healed":0,"gold_gain":0,"player_choice":"Left Gold","damage_taken":0,"max_hp_gain":0,"max_hp_loss":0,"event_name":"World of Goop","floor":7,"gold_loss":21},{"cards_removed":["Infernal Blade"],"damage_healed":46,"gold_gain":0,"player_choice":"Offered Uncommon","damage_taken":0,"max_hp_gain":0,"max_hp_loss":0,"event_name":"Bonfire Elementals","floor":10,"gold_loss":0}],"is_beta":false,"boss_relics":[],"items_purged_floors":[],"is_endless":false,"potions_floor_spawned":[6,13],"killed_by":"Hexaghost","ascension_level":12}