{"gold_per_floor":[115,115,130,144,154,154,154,172,240,240,275,275,275,310,310,310],"floor_reached":16,"playtime":79608,"items_purged":[],"score":110,"play_id":"fdc1b52b-9fa4-4fae-b48d-b3cfb2e01311","local_time":"20181220191410","is_ascension_mode":false,"campfire_choices":[{"data":"Bash","floor":6,"key":"SMITH"},{"data":"Strike_R","floor":10,"key":"SMITH"},{"floor":12,"key":"REST"},{"floor":15,"key":"REST"}],"neow_cost":"","seed_source_timestamp":614818610305233,"circlet_count":0,"master_deck":["Strike_R+1","Strike_R","Strike_R","Strike_R","Defend_R","Defend_R","Defend_R","Defend_R","Bash+1","Pommel Strike","Perfected Strike","Flex","Pommel Strike","Armaments","True Grit","Iron Wave","Rage"],"relics":["Burning Blood","NlothsMask","WingedGreaves","Bag of Preparation"],"potions_floor_usage":[],"damage_taken":[{"damage":7,"enemies":"Small Slimes","floor":1,"turns":5},{"damage":1,"enemies":"Cultist","floor":3,"turns":3},{"damage":1,"enemies":"2 Louse","floor":4,"turns":2},{"damage":12,"enemies":"Blue Slaver","floor":5,"turns":2},{"damage":22,"enemies":"Gremlin Gang","floor":8,"turns":5},{"damage":13,"enemies":"Gremlin Nob","floor":11,"turns":3},{"damage":29,"enemies":"3 Sentries","floor":14,"turns":7},{"damage":78,"enemies":"The Guardian","floor":16,"turns":12}],"seed_played":"7510234596281946792","potions_obtained":[{"floor":11,"key":"Ancient Potion"},{"floor":14,"key":"Weak Potion"}],"is_trial":false,"path_per_floor":["M","?","M","M","M","R","$","M","T","R","E","R","?","E","R","B"],"character_chosen":"IRONCLAD","items_purchased":[],"campfire_rested":2,"item_purchase_floors":[],"current_hp_per_floor":[79,79,80,80,74,74,74,58,58,58,51,75,75,52,76,0],"gold":310,"neow_bonus":"","is_prod":false,"is_daily":false,"chose_seed":false,"campfire_upgraded":2,"win_rate":0.0,"timestamp":1545362050,"path_taken":["M","?","?","M","M","R","?","M","T","R","E","R","?","E","R","BOSS"],"build_version":"2018-12-13","purchased_purges":0,"victory":false,"max_hp_per_floor":[80,80,80,80,80,80,80,80,80,80,80,80,80,80,80,80],"card_choices":[{"not_picked":["Flex","Seeing Red"],"picked":"Pommel Strike","floor":1},{"not_picked":["Sever Soul","Battle Trance"],"picked":"Perfected Strike","floor":3},{"not_picked":["Body Slam","Feel No Pain"],"picked":"Flex","floor":4},{"not_picked":["Flame Barrier","Infernal Blade"],"picked":"Pommel Strike","floor":5},{"not_picked":["Shockwave","Clash"],"picked":"Armaments","floor":8},{"not_picked":["Entrench","Sword Boomerang"],"picked":"True Grit","floor":11},{"not_picked":["Rupture","Bludgeon"],"picked":"Rage","floor":14}],"player_experience":0,"relics_obtained":[{"floor":11,"key":"WingedGreaves"},{"floor":14,"key":"Bag of Preparation"}],"event_choices":[{"damage_healed":0,"gold_gain":0,"player_choice":"Trade","damage_taken":0,"relics_obtained":["NlothsMask"],"max_hp_gain":0,"max_hp_loss":0,"event_name":"FaceTrader","floor":2,"gold_loss":0},{"cards_removed":["Strike_R"],"damage_healed":0,"gold_gain":0,"player_choice":"Took Card","damage_taken":0,"max_hp_gain":0,"max_hp_loss":0,"event_name":"NoteForYourself","floor":13,"gold_loss":0,"cards_obtained":["Iron Wave"]}],"is_beta":false,"boss_relics":[],"items_purged_floors":[],"is_endless":false,"potions_floor_spawned":[11,14],"killed_by":"The Guardian","ascension_level":0}