{"gold_per_floor":[109,121,86,86,103,103,120,120,120,120],"floor_reached":10,"playtime":395,"items_purged":[],"score":116,"play_id":"1ca346ac-ea37-4daa-ac8d-86b9db63229c","local_time":"20190116224453","is_ascension_mode":true,"campfire_choices":[{"data":"Loop","floor":6,"key":"SMITH"},{"data":"Coolheaded","floor":8,"key":"SMITH"}],"neow_cost":"NONE","seed_source_timestamp":555327379140551,"circlet_count":0,"master_deck":["AscendersBane","Strike_B","Strike_B","Strike_B","Strike_B","Defend_B","Defend_B","Defend_B","Defend_B","Zap","Dualcast","Loop+1","Coolheaded+1","Conserve Battery","Chill"],"relics":["Cracked Core","Anchor","StoneCalendar","Question Card"],"potions_floor_usage":[10],"damage_taken":[{"damage":1,"enemies":"Cultist","floor":1,"turns":3},{"damage":7,"enemies":"Jaw Worm","floor":2,"turns":4},{"damage":6,"enemies":"2 Louse","floor":5,"turns":3},{"damage":8,"enemies":"Exordium Wildlife","floor":7,"turns":7},{"damage":37,"enemies":"Gremlin Nob","floor":10,"turns":4}],"seed_played":"-5630926931654691191","potions_obtained":[{"floor":1,"key":"Dexterity Potion"},{"floor":2,"key":"Ancient Potion"}],"is_trial":false,"path_per_floor":["M","M","?","?","M","R","M","R","T","E"],"character_chosen":"DEFECT","items_purchased":[],"campfire_rested":0,"item_purchase_floors":[],"current_hp_per_floor":[63,56,71,36,30,30,22,22,22,0],"gold":120,"neow_bonus":"RANDOM_COMMON_RELIC","is_prod":false,"is_daily":false,"chose_seed":false,"campfire_upgraded":2,"win_rate":0,"timestamp":1547675093,"path_taken":["M","M","?","?","?","R","M","R","T","E"],"build_version":"2019-01-10","purchased_purges":0,"victory":false,"max_hp_per_floor":[71,71,71,71,71,71,71,71,71,71],"card_choices":[{"not_picked":["Turbo","Aggregate"],"picked":"Loop","floor":1},{"not_picked":["Doom and Gloom","Capacitor"],"picked":"Coolheaded","floor":2},{"not_picked":["Streamline","Ball Lightning"],"picked":"Conserve Battery","floor":5},{"not_picked":["Self Repair","Ball Lightning"],"picked":"Chill","floor":7}],"player_experience":456894,"relics_obtained":[{"floor":9,"key":"Question Card"}],"event_choices":[{"damage_healed":17,"gold_gain":0,"player_choice":"Healed","damage_taken":0,"max_hp_gain":0,"max_hp_loss":0,"event_name":"The Cleric","floor":3,"gold_loss":35},{"damage_healed":0,"gold_gain":0,"player_choice":"Success","damage_taken":35,"relics_obtained":["StoneCalendar"],"max_hp_gain":0,"max_hp_loss":0,"event_name":"Scrap Ooze","floor":4,"gold_loss":0}],"is_beta":false,"boss_relics":[],"items_purged_floors":[],"is_endless":false,"potions_floor_spawned":[1,2],"killed_by":"Gremlin Nob","ascension_level":20}