{"gold_per_floor":[113,132,149,61,73,73,105,105,105,105,105,120,139,156,156,256,256,273,164,184,198,215,215,215,215,292,292,292,302,302],"floor_reached":30,"playtime":2177,"items_purged":["Defend_B"],"score":234,"play_id":"1ede337c-1c97-4ee4-9fc8-4f023528fe9c","local_time":"20190327031928","is_ascension_mode":false,"campfire_choices":[{"data":"Beam Cell","floor":6,"key":"SMITH"},{"data":"Swift Strike","floor":8,"key":"SMITH"},{"data":"Dualcast","floor":10,"key":"SMITH"},{"data":"Hologram","floor":15,"key":"SMITH"},{"floor":23,"key":"REST"},{"data":"Buffer","floor":25,"key":"SMITH"},{"data":"Creative AI","floor":27,"key":"SMITH"}],"neow_cost":"NONE","seed_source_timestamp":163076837466,"circlet_count":0,"master_deck":["Strike_B+1","Strike_B+1","Strike_B+1","Defend_B+1","Defend_B+1","Defend_B+1","Zap+1","Dualcast+1","Beam Cell+1","Conserve Battery","Auto Shields","Swift Strike+1","Self Repair","Go for the Eyes","Creative AI+1","Hologram+1","Reboot","Cold Snap","Buffer+1","Fusion","Defragment","Streamline","Gash"],"special_seed":0,"relics":["Cracked Core"],"potions_floor_usage":[18,29],"damage_taken":[{"damage":0,"enemies":"Small Slimes","floor":1,"turns":3},{"damage":0,"enemies":"2 Louse","floor":2,"turns":2},{"damage":0,"enemies":"Cultist","floor":3,"turns":3},{"damage":0,"enemies":"Blue Slaver","floor":5,"turns":4},{"damage":15,"enemies":"3 Sentries","floor":7,"turns":12},{"damage":7,"enemies":"Looter","floor":12,"turns":2},{"damage":20,"enemies":"Gremlin Gang","floor":13,"turns":5},{"damage":1,"enemies":"2 Fungi Beasts","floor":14,"turns":4},{"damage":34,"enemies":"Hexaghost","floor":16,"turns":9},{"damage":9,"enemies":"Chosen","floor":18,"turns":6},{"damage":16,"enemies":"Shell Parasite","floor":20,"turns":8},{"damage":26,"enemies":"Shelled Parasite and Fungi","floor":21,"turns":10},{"damage":16,"enemies":"Snecko","floor":22,"turns":9},{"damage":15,"enemies":"Centurion and Healer","floor":29,"turns":7},{"damage":52,"enemies":"Chosen and Byrds","floor":30,"turns":8}],"seed_played":"1291515694622456061","potions_obtained":[{"floor":1,"key":"Dexterity Potion"},{"floor":2,"key":"Strength Potion"},{"floor":7,"key":"SteroidPotion"},{"floor":16,"key":"Fire Potion"},{"floor":21,"key":"AttackPotion"}],"is_trial":false,"path_per_floor":["M","M","M","$","M","R","E","R","T","R","?","M","M","M","R","B",null,"M","$","M","M","M","R","?","R","T","R","?","M","M"],"character_chosen":"DEFECT","items_purchased":["Swift Strike","Defragment"],"campfire_rested":1,"item_purchase_floors":[4,19],"current_hp_per_floor":[75,75,75,75,75,75,67,67,67,67,67,67,54,60,60,33,75,73,73,64,45,36,58,58,58,58,58,58,50,0],"gold":302,"neow_bonus":"UPGRADE_CARD","is_prod":false,"is_daily":false,"chose_seed":false,"campfire_upgraded":6,"win_rate":0,"timestamp":1553671168,"path_taken":["M","M","M","$","M","R","E","R","T","R","?","M","M","M","R","BOSS","M","$","M","M","M","R","?","R","T","R","?","M","M"],"build_version":"2019-01-23","purchased_purges":1,"victory":false,"max_hp_per_floor":[75,75,75,75,75,75,75,75,75,75,75,75,75,75,75,75,75,75,75,75,75,75,75,75,75,75,75,75,75,75],"card_choices":[{"not_picked":["BootSequence","Steam Power"],"picked":"Beam Cell","floor":1},{"not_picked":["Ball Lightning","Cold Snap"],"picked":"Conserve Battery","floor":2},{"not_picked":["Cold Snap","Redo"],"picked":"Auto Shields","floor":3},{"not_picked":["Hologram","Barrage"],"picked":"Self Repair","floor":5},{"not_picked":["Ball Lightning","BootSequence"],"picked":"Go for the Eyes","floor":7},{"not_picked":["Undo","Reinforced Body"],"picked":"Hologram","floor":12},{"not_picked":["Blizzard","Genetic Algorithm"],"picked":"Reboot","floor":13},{"not_picked":["Turbo","Leap"],"picked":"Cold Snap","floor":14},{"not_picked":["Core Surge","Multi-Cast"],"picked":"Buffer","floor":16},{"not_picked":["Rip and Tear","Aggregate+1"],"picked":"Fusion","floor":18},{"not_picked":["Auto Shields","Turbo+1"],"picked":"Streamline","floor":20},{"not_picked":["Glacier","Redo"],"picked":"Gash","floor":21},{"not_picked":["Fusion","Turbo+1","Barrage"],"picked":"SKIP","floor":22},{"not_picked":["Ball Lightning","BootSequence","Stack"],"picked":"SKIP","floor":29}],"player_experience":892872,"relics_obtained":[],"event_choices":[{"damage_healed":0,"gold_gain":0,"cards_transformed":["Strike_B"],"player_choice":"Change","damage_taken":0,"max_hp_gain":0,"max_hp_loss":0,"event_name":"Living Wall","floor":11,"gold_loss":0,"cards_obtained":["Creative AI"]},{"damage_healed":0,"gold_gain":0,"player_choice":"Simplicity","damage_taken":0,"max_hp_gain":0,"max_hp_loss":0,"event_name":"Back to Basics","floor":24,"gold_loss":0,"cards_upgraded":["Strike_B","Strike_B","Strike_B","Defend_B","Defend_B","Defend_B"]},{"damage_healed":0,"gold_gain":0,"player_choice":"Ignored","damage_taken":0,"max_hp_gain":0,"max_hp_loss":0,"event_name":"The Mausoleum","floor":28,"gold_loss":0}],"is_beta":false,"boss_relics":[{"not_picked":[]}],"items_purged_floors":[19],"is_endless":false,"potions_floor_spawned":[1,2,7,16,21,22],"killed_by":"Chosen and Byrds","ascension_level":0}