{"gold_per_floor":[111,122,137,137,151,151,177,177,245,259,289,301,311,329,329,329],"floor_reached":16,"playtime":510,"items_purged":[],"score":116,"play_id":"6268003c-420e-407f-9551-2f1642788c24","local_time":"20190406020334","is_ascension_mode":false,"campfire_choices":[{"data":"Blur","floor":6,"key":"SMITH"},{"data":"Crippling Poison","floor":8,"key":"SMITH"},{"data":"Wraith Form v2","floor":15,"key":"SMITH"}],"neow_cost":"NONE","seed_source_timestamp":1892303202621064,"circlet_count":0,"master_deck":["Defend_G","Defend_G","Defend_G","Defend_G","Defend_G","Strike_G","Strike_G","Strike_G","Strike_G","Strike_G","Survivor","Neutralize+1","Backstab","Poisoned Stab","Quick Slash+1","Blur+1","Crippling Poison+1","Deflect","Quick Slash+1","Dodge and Roll","Slice+1","Dagger Throw+1","Sucker Punch+1","Wraith Form v2+1"],"relics":["Ring of the Snake","Prayer Wheel","Molten Egg 2","PreservedInsect"],"potions_floor_usage":[16,16,16],"damage_taken":[{"damage":2,"enemies":"Cultist","floor":1,"turns":5},{"damage":0,"enemies":"Small Slimes","floor":2,"turns":3},{"damage":1,"enemies":"Jaw Worm","floor":3,"turns":3},{"damage":8,"enemies":"Lots of Slimes","floor":5,"turns":3},{"damage":23,"enemies":"3 Sentries","floor":7,"turns":10},{"damage":3,"enemies":"Gremlin Gang","floor":10,"turns":4},{"damage":12,"enemies":"Gremlin Nob","floor":11,"turns":4},{"damage":0,"enemies":"Looter","floor":12,"turns":3},{"damage":0,"enemies":"Exordium Wildlife","floor":13,"turns":3},{"damage":0,"enemies":"Blue Slaver","floor":14,"turns":3},{"damage":40,"enemies":"Slime Boss","floor":16,"turns":11}],"seed_played":"-1808981924763299679","potions_obtained":[{"floor":1,"key":"SmokeBomb"},{"floor":11,"key":"Weak Potion"},{"floor":12,"key":"Explosive Potion"},{"floor":14,"key":"Regen Potion"}],"is_trial":false,"path_per_floor":["M","M","M","?","M","R","E","R","T","M","E","M","M","M","R","B"],"character_chosen":"THE_SILENT","items_purchased":[],"campfire_rested":0,"item_purchase_floors":[],"current_hp_per_floor":[68,68,67,67,59,59,36,36,36,33,21,21,21,21,21,0],"gold":329,"neow_bonus":"UPGRADE_CARD","is_prod":false,"is_daily":false,"chose_seed":false,"campfire_upgraded":3,"win_rate":0,"timestamp":1554476614,"path_taken":["M","M","M","?","?","R","E","R","T","?","E","M","M","M","R","BOSS"],"build_version":"2019-01-23","purchased_purges":0,"victory":false,"max_hp_per_floor":[70,70,70,70,70,70,70,70,70,70,70,70,70,70,70,70],"card_choices":[{"not_picked":["Dodge and Roll","Distraction"],"picked":"Backstab","floor":1},{"not_picked":["Deadly Poison","Outmaneuver"],"picked":"Poisoned Stab","floor":2},{"not_picked":["Bane","Flying Knee"],"picked":"Quick Slash","floor":3},{"not_picked":["Outmaneuver","Choke"],"picked":"Blur","floor":5},{"not_picked":["Masterful Stab","Riddle With Holes"],"picked":"Crippling Poison","floor":7},{"not_picked":["Catalyst","Calculated Gamble"],"picked":"Deflect","floor":10},{"not_picked":["Eviscerate+1","Outmaneuver"],"picked":"Quick Slash+1","floor":10},{"not_picked":["Flechettes+1","Tactician"],"picked":"Dodge and Roll","floor":11},{"not_picked":["Quick Slash+1","Crippling Poison"],"picked":"Slice+1","floor":12},{"not_picked":["Bane+1","Calculated Gamble","Night Terror"],"picked":"SKIP","floor":12},{"not_picked":["Deflect","Catalyst"],"picked":"Dagger Throw+1","floor":13},{"not_picked":["Tactician","Poisoned Stab+1"],"picked":"Sucker Punch+1","floor":13},{"not_picked":["Blur","Crippling Poison"],"picked":"Wraith Form v2","floor":14},{"not_picked":["Sucker Punch+1","Distraction","Flying Knee+1"],"picked":"SKIP","floor":14}],"player_experience":460808,"relics_obtained":[{"floor":7,"key":"Prayer Wheel"},{"floor":9,"key":"Molten Egg 2"},{"floor":11,"key":"PreservedInsect"}],"event_choices":[{"damage_healed":0,"gold_gain":0,"player_choice":"Forge","damage_taken":0,"max_hp_gain":0,"max_hp_loss":0,"event_name":"Accursed Blacksmith","floor":4,"gold_loss":0,"cards_upgraded":["Quick Slash"]}],"is_beta":false,"boss_relics":[],"items_purged_floors":[],"is_endless":false,"potions_floor_spawned":[1,11,12,14],"killed_by":"Slime Boss","ascension_level":0}