{"path_per_floor":["M","M","M","$","M","R","E","R","T","R","M","M","M","?","R","B",null,"M","M","M","M","?","R","E","?","T","R","?","M","?","E","R","B",null,"M","$","?","M","?","R","M","R","T","R","M","?","M","M","R","B"],"character_chosen":"DEFECT","items_purchased":["Capacitor"],"gold_per_floor":[13,32,42,42,62,62,89,89,89,89,108,119,133,133,133,234,234,234,234,234,234,234,234,234,234,234,234,184,184,184,184,184,184,184,184,60,30,30,30,30,30,30,30,30,30,0,0,0,0,0],"floor_reached":51,"campfire_rested":0,"playtime":4136,"item_purchase_floors":[],"current_hp_per_floor":[68,65,58,58,57,57,48,48,48,48,50,59,69,74,74,52,73,74,80,67,60,60,60,80,80,80,80,80,80,80,73,73,71,78,80,80,80,80,70,70,78,78,78,78,65,65,67,67,67,56],"items_purged":["Strike_B"],"gold":0,"score":866,"play_id":"0238a7fd-6254-4419-b795-329f6b4819b2","local_time":"20180524012742","is_prod":false,"is_daily":false,"chose_seed":false,"is_ascension_mode":true,"campfire_upgraded":11,"win_rate":0,"timestamp":1527118062,"campfire_choices":[{"data":"Chill","floor":6.0,"key":"SMITH"},{"data":"Defragment","floor":8.0,"key":"SMITH"},{"data":"Self Repair","floor":10.0,"key":"SMITH"},{"data":"Sweeping Beam","floor":15.0,"key":"SMITH"},{"data":"Zap","floor":23.0,"key":"SMITH"},{"data":"Echo Form","floor":27.0,"key":"SMITH"},{"data":"Thunder Strike","floor":32.0,"key":"SMITH"},{"data":"Electrodynamics","floor":40.0,"key":"SMITH"},{"data":"Capacitor","floor":42.0,"key":"SMITH"},{"data":"FTL","floor":44,"key":"SMITH"},{"data":"Thinking Ahead","floor":49,"key":"SMITH"}],"path_taken":["M","M","M","$","M","R","E","R","T","R","M","M","M","?","R","BOSS","M","M","M","M","?","R","E","?","T","R","?","M","?","E","R","BOSS","M","$","?","M","?","R","M","R","T","R","M","?","M","M","R","BOSS"],"build_version":"2018-05-23","seed_source_timestamp":384835846945256,"purchased_purges":1,"victory":true,"master_deck":["Strike_B+1","Strike_B","Defend_B","Defend_B","Defend_B","Defend_B","Zap+1","Dualcast","Thunder Strike+1","Compile Driver+1","Defragment+1","Cold Snap","Chill+1","Self Repair+1","Echo Form+1","Sweeping Beam+1","Genetic Algorithm","Compile Driver+1","Reinforced Body+1","Ball Lightning+1","Electrodynamics+1","Capacitor+1","FTL+1","Master of Strategy","Thinking Ahead+1","Loop+1","Tempest+1","Storm+1","Compile Driver+1"],"max_hp_per_floor":[75,75,75,75,75,75,75,75,75,75,75,75,75,80,80,80,80,80,80,80,80,80,80,80,80,80,80,80,80,80,80,80,80,80,80,80,80,80,80,80,80,80,80,80,80,80,80,80,80,80],"relics":["Cracked Core","Whetstone","Kunai","Ectoplasm","Ice Cream","Oddly Smooth Stone","Old Coin","Unceasing Top","Cursed Key","Red Mask"],"card_choices":[{"not_picked":["Seek","Reboot"],"picked":"Thunder Strike","floor":0.0},{"not_picked":["Coolheaded","Stack"],"picked":"Compile Driver","floor":1.0},{"not_picked":["Heatsinks","Compile Driver"],"picked":"Defragment","floor":2.0},{"not_picked":["Beam Cell","Streamline"],"picked":"Cold Snap","floor":3.0},{"not_picked":["Skim","Turbo"],"picked":"Chill","floor":5.0},{"not_picked":["Go for the Eyes","Conserve Battery"],"picked":"Self Repair","floor":7.0},{"not_picked":["Hello World","Cold Snap"],"picked":"Echo Form","floor":11.0},{"not_picked":["Steam Power","Skim"],"picked":"Sweeping Beam","floor":12.0},{"not_picked":["Hologram","Steam Power"],"picked":"Genetic Algorithm","floor":13.0},{"not_picked":["Turbo+1","Storm","Rebound"],"picked":"SKIP","floor":18.0},{"not_picked":["Rebound+1","Axe Kick"],"picked":"Compile Driver+1","floor":19.0},{"not_picked":["Barrage","Cold Snap","Force Field"],"picked":"SKIP","floor":20.0},{"not_picked":["Beam Cell","Hello World"],"picked":"Reinforced Body+1","floor":21.0},{"not_picked":["Streamline","BootSequence","Ball Lightning"],"picked":"SKIP","floor":24.0},{"not_picked":["Rebound","Lockon","Ball Lightning"],"picked":"SKIP","floor":29.0},{"not_picked":["Sunder","Hologram"],"picked":"Ball Lightning+1","floor":31.0},{"not_picked":["Machine Learning","Core Surge"],"picked":"Electrodynamics","floor":33.0},{"not_picked":["Redo","Steam","Melter"],"picked":"SKIP","floor":35.0},{"not_picked":["Chill","Rip and Tear"],"picked":"FTL","floor":38.0},{"not_picked":["Purity","Madness"],"picked":"Master of Strategy","floor":39.0},{"not_picked":["Blind","Jack Of All Trades"],"picked":"Thinking Ahead","floor":39.0},{"not_picked":["Cold Snap+1","Barrage+1"],"picked":"Loop+1","floor":41.0},{"not_picked":["Gash+1","Scrape"],"picked":"Tempest+1","floor":45},{"not_picked":["Steam","Barrage+1"],"picked":"Storm+1","floor":47},{"not_picked":["Hello World+1","Streamline"],"picked":"Compile Driver+1","floor":48}],"player_experience":87500,"potions_floor_usage":[50,50,50],"damage_taken":[{"damage":0.0,"enemies":"2 Louse","floor":1.0,"turns":2.0},{"damage":3.0,"enemies":"Small Slimes","floor":2.0,"turns":4.0},{"damage":7.0,"enemies":"Jaw Worm","floor":3.0,"turns":3.0},{"damage":1.0,"enemies":"2 Fungi Beasts","floor":5.0,"turns":3.0},{"damage":9.0,"enemies":"Gremlin Nob","floor":7.0,"turns":4.0},{"damage":8.0,"enemies":"Large Slime","floor":11.0,"turns":5.0},{"damage":1.0,"enemies":"Exordium Wildlife","floor":12.0,"turns":4.0},{"damage":0.0,"enemies":"2 Fungi Beasts","floor":13.0,"turns":6.0},{"damage":32.0,"enemies":"Slime Boss","floor":16.0,"turns":7.0},{"damage":9.0,"enemies":"Shell Parasite","floor":18.0,"turns":6.0},{"damage":0.0,"enemies":"3 Byrds","floor":19.0,"turns":8.0},{"damage":33.0,"enemies":"Snecko","floor":20.0,"turns":6.0},{"damage":17.0,"enemies":"Slaver and Parasite","floor":21.0,"turns":10.0},{"damage":0.0,"enemies":"Gremlin Leader","floor":24.0,"turns":7.0},{"damage":0.0,"enemies":"Sentry and Sphere","floor":29.0,"turns":5.0},{"damage":27.0,"enemies":"Book of Stabbing","floor":31.0,"turns":6.0},{"damage":12.0,"enemies":"Champ","floor":33.0,"turns":8.0},{"damage":10.0,"enemies":"3 Shapes","floor":35.0,"turns":7.0},{"damage":7.0,"enemies":"Orb Walker","floor":38.0,"turns":5.0},{"damage":2.0,"enemies":"Sphere and 2 Shapes","floor":41.0,"turns":5.0},{"damage":13,"enemies":"3 Darklings","floor":45,"turns":5},{"damage":18,"enemies":"Transient","floor":47,"turns":5},{"damage":0,"enemies":"4 Shapes","floor":48,"turns":4},{"damage":11,"enemies":"Awakened One","floor":50,"turns":5}],"relics_obtained":[{"floor":7.0,"key":"Whetstone"},{"floor":9.0,"key":"Kunai"},{"floor":24.0,"key":"Oddly Smooth Stone"},{"floor":26.0,"key":"Old Coin"},{"floor":31.0,"key":"Unceasing Top"}],"event_choices":[{"event_name":"Big Fish","player_choice":"Donut","floor":14.0,"damage_taken":0.0},{"event_name":"The Mausoleum","player_choice":"Yes","floor":22.0,"damage_taken":0.0},{"event_name":"Purifier","player_choice":"One Purge","floor":25.0,"damage_taken":0.0},{"event_name":"The Joust","player_choice":"Bet on Murderer","floor":28.0,"damage_taken":0.0},{"event_name":"Drug Dealer","player_choice":"Ignored","floor":30.0,"damage_taken":0.0},{"event_name":"The Woman in Blue","player_choice":"Bought 2 Potions","floor":37.0,"damage_taken":0.0},{"event_name":"SensoryStone","player_choice":"Memory 3","floor":39.0,"damage_taken":0.0},{"event_name":"Tomb of Lord Red Mask","player_choice":"Paid","floor":46,"damage_taken":0}],"boss_relics":[],"items_purged_floors":[],"potions_floor_spawned":[2,3,7,11,12,18,19,33,38,45,47,48],"seed_played":"-1768347831348461060","ascension_level":6,"potions_obtained":[{"floor":2.0,"key":"EntropicBrew"},{"floor":3.0,"key":"Poison Potion"},{"floor":7.0,"key":"PowerPotion"},{"floor":11.0,"key":"FocusPotion"},{"floor":18.0,"key":"Fire Potion"},{"floor":19.0,"key":"Swift Potion"},{"floor":33.0,"key":"Poison Potion"},{"floor":37.0,"key":"FocusPotion"},{"floor":37.0,"key":"LiquidBronze"},{"floor":47,"key":"FocusPotion"}],"is_trial":false}