{"gold_per_floor":[115,115,128,128,138,138,185,185,215,215,231,231,565,490,490,581,581,612,537,556,567,567,567,567],"floor_reached":24,"playtime":2125,"items_purged":["Strike_G"],"score":377,"play_id":"f41235f5-7282-4330-b702-d140df114a87","local_time":"20190214012217","is_ascension_mode":true,"campfire_choices":[{"floor":6,"key":"REST"},{"data":"Trip","floor":8,"key":"SMITH"},{"data":"Cloak And Dagger","floor":10,"key":"SMITH"},{"data":"Magnetism","floor":15,"key":"SMITH"},{"floor":23,"key":"REST"}],"neow_cost":"TEN_PERCENT_HP_LOSS","seed_source_timestamp":387949685194105,"circlet_count":0,"master_deck":["AscendersBane","Defend_G","Defend_G+1","Defend_G","Defend_G","Defend_G","Strike_G+1","Strike_G","Strike_G","Survivor","Neutralize","Magnetism+1","Trip+1","Cloak And Dagger+1","Infinite Blades","Cloak And Dagger","Infinite Blades","Choke","After Image","Cloak And Dagger","Quick Slash","Backflip","Finisher"],"relics":["Ring of the Snake","Tiny Chest","Old Coin","Orrery","Nloth\u0027s Gift"],"potions_floor_usage":[3,7,16],"damage_taken":[{"damage":1,"enemies":"Cultist","floor":1,"turns":3},{"damage":2,"enemies":"Jaw Worm","floor":3,"turns":2},{"damage":1,"enemies":"Small Slimes","floor":5,"turns":3},{"damage":19,"enemies":"3 Sentries","floor":7,"turns":10},{"damage":0,"enemies":"2 Fungi Beasts","floor":11,"turns":2},{"damage":1,"enemies":"Lagavulin","floor":13,"turns":6},{"damage":50,"enemies":"The Guardian","floor":16,"turns":12},{"damage":13,"enemies":"Spheric Guardian","floor":18,"turns":7},{"damage":7,"enemies":"Chosen","floor":20,"turns":7},{"damage":18,"enemies":"Centurion and Healer","floor":21,"turns":10},{"damage":29,"enemies":"Sentry and Sphere","floor":24,"turns":7}],"seed_played":"-2463434189444845197","potions_obtained":[{"floor":1,"key":"AttackPotion"},{"floor":5,"key":"GamblersBrew"},{"floor":11,"key":"EssenceOfSteel"},{"floor":18,"key":"LiquidBronze"}],"is_trial":false,"path_per_floor":["M","?","M","?","M","R","E","R","T","R","M","?","E","$","R","B",null,"M","?","M","M","?","R","M"],"character_chosen":"THE_SILENT","items_purchased":[],"campfire_rested":2,"item_purchase_floors":[],"current_hp_per_floor":[58,58,56,38,37,55,36,36,36,36,36,56,55,55,55,5,46,33,33,26,8,8,26,0],"gold":567,"neow_bonus":"RANDOM_COLORLESS_2","is_prod":false,"is_daily":false,"chose_seed":false,"campfire_upgraded":3,"win_rate":0,"timestamp":1550125337,"path_taken":["M","?","M","?","M","R","E","R","T","R","M","?","E","$","R","BOSS","M","?","M","M","?","R","M"],"build_version":"2019-01-23","purchased_purges":1,"victory":false,"max_hp_per_floor":[60,60,60,60,60,60,60,60,60,60,60,60,60,60,60,60,60,60,60,60,60,60,60,60],"card_choices":[{"not_picked":["Blur","Endless Agony"],"picked":"Cloak And Dagger","floor":1},{"not_picked":["Bane","Quick Slash"],"picked":"Infinite Blades","floor":3},{"not_picked":["Finisher","Poisoned Stab"],"picked":"Cloak And Dagger","floor":5},{"not_picked":["Accuracy","Sucker Punch"],"picked":"Infinite Blades","floor":7},{"not_picked":["Outmaneuver","Footwork","Flechettes"],"picked":"SKIP","floor":11},{"not_picked":["Expertise","Wraith Form v2"],"picked":"Choke","floor":13},{"not_picked":["Burst","Envenom"],"picked":"After Image","floor":16},{"not_picked":["Deadly Poison","Deflect"],"picked":"Cloak And Dagger","floor":17},{"not_picked":["Flying Knee","Endless Agony"],"picked":"Quick Slash","floor":17},{"not_picked":["Distraction","Deflect"],"picked":"Backflip","floor":17},{"not_picked":["Noxious Fumes","Prepared"],"picked":"Finisher","floor":17},{"not_picked":["PiercingWail","Poisoned Stab+1","Reflex"],"picked":"SKIP","floor":18},{"not_picked":["Dagger Throw","Underhanded Strike+1","Poisoned Stab"],"picked":"SKIP","floor":20},{"not_picked":["Flying Knee","Skewer","Bullet Time"],"picked":"SKIP","floor":21}],"player_experience":790507,"relics_obtained":[{"floor":7,"key":"Dodecahedron"},{"floor":9,"key":"Tiny Chest"},{"floor":13,"key":"Old Coin"}],"event_choices":[{"damage_healed":0,"gold_gain":0,"player_choice":"Ignored","damage_taken":0,"max_hp_gain":0,"max_hp_loss":0,"event_name":"Liars Game","floor":2,"gold_loss":0},{"damage_healed":0,"gold_gain":0,"player_choice":"Entered Light","damage_taken":18,"max_hp_gain":0,"max_hp_loss":0,"event_name":"Shining Light","floor":4,"gold_loss":0,"cards_upgraded":["Strike_G","Defend_G"]},{"damage_healed":20,"gold_gain":0,"player_choice":"Banana","damage_taken":0,"max_hp_gain":0,"max_hp_loss":0,"event_name":"Big Fish","floor":12,"gold_loss":0},{"cards_removed":["Strike_G"],"damage_healed":0,"gold_gain":0,"player_choice":"Gave Gold","damage_taken":0,"max_hp_gain":0,"max_hp_loss":0,"event_name":"Beggar","floor":19,"gold_loss":75},{"damage_healed":0,"gold_gain":0,"player_choice":"Traded Relic","damage_taken":0,"relics_obtained":["Nloth\u0027s Gift"],"max_hp_gain":0,"max_hp_loss":0,"event_name":"N\u0027loth","floor":22,"relics_lost":["Dodecahedron"],"gold_loss":0}],"is_beta":false,"boss_relics":[{"not_picked":["Runic Dome","Snecko Eye"],"picked":"Orrery"}],"items_purged_floors":[14],"is_endless":false,"potions_floor_spawned":[1,5,11,18],"killed_by":"Sentry and Sphere","ascension_level":17}