{"gold_per_floor":[114,124,5,5,22,22,54,54,54,73,73,90,90,101,101,197,197,216,236,253,253,178,178,212,212,236,236],"floor_reached":27,"playtime":1576,"items_purged":["Defend_R"],"score":439,"play_id":"9af8a3c8-9502-4676-b830-a94a8407b0f6","local_time":"20190126234551","is_ascension_mode":true,"campfire_choices":[{"data":"Discovery","floor":6,"key":"SMITH"},{"data":"Metallicize","floor":8,"key":"SMITH"},{"data":"Inflame","floor":11,"key":"SMITH"},{"data":"Flex","floor":13,"key":"SMITH"},{"data":"Bash","floor":15,"key":"SMITH"},{"data":"Shrug It Off","floor":23,"key":"SMITH"},{"data":"Body Slam","floor":25,"key":"SMITH"}],"neow_cost":"NONE","seed_source_timestamp":37475896562661,"circlet_count":0,"master_deck":["AscendersBane","Strike_R","Strike_R","Strike_R","Strike_R","Strike_R","Defend_R","Defend_R","Defend_R","Bash+1","Shrug It Off+1","Disarm","Headbutt","Metallicize+1","Discovery+1","Inflame+1","Flex+1","Reaper","Twin Strike+1","Burning Pact+1","Body Slam+1","Normality"],"relics":["Burning Blood","Shuriken","Anchor","Mercury Hourglass","Cursed Key","Dodecahedron","Lantern"],"potions_floor_usage":[14,18,19,20,20],"damage_taken":[{"damage":3,"enemies":"Cultist","floor":1,"turns":4},{"damage":2,"enemies":"2 Louse","floor":2,"turns":3},{"damage":1,"enemies":"Small Slimes","floor":5,"turns":4},{"damage":12,"enemies":"Lagavulin","floor":7,"turns":8},{"damage":6,"enemies":"2 Fungi Beasts","floor":10,"turns":3},{"damage":0,"enemies":"Exordium Wildlife","floor":12,"turns":2},{"damage":2,"enemies":"Red Slaver","floor":14,"turns":3},{"damage":0,"enemies":"The Guardian","floor":16,"turns":10},{"damage":6,"enemies":"Shell Parasite","floor":18,"turns":4},{"damage":0,"enemies":"Spheric Guardian","floor":19,"turns":3},{"damage":15,"enemies":"Centurion and Healer","floor":20,"turns":4},{"damage":43,"enemies":"Book of Stabbing","floor":24,"turns":6},{"damage":55,"enemies":"Gremlin Leader","floor":27,"turns":6}],"seed_played":"-7729048748046308788","potions_obtained":[{"floor":1,"key":"Dexterity Potion"},{"floor":5,"key":"Energy Potion"},{"floor":14,"key":"AttackPotion"},{"floor":18,"key":"SkillPotion"},{"floor":19,"key":"Swift Potion"}],"is_trial":false,"path_per_floor":["M","M","$","T","M","R","E","R","T","M","R","M","R","M","R","B",null,"M","M","M","?","$","R","E","R","T","E"],"character_chosen":"IRONCLAD","items_purchased":["Metallicize","Discovery"],"campfire_rested":0,"item_purchase_floors":[3,3],"current_hp_per_floor":[75,79,79,79,80,80,74,74,74,74,74,80,80,80,80,80,80,80,80,77,77,77,77,40,40,40,0],"gold":236,"neow_bonus":"THREE_CARDS","is_prod":false,"is_daily":false,"chose_seed":false,"campfire_upgraded":7,"win_rate":0,"timestamp":1548564351,"path_taken":["M","M","$","?","M","R","E","R","T","M","R","M","R","M","R","BOSS","M","M","M","?","$","R","E","R","T","E"],"build_version":"2019-01-23","purchased_purges":1,"victory":false,"max_hp_per_floor":[80,80,80,80,80,80,80,80,80,80,80,80,80,80,80,80,80,80,80,80,80,80,80,80,80,80,80],"card_choices":[{"not_picked":["Spot Weakness","Dropkick"],"picked":"Shrug It Off","floor":0},{"not_picked":["Seeing Red","Perfected Strike"],"picked":"Disarm","floor":1},{"not_picked":["Shrug It Off","Uppercut"],"picked":"Headbutt","floor":2},{"not_picked":["Clash","Headbutt","Power Through"],"picked":"SKIP","floor":5},{"not_picked":["Uppercut","Searing Blow"],"picked":"Inflame","floor":7},{"not_picked":["Clash","Heavy Blade","Cleave"],"picked":"SKIP","floor":10},{"not_picked":["Anger","Armaments"],"picked":"Flex","floor":12},{"not_picked":["Headbutt","Clash","Body Slam"],"picked":"SKIP","floor":14},{"not_picked":["Berserk","Brutality"],"picked":"Reaper","floor":16},{"not_picked":["Warcry","Flex","Ghostly Armor"],"picked":"SKIP","floor":18},{"not_picked":["Sentinel","Armaments"],"picked":"Twin Strike+1","floor":19},{"not_picked":["Power Through+1","Feel No Pain"],"picked":"Burning Pact+1","floor":20},{"not_picked":["Searing Blow","Pommel Strike"],"picked":"Body Slam","floor":24}],"player_experience":721627,"relics_obtained":[{"floor":4,"key":"Shuriken"},{"floor":7,"key":"Anchor"},{"floor":9,"key":"Mercury Hourglass"},{"floor":24,"key":"Dodecahedron"},{"floor":26,"key":"Lantern"}],"event_choices":[{"damage_healed":0,"gold_gain":0,"player_choice":"Ignored","damage_taken":0,"max_hp_gain":0,"max_hp_loss":0,"event_name":"Beggar","floor":21,"gold_loss":0}],"is_beta":false,"boss_relics":[{"not_picked":["Calling Bell","Eternal Feather"],"picked":"Cursed Key"}],"items_purged_floors":[22],"is_endless":false,"potions_floor_spawned":[1,5,10,14,18,19],"killed_by":"Gremlin Leader","ascension_level":11}