{"gold_per_floor":[114,114,114,138,163,163,206,227,227,227,247,270,270,311,311,440,440,453,476,476,496,31,31,56,56,79,79,204,59,99,99,99,224,224,245,265,341,216,326,326,339,357,357,407,102,102,2,16,16,16],"floor_reached":51,"playtime":4205,"items_purged":["Injury","Normality","Regret","Writhe"],"score":843,"play_id":"f1b14e11-2170-45ad-b410-ccbb258d9ff2","local_time":"20190417175444","is_ascension_mode":true,"campfire_choices":[{"data":"Accuracy","floor":6,"key":"SMITH"},{"floor":13,"key":"REST"},{"floor":15,"key":"REST"},{"data":"Glass Knife","floor":23,"key":"SMITH"},{"data":"Strike_G","floor":25,"key":"PURGE"},{"data":"Accuracy","floor":32,"key":"SMITH"},{"data":"Accuracy","floor":40,"key":"SMITH"},{"data":"After Image","floor":46,"key":"SMITH"},{"data":"After Image","floor":49,"key":"SMITH"}],"neow_cost":"TEN_PERCENT_HP_LOSS","seed_source_timestamp":8771901224057,"circlet_count":0,"master_deck":["Defend_G","Defend_G","Defend_G","Defend_G","Defend_G","Strike_G","Strike_G","Strike_G","Survivor","Neutralize","Accuracy+1","Acrobatics","Deadly Poison+1","Well Laid Plans","Blade Dance+1","Blade Dance+1","Venomology+1","Accuracy+1","Backflip+1","Blade Dance+1","Deflect+1","Blade Dance+1","Cloak And Dagger+1","Adrenaline+1","Glass Knife+1","Dodge and Roll+1","Concentrate+1","Blade Dance+1","Footwork","Blade Dance+1","Outmaneuver+1","Blade Dance+1","All Out Attack","Cloak And Dagger+1","Accuracy+1","After Image+1","Blade Dance+1","Finisher+1","Blade Dance+1","Blade Dance+1","Adrenaline+1","After Image+1","Writhe","Blade Dance+1"],"relics":["Ring of the Snake","Prayer Wheel","Golden Idol","Toxic Egg 2","Matryoshka","Pear","Ice Cream","Cursed Key","Nloth\u0027s Gift","Peace Pipe","Juzu Bracelet","PreservedInsect","Pocketwatch","Bottled Lightning","Bag of Marbles","SsserpentHead","Philosopher\u0027s Stone","Strawberry","Calipers","Mango","Shuriken"],"potions_floor_usage":[22,28,33,33,50,50],"damage_taken":[{"damage":0,"enemies":"Jaw Worm","floor":1,"turns":7},{"damage":4,"enemies":"Small Slimes","floor":4,"turns":4},{"damage":6,"enemies":"Cultist","floor":5,"turns":5},{"damage":13,"enemies":"Gremlin Nob","floor":7,"turns":4},{"damage":2,"enemies":"2 Fungi Beasts","floor":8,"turns":3},{"damage":12,"enemies":"Lots of Slimes","floor":11,"turns":2},{"damage":5,"enemies":"Exordium Wildlife","floor":12,"turns":3},{"damage":5,"enemies":"Lagavulin","floor":14,"turns":4},{"damage":23,"enemies":"Hexaghost","floor":16,"turns":5},{"damage":0,"enemies":"Spheric Guardian","floor":18,"turns":3},{"damage":10,"enemies":"Shell Parasite","floor":19,"turns":3},{"damage":7,"enemies":"Centurion and Healer","floor":21,"turns":3},{"damage":7,"enemies":"Shelled Parasite and Fungi","floor":24,"turns":2},{"damage":13,"enemies":"Colosseum Slavers","floor":28,"turns":2},{"damage":7,"enemies":"Colosseum Nobs","floor":28,"turns":3},{"damage":0,"enemies":"Book of Stabbing","floor":30,"turns":3},{"damage":23,"enemies":"Champ","floor":33,"turns":5},{"damage":7,"enemies":"3 Darklings","floor":35,"turns":3},{"damage":8,"enemies":"3 Shapes","floor":36,"turns":5},{"damage":23,"enemies":"2 Orb Walkers","floor":39,"turns":4},{"damage":0,"enemies":"Jaw Worm Horde","floor":41,"turns":1},{"damage":4,"enemies":"Sphere and 2 Shapes","floor":42,"turns":1},{"damage":0,"enemies":"3 Darklings","floor":48,"turns":2},{"damage":29,"enemies":"Awakened One","floor":50,"turns":8}],"seed_played":"-5807162603653893459","potions_obtained":[{"floor":1,"key":"Fire Potion"},{"floor":8,"key":"Ancient Potion"},{"floor":16,"key":"EssenceOfSteel"},{"floor":24,"key":"GamblersBrew"},{"floor":33,"key":"SteroidPotion"}],"is_trial":false,"path_per_floor":["?","?","M","?","M","?","M","?","?","?","T","?","?","$"],"character_chosen":"THE_SILENT","items_purchased":["Peace Pipe","Fruit Juice","Cloak And Dagger+1","Shuriken","Blade Dance+1"],"campfire_rested":2,"item_purchase_floors":[22,22,29,45,45],"current_hp_per_floor":[63,63,63,59,53,53,40,38,48,48,36,31,52,47,68,45,73,73,63,63,56,61,61,54,54,54,54,34,34,34,34,34,11,78,71,63,70,70,47,47,47,43,57,82,82,82,82,82,82,53],"gold":16,"neow_bonus":"ONE_RARE_RELIC","is_prod":false,"is_daily":false,"chose_seed":false,"campfire_upgraded":6,"win_rate":0,"timestamp":1555538084,"path_taken":["M","?","?","M","?","R","E","M","T","?","?","M","R","E","R","BOSS","M","M","?","?","$","R","M","R","T","?","?","$","E","?","R","BOSS","M","M","?","$","?","R","M","M","T","?","$","R","?","M","R","BOSS"],"build_version":"2019-01-23","purchased_purges":4,"victory":true,"max_hp_per_floor":[63,63,63,63,63,63,63,63,73,73,73,73,73,73,73,73,73,73,73,73,73,78,78,78,78,78,78,78,78,78,78,78,78,78,78,78,85,85,85,85,85,85,99,99,99,99,99,99,99,99],"card_choices":[{"not_picked":["Acrobatics","Flechettes"],"picked":"Accuracy","floor":1},{"not_picked":["All Out Attack","Flying Knee"],"picked":"Acrobatics","floor":1},{"not_picked":["Acrobatics+1","Masterful Stab"],"picked":"Deadly Poison+1","floor":4},{"not_picked":["Dodge and Roll+1","Reflex+1"],"picked":"Well Laid Plans","floor":4},{"not_picked":["Concentrate+1","Calculated Gamble+1"],"picked":"Blade Dance+1","floor":5},{"not_picked":["Catalyst+1","Acrobatics+1"],"picked":"Blade Dance+1","floor":5},{"not_picked":["PiercingWail+1","Backflip+1"],"picked":"Venomology+1","floor":7},{"not_picked":["Blade Dance+1","Dagger Spray"],"picked":"Accuracy","floor":8},{"not_picked":["Dagger Throw","Dodge and Roll+1"],"picked":"Backflip+1","floor":8},{"not_picked":["Accuracy","Catalyst+1"],"picked":"Blade Dance+1","floor":11},{"not_picked":["Sucker Punch","Expertise+1"],"picked":"Deflect+1","floor":11},{"not_picked":["Dodge and Roll+1","Blur+1"],"picked":"Blade Dance+1","floor":12},{"not_picked":["Malaise+1","Poisoned Stab"],"picked":"Cloak And Dagger+1","floor":12},{"not_picked":["Distraction+1","Dagger Throw"],"picked":"Adrenaline+1","floor":14},{"not_picked":["Unload","Tools of the Trade"],"picked":"Glass Knife","floor":16},{"not_picked":["Deflect+1","Acrobatics+1"],"picked":"Dodge and Roll+1","floor":18},{"not_picked":["Bane","Deadly Poison+1"],"picked":"Concentrate+1","floor":18},{"not_picked":["Dagger Spray+1","Sucker Punch"],"picked":"Blade Dance+1","floor":19},{"not_picked":["Dagger Spray","Prepared+1","Concentrate+1"],"picked":"SKIP","floor":19},{"not_picked":["Blade Dance+1","Deadly Poison+1"],"picked":"Footwork","floor":21},{"not_picked":["Poisoned Stab","Envenom"],"picked":"Blade Dance+1","floor":21},{"not_picked":["Poisoned Stab","Underhanded Strike"],"picked":"Outmaneuver+1","floor":24},{"not_picked":["Flying Knee","Deadly Poison+1"],"picked":"Blade Dance+1","floor":24},{"not_picked":["Dodge and Roll+1","Phantasmal Killer+1"],"picked":"Accuracy","floor":30},{"not_picked":["Corpse Explosion+1","Night Terror+1"],"picked":"After Image","floor":33},{"not_picked":["Slice","Sucker Punch+1"],"picked":"Blade Dance+1","floor":35},{"not_picked":["Eviscerate","Slice+1","Bane+1"],"picked":"SKIP","floor":35},{"not_picked":["Endless Agony","Deflect+1"],"picked":"Finisher+1","floor":36},{"not_picked":["Dagger Throw+1","Caltrops","Flying Knee+1"],"picked":"SKIP","floor":36},{"not_picked":["PiercingWail+1","Phantasmal Killer+1"],"picked":"Blade Dance+1","floor":39},{"not_picked":["Distraction+1","All Out Attack+1"],"picked":"Blade Dance+1","floor":41},{"not_picked":["Dagger Spray+1","Crippling Poison+1"],"picked":"Adrenaline+1","floor":41},{"not_picked":["Backstab","Underhanded Strike"],"picked":"After Image","floor":42},{"not_picked":["Deflect+1","Bane+1","Dagger Throw+1"],"picked":"SKIP","floor":42},{"not_picked":["Sucker Punch","Crippling Poison+1","Setup+1"],"picked":"SKIP","floor":48},{"not_picked":["PiercingWail+1","Prepared+1","Dagger Throw"],"picked":"SKIP","floor":48}],"player_experience":178083,"relics_obtained":[{"floor":3,"key":"Toxic Egg 2"},{"floor":7,"key":"Matryoshka"},{"floor":9,"key":"Pear"},{"floor":9,"key":"Ancient Tea Set"},{"floor":14,"key":"Ice Cream"},{"floor":26,"key":"Juzu Bracelet"},{"floor":26,"key":"PreservedInsect"},{"floor":28,"key":"Pocketwatch"},{"floor":28,"key":"Bottled Lightning"},{"floor":30,"key":"Bag of Marbles"},{"floor":37,"key":"Strawberry"},{"floor":39,"key":"Calipers"},{"floor":43,"key":"Mango"}],"event_choices":[{"damage_healed":0,"gold_gain":0,"player_choice":"Take Wound","damage_taken":0,"relics_obtained":["Golden Idol"],"max_hp_gain":0,"max_hp_loss":0,"event_name":"Golden Idol","floor":2,"gold_loss":0,"cards_obtained":["Injury"]},{"damage_healed":0,"gold_gain":0,"player_choice":"Relic","damage_taken":0,"max_hp_gain":0,"max_hp_loss":0,"event_name":"Wheel of Change","floor":3,"gold_loss":0},{"damage_healed":0,"gold_gain":0,"player_choice":"Got Potions","damage_taken":0,"max_hp_gain":0,"max_hp_loss":0,"event_name":"Lab","floor":10,"gold_loss":0},{"damage_healed":0,"gold_gain":0,"player_choice":"Traded Relic","damage_taken":0,"relics_obtained":["Nloth\u0027s Gift"],"max_hp_gain":0,"max_hp_loss":0,"event_name":"N\u0027loth","floor":20,"relics_lost":["Ancient Tea Set"],"gold_loss":0},{"damage_healed":0,"gold_gain":0,"cards_transformed":["Strike_G"],"player_choice":"Transformed","damage_taken":0,"max_hp_gain":0,"max_hp_loss":0,"event_name":"Transmorgrifier","floor":27,"gold_loss":0,"cards_obtained":["All Out Attack"]},{"damage_healed":0,"gold_gain":0,"player_choice":"Fight","damage_taken":0,"max_hp_gain":0,"max_hp_loss":0,"event_name":"Colosseum","floor":28,"gold_loss":0},{"damage_healed":0,"gold_gain":0,"player_choice":"Fought Nobs","damage_taken":0,"max_hp_gain":0,"max_hp_loss":0,"event_name":"Colosseum","floor":28,"gold_loss":0},{"damage_healed":0,"gold_gain":0,"player_choice":"Trade","damage_taken":0,"relics_obtained":["SsserpentHead"],"max_hp_gain":0,"max_hp_loss":0,"event_name":"FaceTrader","floor":31,"gold_loss":0},{"damage_healed":0,"gold_gain":0,"player_choice":"Fight","damage_taken":0,"max_hp_gain":0,"max_hp_loss":0,"event_name":"Mysterious Sphere","floor":39,"gold_loss":0},{"damage_healed":25,"gold_gain":0,"player_choice":"Writhe","damage_taken":0,"max_hp_gain":0,"max_hp_loss":0,"event_name":"Winding Halls","floor":44,"gold_loss":0,"cards_obtained":["Writhe"]}],"is_beta":false,"boss_relics":[{"not_picked":["Pandora\u0027s Box","Runic Pyramid"],"picked":"Cursed Key"},{"not_picked":["Snecko Eye","Eternal Feather"],"picked":"Philosopher\u0027s Stone"}],"items_purged_floors":[22,29,38,47],"is_endless":false,"potions_floor_spawned":[1,8,11,16,24,28,30,33,42,48],"ascension_level":2}