{"gold_per_floor":[99,99,99,99,99,99,99,99,99,99,99,59,59,59,59,59,59,59,59,9,9,9,9,9],"floor_reached":24,"playtime":1292,"items_purged":[],"score":377,"play_id":"f76252ba-755c-4f8c-8eab-2bd48fc05d12","local_time":"20190329155838","is_ascension_mode":true,"campfire_choices":[{"data":"Bouncing Flask","floor":6,"key":"SMITH"},{"floor":10,"key":"REST"},{"floor":15,"key":"REST"},{"floor":23,"key":"REST"}],"neow_cost":"NONE","seed_source_timestamp":233849426539879,"circlet_count":0,"master_deck":["AscendersBane","Survivor","Neutralize","Dagger Throw","Bouncing Flask+1","Bane","Dagger Spray","Deflect","Poisoned Stab","Noxious Fumes","Bullet Time","Escape Plan","Venomology","Slice","Underhanded Strike","Burst","Envenom","Sucker Punch","Dodge and Roll","Choke","Poisoned Stab","Poisoned Stab+1","Corpse Explosion"],"relics":["Ectoplasm","Mango","Matryoshka","Lantern","Unceasing Top","Pandora\u0027s Box"],"potions_floor_usage":[7,16,16,21,22,24,24],"damage_taken":[{"damage":2,"enemies":"Jaw Worm","floor":1,"turns":4},{"damage":1,"enemies":"Cultist","floor":3,"turns":5},{"damage":3,"enemies":"Small Slimes","floor":4,"turns":4},{"damage":17,"enemies":"Exordium Wildlife","floor":5,"turns":6},{"damage":23,"enemies":"Gremlin Nob","floor":7,"turns":5},{"damage":0,"enemies":"Blue Slaver","floor":11,"turns":2},{"damage":4,"enemies":"Looter","floor":12,"turns":3},{"damage":0,"enemies":"3 Louse","floor":13,"turns":2},{"damage":1,"enemies":"Lots of Slimes","floor":14,"turns":3},{"damage":4,"enemies":"Slime Boss","floor":16,"turns":6},{"damage":15,"enemies":"Spheric Guardian","floor":18,"turns":4},{"damage":8,"enemies":"Chosen","floor":19,"turns":4},{"damage":5,"enemies":"Snecko","floor":21,"turns":3},{"damage":46,"enemies":"Shelled Parasite and Fungi","floor":22,"turns":4},{"damage":34,"enemies":"Book of Stabbing","floor":24,"turns":3}],"seed_played":"2629656424337209435","potions_obtained":[{"floor":3,"key":"PowerPotion"},{"floor":11,"key":"SkillPotion"},{"floor":12,"key":"SteroidPotion"},{"floor":19,"key":"Fire Potion"}],"is_trial":false,"path_per_floor":["M","?","M","M","M","R","E","?","T","R","M","M","M","M","R","B",null,"M","M","?","M","M","R","E"],"character_chosen":"THE_SILENT","items_purchased":[],"campfire_rested":3,"item_purchase_floors":[],"current_hp_per_floor":[57,66,65,62,45,45,22,10,10,34,34,30,30,29,53,49,72,57,49,49,53,7,31,0],"gold":9,"neow_bonus":"BOSS_RELIC","is_prod":false,"is_daily":false,"chose_seed":false,"campfire_upgraded":1,"win_rate":0,"timestamp":1553889518,"path_taken":["M","?","M","M","M","R","E","?","T","R","M","M","M","?","R","BOSS","M","M","?","M","M","R","E"],"build_version":"2019-01-23","purchased_purges":0,"victory":false,"max_hp_per_floor":[66,80,80,80,80,80,80,80,80,80,80,80,80,80,80,80,80,80,80,80,80,80,80,80],"card_choices":[{"not_picked":["Prepared","Slice"],"picked":"Dagger Throw","floor":1},{"not_picked":["All Out Attack","Cloak And Dagger"],"picked":"Bouncing Flask","floor":3},{"not_picked":["PiercingWail","Blur"],"picked":"Bane","floor":4},{"not_picked":["Cloak And Dagger","Bouncing Flask"],"picked":"Dagger Spray","floor":5},{"not_picked":["Quick Slash","Skewer"],"picked":"Deflect","floor":7},{"not_picked":["Dodge and Roll","Prepared"],"picked":"Poisoned Stab","floor":11},{"not_picked":["PiercingWail","Bane"],"picked":"Noxious Fumes","floor":12},{"not_picked":["Eviscerate","Dagger Spray","Bane"],"picked":"SKIP","floor":13},{"not_picked":["Poisoned Stab","Bane","Prepared"],"picked":"SKIP","floor":14},{"not_picked":["Malaise","Grand Finale"],"picked":"Bullet Time","floor":16},{"not_picked":["Cloak And Dagger","Acrobatics","Bane"],"picked":"SKIP","floor":18},{"not_picked":["Blade Dance","Dodge and Roll"],"picked":"Poisoned Stab+1","floor":19},{"not_picked":["Deadly Poison","Outmaneuver"],"picked":"Corpse Explosion","floor":21},{"not_picked":["Quick Slash","Bane","Well Laid Plans"],"picked":"SKIP","floor":22}],"player_experience":906270,"relics_obtained":[{"floor":7,"key":"Matryoshka"},{"floor":9,"key":"Lantern"},{"floor":9,"key":"Unceasing Top"}],"event_choices":[{"damage_healed":0,"gold_gain":0,"player_choice":"Success","damage_taken":5,"relics_obtained":["Mango"],"max_hp_gain":0,"max_hp_loss":0,"event_name":"Scrap Ooze","floor":2,"gold_loss":0},{"damage_healed":0,"gold_gain":0,"player_choice":"Damaged","damage_taken":12,"max_hp_gain":0,"max_hp_loss":0,"event_name":"Wheel of Change","floor":8,"gold_loss":0},{"damage_healed":0,"gold_gain":100,"player_choice":"Bet on Murderer","damage_taken":0,"max_hp_gain":0,"max_hp_loss":0,"event_name":"The Joust","floor":20,"gold_loss":50}],"is_beta":false,"boss_relics":[{"not_picked":["Runic Dome","White Beast Statue"],"picked":"Pandora\u0027s Box"}],"items_purged_floors":[],"is_endless":false,"potions_floor_spawned":[3,11,12,13,14,19,22],"killed_by":"Book of Stabbing","ascension_level":17}