{"gold_per_floor":[116,116,116,132,143,143,176,186,186,186],"floor_reached":10,"playtime":2111,"items_purged":[],"score":119,"play_id":"8a4d5e9e-1d4b-41b6-809f-922a6a66318e","local_time":"20190415004842","is_ascension_mode":true,"campfire_choices":[{"data":"Neutralize","floor":6,"key":"SMITH"}],"neow_cost":"PERCENT_DAMAGE","seed_source_timestamp":155201808115031,"circlet_count":0,"master_deck":["AscendersBane","Defend_G","Defend_G","Defend_G","Defend_G","Defend_G","Strike_G","Strike_G","Strike_G","Strike_G","Strike_G","Survivor","Neutralize+1","Dagger Spray+1","Escape Plan","Well Laid Plans","Flying Knee"],"relics":["Ring of the Snake","The Courier","Bottled Tornado"],"potions_floor_usage":[7,10],"damage_taken":[{"damage":4,"enemies":"Cultist","floor":1,"turns":5},{"damage":4,"enemies":"2 Louse","floor":4,"turns":3},{"damage":11,"enemies":"Jaw Worm","floor":5,"turns":4},{"damage":12,"enemies":"3 Sentries","floor":7,"turns":10},{"damage":1,"enemies":"Exordium Thugs","floor":8,"turns":5},{"damage":32,"enemies":"Gremlin Nob","floor":10,"turns":5}],"seed_played":"7897241700471176469","potions_obtained":[{"floor":5,"key":"EssenceOfSteel"},{"floor":7,"key":"GhostInAJar"}],"is_trial":false,"path_per_floor":["M","?","?","M","M","R","E","M","T","E"],"character_chosen":"THE_SILENT","items_purchased":[],"campfire_rested":0,"item_purchase_floors":[],"current_hp_per_floor":[52,57,57,53,42,42,30,29,29,0],"gold":186,"neow_bonus":"TWENTY_PERCENT_HP_BONUS","is_prod":false,"is_daily":false,"chose_seed":false,"campfire_upgraded":1,"win_rate":0,"timestamp":1555253322,"path_taken":["M","?","?","M","M","R","E","M","T","E"],"build_version":"2019-01-23","purchased_purges":0,"victory":false,"max_hp_per_floor":[78,83,83,83,83,83,83,83,83,83],"card_choices":[{"not_picked":["Flying Knee","Slice"],"picked":"Dagger Spray","floor":1},{"not_picked":["Reflex","Finisher"],"picked":"Escape Plan","floor":4},{"not_picked":["Bane","PiercingWail"],"picked":"Well Laid Plans","floor":5},{"not_picked":["Catalyst","Predator"],"picked":"Flying Knee","floor":7},{"not_picked":["PiercingWail","Choke","Accuracy"],"picked":"SKIP","floor":8}],"player_experience":597436,"relics_obtained":[{"floor":7,"key":"The Courier"},{"floor":9,"key":"Bottled Tornado"}],"event_choices":[{"damage_healed":0,"gold_gain":0,"player_choice":"Donut","damage_taken":0,"max_hp_gain":5,"max_hp_loss":0,"event_name":"Big Fish","floor":2,"gold_loss":0},{"damage_healed":0,"gold_gain":0,"player_choice":"Grow","damage_taken":0,"max_hp_gain":0,"max_hp_loss":0,"event_name":"Living Wall","floor":3,"gold_loss":0,"cards_upgraded":["Dagger Spray"]}],"is_beta":false,"boss_relics":[],"items_purged_floors":[],"is_endless":false,"potions_floor_spawned":[5,7],"killed_by":"Gremlin Nob","ascension_level":15}