{"gold_per_floor":[112,32,43,61,61,61,88,88,115,115,155,171,210,224,224,224],"floor_reached":16,"playtime":1341,"items_purged":[],"score":239,"play_id":"fd2c65ee-3f61-414d-98c9-27dc28e76ebc","local_time":"20180802001218","is_ascension_mode":true,"campfire_choices":[{"data":"Sucker Punch","floor":6,"key":"SMITH"},{"data":"Dodge and Roll","floor":8,"key":"SMITH"},{"data":"Footwork","floor":15,"key":"SMITH"}],"neow_cost":"NONE","seed_source_timestamp":713654085898456,"circlet_count":0,"master_deck":["Defend_G","Defend_G","Defend_G","Defend_G","Defend_G","Strike_G","Strike_G","Strike_G","Strike_G","Strike_G","Survivor","Neutralize+1","AscendersBane","Sucker Punch+1","Footwork+1","Quick Slash","Flying Knee","Dodge and Roll+1","Dash","Cloak And Dagger","Dash"],"relics":["Ring of the Snake","NeowsBlessing","Bag of Marbles","Lantern","Golden Idol","Potion Belt","Bag of Preparation"],"potions_floor_usage":[7,11,16],"damage_taken":[{"damage":0,"enemies":"Cultist","floor":1,"turns":1},{"damage":0,"enemies":"2 Louse","floor":3,"turns":1},{"damage":0,"enemies":"Small Slimes","floor":4,"turns":1},{"damage":5,"enemies":"3 Sentries","floor":7,"turns":9},{"damage":12,"enemies":"Lagavulin","floor":11,"turns":9},{"damage":0,"enemies":"Exordium Thugs","floor":12,"turns":6},{"damage":0,"enemies":"3 Sentries","floor":13,"turns":9},{"damage":0,"enemies":"2 Fungi Beasts","floor":14,"turns":3},{"damage":33,"enemies":"Slime Boss","floor":16,"turns":15}],"seed_played":"-1537182855490409177","potions_obtained":[{"floor":3,"key":"SneckoOil"},{"floor":4,"key":"EssenceOfSteel"},{"floor":7,"key":"SpeedPotion"}],"is_trial":false,"path_per_floor":["M","$","M","M","?","R","E","R","T","?","E","M","E","M","R"],"character_chosen":"THE_SILENT","items_purchased":["Footwork"],"campfire_rested":0,"item_purchase_floors":[2],"current_hp_per_floor":[63,63,63,63,63,63,58,58,58,41,29,29,29,29,29,0],"gold":224,"neow_bonus":"THREE_ENEMY_KILL","is_prod":false,"is_daily":false,"chose_seed":false,"campfire_upgraded":3,"win_rate":0,"timestamp":1533132738,"path_taken":["M","$","?","M","?","R","E","R","T","?","E","M","E","M","R","BOSS"],"build_version":"2018-07-26","purchased_purges":0,"victory":false,"max_hp_per_floor":[70,70,70,70,70,70,70,70,70,70,70,70,70,70,70,70],"card_choices":[{"not_picked":["Prepared","Reflex"],"picked":"Sucker Punch","floor":1},{"not_picked":["Outmaneuver","Flying Knee"],"picked":"Quick Slash","floor":3},{"not_picked":["Acrobatics","Bouncing Flask"],"picked":"Flying Knee","floor":4},{"not_picked":["Deadly Poison","Catalyst"],"picked":"Dodge and Roll","floor":7},{"not_picked":["Accuracy","Deadly Poison"],"picked":"Dash","floor":11},{"not_picked":["Finisher","Flying Knee"],"picked":"Cloak And Dagger","floor":12},{"not_picked":["Poisoned Stab","Blade Dance"],"picked":"Dash","floor":13},{"not_picked":["Acrobatics","Concentrate","Flechettes"],"picked":"SKIP","floor":14}],"player_experience":330016,"relics_obtained":[{"floor":7,"key":"Bag of Marbles"},{"floor":9,"key":"Lantern"},{"floor":11,"key":"Potion Belt"},{"floor":13,"key":"Bag of Preparation"}],"event_choices":[{"event_name":"Living Wall","player_choice":"Grow","floor":5,"damage_taken":0},{"event_name":"Golden Idol","player_choice":"Take Damage","floor":10,"damage_taken":0}],"is_beta":false,"boss_relics":[],"items_purged_floors":[],"is_endless":false,"potions_floor_spawned":[3,4,7],"killed_by":"Slime Boss","ascension_level":13}