{"gold_per_floor":[117,137,64,64,82,82,115,132,202,217,230,240,250,280,292,403,415,415,370,295,295,295,295,295,195,195,70,70,70,70,70,70,70,70,70,70,70,40,40],"floor_reached":39,"playtime":2670,"items_purged":["Regret","Strike_B","Strike_B"],"score":415,"play_id":"9946602c-85a1-4a87-a021-7c35be667a41","local_time":"20190320012835","is_ascension_mode":true,"campfire_choices":[{"data":"Zap","floor":6,"key":"SMITH"},{"floor":15,"key":"REST"},{"data":"Sweeping Beam","floor":23,"key":"SMITH"},{"data":"Hologram","floor":30,"key":"SMITH"},{"floor":32,"key":"REST"}],"neow_cost":"NONE","seed_source_timestamp":9524451893366,"circlet_count":0,"master_deck":["Strike_B","Strike_B","Defend_B","Defend_B","Defend_B","Defend_B+1","Zap+1","Dualcast+1","Capacitor","Compile Driver","BootSequence","Cold Snap","Compile Driver","Ball Lightning","Hologram+1","Genetic Algorithm","Coolheaded","Sweeping Beam+1","All For One","Streamline+1","Doom and Gloom+1","Cold Snap+1","Genetic Algorithm","White Noise+1","Decay","Leap+1","Electrodynamics","Self Repair","Auto Shields"],"relics":["Cracked Core","Nunchaku","War Paint","Bottled Flame","MawBank","Ectoplasm","Mummified Hand","Black Star","Pocketwatch"],"potions_floor_usage":[12,14,16,16,21,33],"damage_taken":[{"damage":0,"enemies":"Cultist","floor":1,"turns":4},{"damage":2,"enemies":"Jaw Worm","floor":2,"turns":5},{"damage":3,"enemies":"Small Slimes","floor":5,"turns":4},{"damage":33,"enemies":"Gremlin Nob","floor":7,"turns":4},{"damage":5,"enemies":"Gremlin Gang","floor":8,"turns":4},{"damage":6,"enemies":"Exordium Wildlife","floor":10,"turns":4},{"damage":7,"enemies":"2 Fungi Beasts","floor":11,"turns":3},{"damage":0,"enemies":"Exordium Thugs","floor":12,"turns":3},{"damage":0,"enemies":"Lots of Slimes","floor":13,"turns":3},{"damage":12,"enemies":"3 Sentries","floor":14,"turns":8},{"damage":37,"enemies":"The Guardian","floor":16,"turns":13},{"damage":20,"enemies":"Shell Parasite","floor":18,"turns":7},{"damage":12,"enemies":"2 Thieves","floor":19,"turns":4},{"damage":0,"enemies":"Snecko","floor":21,"turns":4},{"damage":17,"enemies":"Shelled Parasite and Fungi","floor":24,"turns":5},{"damage":0,"enemies":"Snake Plant","floor":31,"turns":4},{"damage":22,"enemies":"Collector","floor":33,"turns":9},{"damage":41,"enemies":"3 Darklings","floor":35,"turns":4},{"damage":11,"enemies":"3 Shapes","floor":36,"turns":4},{"damage":10,"enemies":"Mind Bloom Boss Battle","floor":37,"turns":10},{"damage":43,"enemies":"Maw","floor":39,"turns":8}],"seed_played":"-3858562946899311690","potions_obtained":[{"floor":1,"key":"SkillPotion"},{"floor":5,"key":"Energy Potion"},{"floor":13,"key":"Poison Potion"},{"floor":14,"key":"Swift Potion"},{"floor":18,"key":"LiquidBronze"},{"floor":19,"key":"SkillPotion"},{"floor":24,"key":"SpeedPotion"},{"floor":37,"key":"Dexterity Potion"},{"floor":38,"key":"Strength Potion"},{"floor":38,"key":"FairyPotion"}],"is_trial":false,"path_per_floor":["M","M","$","?","M","R","E","M","T","M","M","M","M","E","R","B",null,"M","M","$","M","?","R","M","$","T","$","?","$","R","M","R","B",null,"M","M","?","?","M"],"character_chosen":"DEFECT","items_purchased":["BootSequence"],"campfire_rested":2,"item_purchase_floors":[3],"current_hp_per_floor":[82,80,80,80,77,77,44,39,39,33,26,26,26,14,38,1,82,62,50,50,50,50,50,33,33,33,33,33,33,33,33,57,35,82,41,30,27,27,0],"gold":40,"neow_bonus":"TEN_PERCENT_HP_BONUS","is_prod":false,"is_daily":false,"chose_seed":false,"campfire_upgraded":3,"win_rate":0,"timestamp":1553063315,"path_taken":["M","?","$","?","M","R","E","M","T","M","M","M","M","E","R","BOSS","M","M","$","M","?","R","?","?","T","?","?","$","R","?","R","BOSS","M","M","?","?","?"],"build_version":"2019-01-23","purchased_purges":3,"victory":false,"max_hp_per_floor":[82,82,82,82,82,82,82,82,82,82,82,82,82,82,82,82,82,82,82,82,82,82,82,82,82,82,82,82,82,82,82,82,82,82,82,82,82,82,82],"card_choices":[{"not_picked":["Coolheaded","Conserve Battery"],"picked":"Capacitor","floor":1},{"not_picked":["Leap","Rip and Tear"],"picked":"Compile Driver","floor":2},{"not_picked":["Undo","Beam Cell"],"picked":"Cold Snap","floor":5},{"not_picked":["Force Field","Tempest"],"picked":"Compile Driver","floor":7},{"not_picked":["Sweeping Beam","Compile Driver"],"picked":"Ball Lightning","floor":8},{"not_picked":["Beam Cell","Recycle","Compile Driver"],"picked":"SKIP","floor":10},{"not_picked":["Sunder","Redo"],"picked":"Hologram","floor":11},{"not_picked":["Fission","Leap"],"picked":"Genetic Algorithm","floor":12},{"not_picked":["Beam Cell","Reprogram"],"picked":"Coolheaded","floor":13},{"not_picked":["Double Energy","Sunder"],"picked":"Sweeping Beam","floor":14},{"not_picked":["Fission","Rainbow"],"picked":"All For One","floor":16},{"not_picked":["Lockon","Storm"],"picked":"Streamline+1","floor":18},{"not_picked":["Redo","Scrape+1"],"picked":"Doom and Gloom+1","floor":19},{"not_picked":["Compile Driver","Melter+1"],"picked":"Cold Snap+1","floor":21},{"not_picked":["Redo","Conserve Battery"],"picked":"White Noise+1","floor":24},{"not_picked":["Blizzard","Sweeping Beam"],"picked":"Leap+1","floor":31},{"not_picked":["Amplify","Reboot"],"picked":"Electrodynamics","floor":33},{"not_picked":["Compile Driver","Rip and Tear+1","Barrage+1"],"picked":"SKIP","floor":35},{"not_picked":["Hologram","Genetic Algorithm"],"picked":"Self Repair","floor":36},{"not_picked":["Hologram","Rebound"],"picked":"Auto Shields","floor":37}],"player_experience":85562,"relics_obtained":[{"floor":7,"key":"War Paint"},{"floor":9,"key":"Bottled Flame"},{"floor":14,"key":"MawBank"},{"floor":26,"key":"Mummified Hand"},{"floor":37,"key":"Pocketwatch"}],"event_choices":[{"damage_healed":0,"gold_gain":0,"player_choice":"Box","damage_taken":0,"relics_obtained":["Nunchaku"],"max_hp_gain":0,"max_hp_loss":0,"event_name":"Big Fish","floor":4,"gold_loss":0,"cards_obtained":["Regret"]},{"damage_healed":0,"gold_gain":0,"player_choice":"Copied","damage_taken":0,"max_hp_gain":0,"max_hp_loss":0,"event_name":"Duplicator","floor":22,"gold_loss":0,"cards_obtained":["Genetic Algorithm"]},{"damage_healed":0,"gold_gain":0,"player_choice":"Cursed","damage_taken":0,"max_hp_gain":0,"max_hp_loss":0,"event_name":"Wheel of Change","floor":28,"gold_loss":0,"cards_obtained":["Decay"]},{"damage_healed":0,"gold_gain":0,"player_choice":"Fight","damage_taken":0,"max_hp_gain":0,"max_hp_loss":0,"event_name":"MindBloom","floor":37,"gold_loss":0},{"damage_healed":0,"gold_gain":0,"player_choice":"Bought 2 Potions","damage_taken":0,"max_hp_gain":0,"max_hp_loss":0,"event_name":"The Woman in Blue","floor":38,"gold_loss":0}],"is_beta":false,"boss_relics":[{"not_picked":["Tiny House","Orrery"],"picked":"Ectoplasm"},{"not_picked":["Velvet Choker","Runic Dome"],"picked":"Black Star"}],"items_purged_floors":[20,25,27],"is_endless":false,"potions_floor_spawned":[1,5,13,14,18,19,24,37],"killed_by":"Maw","ascension_level":1}