{"gold_per_floor":[18,18,93,105,117,117,136,150,150,222,239,86,86,86,86,183,183,193,193,207,223,223],"floor_reached":22,"playtime":994,"items_purged":["Defend_R"],"score":178,"play_id":"2af04245-b713-419d-a01a-fa1d807f0662","local_time":"20190309234817","is_ascension_mode":false,"campfire_choices":[{"data":"Bash","floor":6,"key":"SMITH"},{"data":"Limit Break","floor":13,"key":"SMITH"},{"data":"Sword Boomerang","floor":15,"key":"SMITH"}],"neow_cost":"NO_GOLD","seed_source_timestamp":138481409399,"circlet_count":0,"master_deck":["Strike_R","Strike_R","Strike_R","Strike_R","Defend_R","Defend_R","Defend_R","Bash+1","Limit Break+1","Iron Wave","Pommel Strike","Sword Boomerang+1","Cleave","Ghostly Armor","Flex+1","Shrug It Off","Double Tap","Twin Strike+1","Sentinel","Flame Barrier","Armaments"],"relics":["Burning Blood"],"potions_floor_usage":[16,21,21],"damage_taken":[{"damage":6,"enemies":"2 Louse","floor":1,"turns":2},{"damage":1,"enemies":"Jaw Worm","floor":4,"turns":3},{"damage":10,"enemies":"Small Slimes","floor":5,"turns":4},{"damage":13,"enemies":"Red Slaver","floor":7,"turns":3},{"damage":4,"enemies":"Gremlin Gang","floor":8,"turns":3},{"damage":10,"enemies":"Exordium Wildlife","floor":11,"turns":5},{"damage":31,"enemies":"Slime Boss","floor":16,"turns":8},{"damage":21,"enemies":"Chosen","floor":18,"turns":5},{"damage":28,"enemies":"Spheric Guardian","floor":20,"turns":6},{"damage":26,"enemies":"Cultist and Chosen","floor":21,"turns":9},{"damage":23,"enemies":"Centurion and Healer","floor":22,"turns":2}],"seed_played":"-3664957159275707536","potions_obtained":[{"floor":1,"key":"SpeedPotion"},{"floor":8,"key":"Energy Potion"},{"floor":16,"key":"Ancient Potion"},{"floor":21,"key":"SteroidPotion"}],"is_trial":false,"path_per_floor":["M","?","?","M","M","R","M","M","T","?","M","$","R","?","R","B",null,"M","?","M","M","M"],"character_chosen":"IRONCLAD","items_purchased":["Flex","Shrug It Off"],"campfire_rested":0,"item_purchase_floors":[12,12],"current_hp_per_floor":[80,80,69,74,70,70,63,65,65,65,61,61,61,61,61,36,80,65,65,43,23,0],"gold":223,"neow_bonus":"THREE_RARE_CARDS","is_prod":false,"is_daily":false,"chose_seed":false,"campfire_upgraded":3,"win_rate":0,"timestamp":1552193297,"path_taken":["M","?","?","M","M","R","M","M","T","?","M","$","R","?","R","BOSS","M","?","?","M","M"],"build_version":"2019-01-23","purchased_purges":1,"victory":false,"max_hp_per_floor":[80,80,80,80,80,80,80,80,80,80,80,80,80,80,80,80,80,80,80,80,80,80],"card_choices":[{"not_picked":["Reaper","Immolate"],"picked":"Limit Break","floor":0},{"not_picked":["Power Through","Warcry"],"picked":"Iron Wave","floor":1},{"not_picked":["Blood for Blood","Warcry"],"picked":"Pommel Strike","floor":4},{"not_picked":["Warcry","Havoc"],"picked":"Sword Boomerang","floor":5},{"not_picked":["Clash","Warcry"],"picked":"Cleave","floor":7},{"not_picked":["Power Through","Thunderclap"],"picked":"Ghostly Armor","floor":8},{"not_picked":["Perfected Strike","Sever Soul","Wild Strike"],"picked":"SKIP","floor":11},{"not_picked":["Impervious","Barricade"],"picked":"Double Tap","floor":16},{"not_picked":["Clothesline","Second Wind"],"picked":"Twin Strike+1","floor":18},{"not_picked":["Shrug It Off+1","Feel No Pain"],"picked":"Flame Barrier","floor":20},{"not_picked":["Carnage","Clothesline"],"picked":"Armaments","floor":21}],"player_experience":848569,"relics_obtained":[],"event_choices":[{"damage_healed":0,"gold_gain":0,"player_choice":"Fled","damage_taken":0,"max_hp_gain":0,"max_hp_loss":0,"event_name":"Scrap Ooze","floor":2,"gold_loss":0},{"damage_healed":0,"gold_gain":75,"player_choice":"Gather Gold","damage_taken":11,"max_hp_gain":0,"max_hp_loss":0,"event_name":"World of Goop","floor":3,"gold_loss":0},{"damage_healed":0,"gold_gain":72,"player_choice":"Gained Gold","damage_taken":0,"max_hp_gain":0,"max_hp_loss":0,"event_name":"Golden Wing","floor":10,"gold_loss":0},{"damage_healed":0,"gold_gain":0,"player_choice":"Upgraded","damage_taken":0,"max_hp_gain":0,"max_hp_loss":0,"event_name":"Upgrade Shrine","floor":14,"gold_loss":0,"cards_upgraded":["Flex"]},{"damage_healed":0,"gold_gain":0,"cards_transformed":["Strike_R"],"player_choice":"Transformed","damage_taken":0,"max_hp_gain":0,"max_hp_loss":0,"event_name":"Transmorgrifier","floor":19,"gold_loss":0,"cards_obtained":["Sentinel"]}],"is_beta":false,"boss_relics":[{"not_picked":[]}],"items_purged_floors":[12],"is_endless":false,"potions_floor_spawned":[1,8,16,21],"killed_by":"Centurion and Healer","ascension_level":0}