{"gold_per_floor":[111,71,85,101,101,135,135,165,188,219,219],"floor_reached":11,"playtime":836,"items_purged":[],"score":96,"play_id":"7de663d6-66e1-41d0-ac8d-d7a8961cd760","local_time":"20190418224434","is_ascension_mode":true,"campfire_choices":[{"data":"Inflame","floor":7,"key":"SMITH"}],"neow_cost":"NONE","seed_source_timestamp":377159816923266,"circlet_count":0,"master_deck":["Strike_R","Strike_R","Strike_R","Strike_R","Strike_R","Defend_R","Defend_R","Defend_R","Defend_R","Bash","Disarm+1","Shrug It Off+1","Inflame+1","Corruption","True Grit","Pommel Strike"],"relics":["Burning Blood","Lantern","Centennial Puzzle","Vajra","Bag of Preparation"],"potions_floor_usage":[6,10,11],"damage_taken":[{"damage":6,"enemies":"Cultist","floor":1,"turns":3},{"damage":4,"enemies":"Small Slimes","floor":3,"turns":4},{"damage":7,"enemies":"Jaw Worm","floor":4,"turns":4},{"damage":32,"enemies":"3 Sentries","floor":6,"turns":9},{"damage":34,"enemies":"Lagavulin","floor":8,"turns":8},{"damage":7,"enemies":"Gremlin Nob","floor":10,"turns":5},{"damage":18,"enemies":"Exordium Wildlife","floor":11,"turns":1}],"seed_played":"-4521873859697546306","potions_obtained":[{"floor":4,"key":"Explosive Potion"},{"floor":8,"key":"Weak Potion"},{"floor":10,"key":"Regen Potion"}],"is_trial":false,"path_per_floor":["M","$","M","M","?","E","R","E","T","E","M"],"character_chosen":"IRONCLAD","items_purchased":["Inflame"],"campfire_rested":0,"item_purchase_floors":[2],"current_hp_per_floor":[80,80,80,79,63,37,37,9,9,8,0],"gold":219,"neow_bonus":"THREE_CARDS","is_prod":false,"is_daily":false,"chose_seed":false,"campfire_upgraded":1,"win_rate":0,"timestamp":1555641874,"path_taken":["M","$","M","?","?","E","R","E","T","E","M"],"build_version":"2019-01-23","purchased_purges":0,"victory":false,"max_hp_per_floor":[80,80,80,80,80,80,80,80,80,80,80],"card_choices":[{"not_picked":["Warcry","Dual Wield"],"picked":"Disarm","floor":0},{"not_picked":["Evolve","Havoc"],"picked":"Shrug It Off","floor":1},{"not_picked":["Disarm","Searing Blow","Clothesline"],"picked":"SKIP","floor":3},{"not_picked":["Iron Wave","Evolve"],"picked":"Corruption","floor":4},{"not_picked":["Blood for Blood","Warcry","Wild Strike"],"picked":"SKIP","floor":6},{"not_picked":["Whirlwind","Wild Strike"],"picked":"True Grit","floor":8},{"not_picked":["Clash","Power Through"],"picked":"Pommel Strike","floor":10}],"player_experience":948027,"relics_obtained":[{"floor":6,"key":"Lantern"},{"floor":8,"key":"Centennial Puzzle"},{"floor":9,"key":"Vajra"},{"floor":10,"key":"Bag of Preparation"}],"event_choices":[{"damage_healed":0,"gold_gain":0,"player_choice":"Entered Light","damage_taken":16,"max_hp_gain":0,"max_hp_loss":0,"event_name":"Shining Light","floor":5,"gold_loss":0,"cards_upgraded":["Disarm","Shrug It Off"]}],"is_beta":false,"boss_relics":[],"items_purged_floors":[],"is_endless":false,"potions_floor_spawned":[4,8,10],"killed_by":"Exordium Wildlife","ascension_level":1}