{"path_per_floor":["M","M","?","?","M","E","R","?","T","M","R","E","$","M","R","B",null,"M","?","M","$","?","R","$","R","T","M","M","R","M","?","R","B",null,"M","?","?","$","M","R","M","M","T","M","$","M","$","M","R","B"],"character_chosen":"IRONCLAD","items_purchased":["Omamori","Shrug It Off","Lantern","Dexterity Potion"],"gold_per_floor":[114,126,126,126,146,176,176,146,146,161,161,188,113,130,130,230,230,249,249,263,10,10,10,10,10,36,48,59,59,74,74,74,172,172,188,188,238,67,83,83,101,115,185,195,51,61,13,29,29,29],"floor_reached":51,"campfire_rested":0,"playtime":2404,"current_hp_per_floor":[80,80,73,66,72,53,53,53,53,57,57,63,63,62,62,31,80,80,80,58,58,80,80,80,80,80,80,58,58,66,66,66,22,80,70,70,63,63,69,69,62,79,79,70,70,92,92,94,94,85],"items_purged":["Strike_R","Strike_R","Defend_R"],"gold":29,"score":633,"play_id":"529e4aa8-8d74-4d8f-858a-54cb96c8c4f5","is_prod":false,"is_daily":false,"is_ascension_mode":true,"campfire_upgraded":9,"path_taken":["M","M","?","?","M","E","R","?","T","M","R","E","$","?","R","BOSS","M","?","M","$","?","R","$","R","T","M","M","R","M","?","R","BOSS","M","?","?","$","M","R","M","M","T","M","$","?","$","M","R","BOSS"],"build_version":"2018-02-12-PROD1","purchased_purges":3,"victory":true,"master_deck":["Defend_R+1","Defend_R","Defend_R","Bash+1","Iron Wave+1","Evolve+1","Iron Wave+1","Cleave+1","Shockwave+1","Reaper+1","Feel No Pain+1","Shrug It Off+1","Flame Barrier+1","Body Slam+1","Body Slam+1","Shrug It Off+1","Shrug It Off+1","Shrug It Off+1"],"max_hp_per_floor":[80,80,80,80,80,80,80,80,80,80,80,80,80,80,80,80,80,80,80,80,80,80,80,80,80,80,80,80,80,80,80,80,80,80,80,80,94,94,94,94,94,94,94,94,94,94,94,94,94,94],"relics":["Burning Blood","NeowsBlessing","Bag of Marbles","Bag of Preparation","Molten Egg 2","Pen Nib","Philosopher\u0027s Stone","Omamori","Whetstone","Cursed Key","Mango","Toxic Egg 2","Lantern"],"card_choices":[{"not_picked":["Infernal Blade","Wild Strike"],"picked":"Iron Wave"},{"not_picked":["Burning Pact","Perfected Strike"],"picked":"Evolve"},{"not_picked":["Headbutt","Wild Strike"],"picked":"Iron Wave"},{"not_picked":["Fire Breathing","Barricade"],"picked":"Cleave"},{"not_picked":["Rupture","Seeing Red"],"picked":"Shockwave"},{"not_picked":["Dark Embrace","Fiend Fire"],"picked":"Reaper"},{"not_picked":["Metallicize","Iron Wave"],"picked":"Feel No Pain"},{"not_picked":["Evolve","Anger"],"picked":"Shrug It Off"},{"not_picked":["Combust","Anger"],"picked":"Flame Barrier"},{"not_picked":["Dropkick","Havoc"],"picked":"Body Slam"},{"not_picked":["Havoc","Armaments"],"picked":"Shrug It Off"},{"not_picked":["Iron Wave","Sword Boomerang"],"picked":"Shrug It Off"}],"player_experience":117556,"potions_floor_usage":[6,6,12,12,16,30,33,33,41,50,50,50],"damage_taken":[{"damage":0,"enemies":"Jaw Worm","floor":1,"turns":1},{"damage":0,"enemies":"Small Slimes","floor":2,"turns":1},{"damage":0,"enemies":"Cultist","floor":5,"turns":1},{"damage":25,"enemies":"Lagavulin","floor":6,"turns":4},{"damage":2,"enemies":"2 Fungi Beasts","floor":10,"turns":4},{"damage":0,"enemies":"Gremlin Nob","floor":12,"turns":3},{"damage":7,"enemies":"Exordium Wildlife","floor":14,"turns":3},{"damage":37,"enemies":"Slime Boss","floor":16,"turns":8},{"damage":0,"enemies":"Chosen","floor":18,"turns":4},{"damage":35,"enemies":"Shell Parasite","floor":20,"turns":6},{"damage":3,"enemies":"Centurion and Healer","floor":27,"turns":6},{"damage":29,"enemies":"Snake Plant","floor":28,"turns":5},{"damage":8,"enemies":"Chosen and Byrds","floor":30,"turns":8},{"damage":64,"enemies":"Collector","floor":33,"turns":10},{"damage":23,"enemies":"3 Darklings","floor":35,"turns":4},{"damage":41,"enemies":"Mysterious Sphere","floor":37,"turns":6},{"damage":0,"enemies":"3 Shapes","floor":39,"turns":2},{"damage":27,"enemies":"Sphere and 2 Shapes","floor":41,"turns":4},{"damage":3,"enemies":"4 Shapes","floor":42,"turns":5},{"damage":22,"enemies":"Maw","floor":44,"turns":5},{"damage":5,"enemies":"3 Darklings","floor":46,"turns":6},{"damage":1,"enemies":"4 Shapes","floor":48,"turns":4},{"damage":28,"enemies":"Time Eater","floor":50,"turns":10}],"event_choices":[{"event_name":"Scrap Ooze","player_choice":"success","floor":3,"damage_taken":7},{"event_name":"Golden Wing","player_choice":"Card Removal","floor":4,"damage_taken":0},{"event_name":"The Woman in Blue","player_choice":"Bought 2 Potions","floor":8,"damage_taken":0},{"event_name":"Purifier","player_choice":"One Purge","floor":19,"damage_taken":0},{"event_name":"Wheel of Change","player_choice":"Full Heal","floor":22,"damage_taken":0},{"event_name":"Back to Basics","player_choice":"Elegance","floor":31,"damage_taken":0},{"event_name":"Duplicator","player_choice":"One dupe","floor":36,"damage_taken":0},{"event_name":"Mysterious Sphere","player_choice":"Fight","floor":37,"damage_taken":0}],"boss_relics":[{"not_picked":["Black Star","White Beast Statue"],"picked":"Philosopher\u0027s Stone"},{"not_picked":["Black Blood","Sozu"],"picked":"Cursed Key"}],"potions_floor_spawned":[2,5,6,10,14,20,28,30,35,37,39,46,48],"seed_played":"-3864569909630936073","ascension_level":3,"is_trial":false}