{"gold_per_floor":[114,132,82,107,126,126,154,154,178,178,198,216,216,235,235,331,331,341,352,352,277,294,322,322,354,432,432,25,37,37,37,37,141,141,161,174,190,202,212,212,240,240,240,39,87,87,104,54,54,54],"floor_reached":51,"playtime":4666,"items_purged":["Survivor","Dagger Spray"],"score":700,"play_id":"6acf39f7-5dca-46f4-9d83-f68dfc059b85","local_time":"20190408202024","is_ascension_mode":true,"campfire_choices":[{"data":"Neutralize","floor":6.0,"key":"SMITH"},{"floor":8.0,"key":"REST"},{"data":"A Thousand Cuts","floor":15.0,"key":"SMITH"},{"floor":24.0,"key":"REST"},{"data":"After Image","floor":27.0,"key":"SMITH"},{"floor":30.0,"key":"REST"},{"data":"Burst","floor":32.0,"key":"SMITH"},{"floor":40,"key":"REST"},{"floor":42,"key":"REST"},{"floor":49,"key":"REST"}],"neow_cost":"NONE","seed_source_timestamp":0,"circlet_count":0,"master_deck":["Defend_G+1","Defend_G+1","Defend_G+1","Defend_G+1","Strike_G+1","Strike_G+1","Strike_G+1","Neutralize+1","PiercingWail+1","Acrobatics","A Thousand Cuts+1","Deflect","Adrenaline","Footwork","Burst+1","Blade Dance","Deflect","Flying Knee","After Image+1","Deadly Poison+1","Infinite Blades","Phantasmal Killer","Outmaneuver+1","Cloak And Dagger+1","Blade Dance+1","Terror+1","Backflip","Panacea"],"special_seed":0,"relics":["Ring of the Snake","Omamori","Question Card","War Paint","Centennial Puzzle","WristBlade","Pen Nib","Strawberry","Tiny Chest","Ice Cream","Art of War","Black Star","Tough Bandages","Orichalcum","Bottled Lightning","Nunchaku"],"potions_floor_usage":[37,39,39,45,50,50,50],"damage_taken":[{"damage":0.0,"enemies":"Cultist","floor":1.0,"turns":4.0},{"damage":1.0,"enemies":"Jaw Worm","floor":2.0,"turns":5.0},{"damage":0.0,"enemies":"Small Slimes","floor":5.0,"turns":5.0},{"damage":42.0,"enemies":"Lagavulin","floor":7.0,"turns":12.0},{"damage":1.0,"enemies":"Exordium Wildlife","floor":11.0,"turns":4.0},{"damage":0.0,"enemies":"Looter","floor":12.0,"turns":4.0},{"damage":0.0,"enemies":"3 Louse","floor":14.0,"turns":3.0},{"damage":25.0,"enemies":"Slime Boss","floor":16.0,"turns":10.0},{"damage":11.0,"enemies":"Shell Parasite","floor":18.0,"turns":7.0},{"damage":2.0,"enemies":"Chosen","floor":19.0,"turns":5.0},{"damage":10.0,"enemies":"Shelled Parasite and Fungi","floor":22.0,"turns":6.0},{"damage":18.0,"enemies":"Gremlin Leader","floor":23.0,"turns":7.0},{"damage":9.0,"enemies":"Book of Stabbing","floor":25.0,"turns":7.0},{"damage":2.0,"enemies":"Centurion and Healer","floor":29.0,"turns":5.0},{"damage":37.0,"enemies":"Collector","floor":33.0,"turns":10.0},{"damage":4,"enemies":"Orb Walker","floor":35,"turns":3},{"damage":5,"enemies":"3 Darklings","floor":36,"turns":5},{"damage":2,"enemies":"Transient","floor":37,"turns":5},{"damage":2,"enemies":"Maw","floor":38,"turns":7},{"damage":34,"enemies":"3 Darklings","floor":39,"turns":6},{"damage":17,"enemies":"Reptomancer","floor":41,"turns":5},{"damage":8,"enemies":"2 Orb Walkers","floor":45,"turns":5},{"damage":4,"enemies":"Jaw Worm Horde","floor":47,"turns":5},{"damage":72,"enemies":"Awakened One","floor":50,"turns":14}],"seed_played":"474682243773363719","potions_obtained":[{"floor":5.0,"key":"Explosive Potion"},{"floor":7.0,"key":"Poison Potion"},{"floor":16.0,"key":"Explosive Potion"},{"floor":18.0,"key":"GhostInAJar"},{"floor":25.0,"key":"EssenceOfSteel"},{"floor":36,"key":"Explosive Potion"},{"floor":37,"key":"SneckoOil"},{"floor":38,"key":"SneckoOil"},{"floor":39,"key":"AttackPotion"},{"floor":45,"key":"GamblersBrew"}],"is_trial":false,"path_per_floor":["?","T","?","M","?","?","?","?","M","?","?","$"],"character_chosen":"THE_SILENT","items_purchased":["Ice Cream","Infinite Blades","Block Potion","SpeedPotion","Energy Potion"],"campfire_rested":6,"item_purchase_floors":[28,28,44,44,48],"current_hp_per_floor":[77,76,76,76,76,76,34,57,57,50,49,49,42,42,42,17,77,66,64,64,64,54,36,59,57,57,57,57,55,80,80,80,43,84,80,75,73,71,37,62,45,70,70,70,62,62,58,58,83,11],"gold":54,"neow_bonus":"TEN_PERCENT_HP_BONUS","is_prod":false,"is_daily":false,"chose_seed":false,"campfire_upgraded":4,"win_rate":0,"timestamp":1554769224,"path_taken":["M","M","?","?","M","R","E","R","T","?","?","M","?","M","R","BOSS","M","M","?","?","M","E","R","E","T","R","$","M","R","?","R","BOSS","M","M","M","?","M","R","E","R","T","$","?","?","M","?","R","BOSS"],"build_version":"2019-01-23","purchased_purges":2,"victory":true,"max_hp_per_floor":[77,77,77,77,77,77,77,77,77,77,77,77,77,77,77,77,77,77,77,77,77,77,77,77,84,84,84,84,84,84,84,84,84,84,84,84,84,84,84,84,84,84,84,84,84,84,84,84,84,84],"card_choices":[{"not_picked":["Dagger Throw","Quick Slash"],"picked":"PiercingWail","floor":1.0},{"not_picked":["Deadly Poison","Slice"],"picked":"Dagger Spray","floor":2.0},{"not_picked":["Reflex","Blade Dance"],"picked":"Acrobatics","floor":5.0},{"not_picked":["Heel Hook","Slice"],"picked":"A Thousand Cuts","floor":7.0},{"not_picked":["Dodge and Roll","Dagger Spray","Sucker Punch"],"picked":"Deflect","floor":11.0},{"not_picked":["Cloak And Dagger","Underhanded Strike","Slice"],"picked":"Adrenaline","floor":12.0},{"not_picked":["Bouncing Flask","Cloak And Dagger","Dagger Throw"],"picked":"Footwork","floor":14.0},{"not_picked":["Wraith Form v2","Storm of Steel","Bullet Time"],"picked":"Burst","floor":16.0},{"not_picked":["Concentrate","Poisoned Stab","Reflex+1"],"picked":"Blade Dance","floor":18.0},{"not_picked":["Heel Hook","Flying Knee+1","Poisoned Stab+1"],"picked":"Deflect","floor":19.0},{"not_picked":["PiercingWail+1","Predator","Bouncing Flask"],"picked":"Flying Knee","floor":22.0},{"not_picked":["Distraction","Poisoned Stab+1","Footwork"],"picked":"After Image","floor":23.0},{"not_picked":["Expertise+1","Setup+1","Eviscerate"],"picked":"Deadly Poison+1","floor":25.0},{"not_picked":["Escape Plan","Concentrate","Dodge and Roll","Skewer"],"picked":"SKIP","floor":29.0},{"not_picked":["Burst","Unload","Storm of Steel"],"picked":"Phantasmal Killer","floor":33.0},{"not_picked":["Sucker Punch+1","Deflect+1","Poisoned Stab+1"],"picked":"Outmaneuver+1","floor":35},{"not_picked":["Poisoned Stab","Backflip+1","Dodge and Roll+1"],"picked":"Cloak And Dagger+1","floor":36},{"not_picked":["All Out Attack","Phantasmal Killer","Bouncing Flask"],"picked":"Blade Dance+1","floor":37},{"not_picked":["Quick Slash","Cloak And Dagger+1","PiercingWail"],"picked":"Terror+1","floor":38},{"not_picked":["Tactician","Dagger Spray+1","Eviscerate+1","Outmaneuver"],"picked":"SKIP","floor":39},{"not_picked":["Deadly Poison","Flechettes","Underhanded Strike+1","Bouncing Flask"],"picked":"SKIP","floor":41},{"not_picked":["Dodge and Roll","Deflect+1","Slice"],"picked":"Backflip","floor":45},{"not_picked":["Bandage Up","Jack Of All Trades","Sadistic Nature"],"picked":"Panacea","floor":46},{"not_picked":["PiercingWail+1","Poisoned Stab","Concentrate+1","Predator"],"picked":"SKIP","floor":47}],"player_experience":112759,"relics_obtained":[{"floor":4.0,"key":"Omamori"},{"floor":7.0,"key":"Question Card"},{"floor":9.0,"key":"War Paint"},{"floor":23.0,"key":"Pen Nib"},{"floor":25.0,"key":"Strawberry"},{"floor":26.0,"key":"Tiny Chest"},{"floor":41,"key":"Tough Bandages"},{"floor":41,"key":"Orichalcum"},{"floor":43,"key":"Bottled Lightning"},{"floor":45,"key":"Nunchaku"}],"event_choices":[{"cards_removed":["Strike_G"],"damage_healed":0.0,"max_hp_gain":0.0,"max_hp_loss":0.0,"gold_gain":0.0,"event_name":"The Cleric","player_choice":"Card Removal","floor":3.0,"gold_loss":50.0,"damage_taken":0.0},{"cards_removed":["Defend_G"],"damage_healed":0.0,"max_hp_gain":0.0,"max_hp_loss":0.0,"gold_gain":0.0,"event_name":"Golden Wing","player_choice":"Card Removal","floor":10.0,"gold_loss":0.0,"damage_taken":7.0},{"damage_healed":0.0,"max_hp_gain":0.0,"max_hp_loss":0.0,"gold_gain":0.0,"event_name":"Scrap Ooze","player_choice":"Success","floor":13.0,"gold_loss":0.0,"damage_taken":7.0,"relics_obtained":["Centennial Puzzle"]},{"damage_healed":0.0,"max_hp_gain":0.0,"max_hp_loss":0.0,"gold_gain":0.0,"event_name":"Back to Basics","player_choice":"Simplicity","floor":20.0,"gold_loss":0.0,"damage_taken":0.0,"cards_upgraded":["Defend_G","Defend_G","Defend_G","Strike_G","Strike_G","Strike_G","Strike_G"]},{"cards_removed":["Strike_G"],"damage_healed":0.0,"max_hp_gain":0.0,"max_hp_loss":0.0,"gold_gain":0.0,"event_name":"Beggar","player_choice":"Gave Gold","floor":21.0,"gold_loss":75.0,"damage_taken":0.0},{"damage_healed":0.0,"max_hp_gain":0.0,"max_hp_loss":0.0,"gold_gain":0.0,"event_name":"WeMeetAgain","player_choice":"Gave Potion","floor":31.0,"gold_loss":0.0,"damage_taken":0.0,"relics_obtained":["Art of War"]},{"damage_healed":0,"gold_gain":0,"player_choice":"Fight","damage_taken":0,"max_hp_gain":0,"max_hp_loss":0,"event_name":"Mysterious Sphere","floor":45,"gold_loss":0},{"damage_healed":0,"gold_gain":0,"player_choice":"Memory 1","damage_taken":0,"max_hp_gain":0,"max_hp_loss":0,"event_name":"SensoryStone","floor":46,"gold_loss":0}],"is_beta":false,"boss_relics":[{"not_picked":["Lizard Tail","HoveringKite"],"picked":"WristBlade"},{"not_picked":["Runic Pyramid","Philosopher\u0027s Stone"],"picked":"Black Star"}],"items_purged_floors":[28,44],"is_endless":false,"potions_floor_spawned":[5,7,16,18,25,36,37,38,39,45],"ascension_level":1}