{"gold_per_floor":[114,127,144,162,182,207,207,232,257,291,307,14,30,30,30,130,130,142,322,334,282,294,329,329,363,363,378,378,378,279,279,279,384,384,403,403,413,426,444,444,470,470,470,490,508,102,102,116,116,116,116,116,41,70,70],"floor_reached":56,"playtime":9345,"items_purged":["Armaments"],"score":1438,"play_id":"784069a5-36fe-4945-b429-0172569d3cb1","local_time":"20190413125326","is_ascension_mode":true,"campfire_choices":[{"data":"Body Slam","floor":7,"key":"SMITH"},{"floor":15,"key":"RECALL"},{"floor":24,"key":"REST"},{"floor":29,"key":"REST"},{"data":"Fiend Fire","floor":32,"key":"SMITH"},{"data":"Barricade","floor":40,"key":"SMITH"},{"data":"Entrench","floor":42,"key":"SMITH"},{"data":"Body Slam","floor":49,"key":"SMITH"},{"data":"Entrench","floor":52,"key":"SMITH"}],"neow_cost":"TEN_PERCENT_HP_LOSS","seed_source_timestamp":2013079164994,"circlet_count":0,"master_deck":["Strike_R+1","Strike_R+1","Strike_R+1","Strike_R+1","Strike_R+1","Defend_R+1","Defend_R+1","Defend_R+1","Defend_R+1","Bash","Impervious","Headbutt","Body Slam+1","Battle Trance","Shrug It Off+1","Ghostly Armor","Body Slam+1","True Grit","Entrench+1","Whirlwind","Parasite","Fiend Fire+1","Cleave+1","Pommel Strike+1","Clothesline","Parasite","Spot Weakness","Writhe","Flame Barrier","Barricade+1","Shrug It Off+1","Shrug It Off","Limit Break+1","Parasite","Dual Wield","Metallicize","Entrench+1","Shame"],"relics":["Burning Blood","Du-Vu Doll","Pen Nib","Potion Belt","Thread and Needle","Cursed Key","Centennial Puzzle","Turnip","Dream Catcher","FossilizedHelix","Lizard Tail","Vajra","Kunai","Pantograph","Blue Candle","War Paint"],"potions_floor_usage":[6,6,16,22,25,33,54,54,55,55,55],"damage_taken":[{"damage":6,"enemies":"Cultist","floor":1,"turns":4},{"damage":6,"enemies":"Small Slimes","floor":2,"turns":3},{"damage":7,"enemies":"2 Louse","floor":3,"turns":3},{"damage":10,"enemies":"Lots of Slimes","floor":4,"turns":5},{"damage":14,"enemies":"Looter","floor":5,"turns":3},{"damage":0,"enemies":"Gremlin Nob","floor":6,"turns":4},{"damage":27,"enemies":"Lagavulin","floor":8,"turns":7},{"damage":17,"enemies":"Gremlin Nob","floor":10,"turns":4},{"damage":0,"enemies":"Exordium Wildlife","floor":11,"turns":3},{"damage":3,"enemies":"Exordium Thugs","floor":13,"turns":3},{"damage":18,"enemies":"The Guardian","floor":16,"turns":16},{"damage":33,"enemies":"2 Thieves","floor":18,"turns":4},{"damage":0,"enemies":"Chosen","floor":20,"turns":4},{"damage":0,"enemies":"Snake Plant","floor":22,"turns":2},{"damage":21,"enemies":"Book of Stabbing","floor":23,"turns":6},{"damage":26,"enemies":"Slavers","floor":25,"turns":4},{"damage":0,"enemies":"3 Cultists","floor":27,"turns":4},{"damage":10,"enemies":"Collector","floor":33,"turns":9},{"damage":9,"enemies":"3 Shapes","floor":35,"turns":7},{"damage":0,"enemies":"3 Darklings","floor":37,"turns":6},{"damage":17,"enemies":"Transient","floor":38,"turns":5},{"damage":16,"enemies":"Spire Growth","floor":39,"turns":6},{"damage":7,"enemies":"Nemesis","floor":41,"turns":7},{"damage":13,"enemies":"4 Shapes","floor":44,"turns":6},{"damage":0,"enemies":"Maw","floor":45,"turns":7},{"damage":0,"enemies":"3 Darklings","floor":48,"turns":4},{"damage":46,"enemies":"Time Eater","floor":50,"turns":13},{"damage":90,"enemies":"Shield and Spear","floor":54,"turns":10},{"damage":27,"enemies":"The Heart","floor":55,"turns":12}],"seed_played":"4320625660289730089","potions_obtained":[{"floor":2,"key":"AttackPotion"},{"floor":5,"key":"SkillPotion"},{"floor":10,"key":"SkillPotion"},{"floor":11,"key":"Dexterity Potion"},{"floor":16,"key":"Block Potion"},{"floor":22,"key":"Weak Potion"},{"floor":23,"key":"Poison Potion"},{"floor":25,"key":"Explosive Potion"},{"floor":35,"key":"PowerPotion"}],"is_trial":false,"path_per_floor":["M","?","?","M","?","?","?","T"],"character_chosen":"IRONCLAD","items_purchased":["Thread and Needle","Energy Potion","Dexterity Potion","SpeedPotion","Pantograph","Metallicize","Entrench"],"campfire_rested":2,"item_purchase_floors":[12,21,30,30,46,46,46],"current_hp_per_floor":[72,72,71,67,59,65,65,44,44,33,39,39,42,60,60,48,72,45,24,30,30,36,21,42,22,22,28,28,49,49,49,49,45,72,69,69,72,61,51,51,50,50,50,43,49,49,49,55,55,32,72,72,72,30,34],"gold":70,"neow_bonus":"THREE_RARE_CARDS","is_prod":false,"is_daily":false,"chose_seed":false,"campfire_upgraded":6,"win_rate":0,"timestamp":1555174406,"path_taken":["M","M","M","M","?","E","R","E","T","E","M","$","M","?","R","BOSS","M","?","?","$","M","E","R","E","T","M","?","R","$","?","R","BOSS","M","?","M","M","M","R","E","R","T","M","M","$","?","M","R","BOSS","R","$","E","BOSS"],"build_version":"2019-01-23","purchased_purges":1,"victory":true,"max_hp_per_floor":[72,72,72,72,72,72,72,72,72,72,72,72,72,72,72,72,72,72,72,72,72,72,72,72,72,72,72,72,72,72,72,72,72,72,72,72,72,72,72,72,72,72,72,72,72,72,72,72,72,72,72,72,72,72,72],"card_choices":[{"not_picked":["Limit Break","Exhume"],"picked":"Impervious","floor":0},{"not_picked":["Flex","Anger"],"picked":"Headbutt","floor":1},{"not_picked":["Havoc","Hemokinesis"],"picked":"Body Slam","floor":2},{"not_picked":["Evolve","Rage"],"picked":"Battle Trance","floor":3},{"not_picked":["Pommel Strike","Warcry"],"picked":"Shrug It Off","floor":4},{"not_picked":["Combust","Flex"],"picked":"Ghostly Armor","floor":5},{"not_picked":["Iron Wave","Fiend Fire"],"picked":"Body Slam","floor":6},{"not_picked":["Evolve","Rupture"],"picked":"True Grit","floor":8},{"not_picked":["Corruption","Sever Soul","Warcry"],"picked":"SKIP","floor":10},{"not_picked":["Corruption","Sever Soul"],"picked":"Entrench","floor":11},{"not_picked":["Corruption","Pommel Strike"],"picked":"Whirlwind","floor":13},{"not_picked":["Immolate","Feed"],"picked":"Fiend Fire","floor":16},{"not_picked":["Second Wind","Hemokinesis"],"picked":"Cleave+1","floor":18},{"not_picked":["Armaments","Feel No Pain+1","Anger"],"picked":"SKIP","floor":20},{"not_picked":["Rupture","Perfected Strike"],"picked":"Pommel Strike+1","floor":22},{"not_picked":["Disarm","Reaper"],"picked":"Clothesline","floor":23},{"not_picked":["Blood for Blood","Twin Strike+1"],"picked":"Armaments","floor":25},{"not_picked":["Wild Strike","Twin Strike"],"picked":"Spot Weakness","floor":27},{"not_picked":["Dual Wield","Inflame"],"picked":"Flame Barrier","floor":29},{"not_picked":["Juggernaut","Immolate"],"picked":"Barricade","floor":33},{"not_picked":["Clash","Havoc"],"picked":"Shrug It Off+1","floor":35},{"not_picked":["Clash","Pommel Strike+1","Sentinel+1"],"picked":"SKIP","floor":37},{"not_picked":["Sentinel+1","Perfected Strike"],"picked":"Shrug It Off","floor":38},{"not_picked":["Armaments","Pommel Strike+1","Warcry+1"],"picked":"SKIP","floor":39},{"not_picked":["Fiend Fire","Twin Strike+1"],"picked":"Limit Break","floor":41},{"not_picked":["Clothesline","Havoc"],"picked":"Dual Wield","floor":44},{"not_picked":["Dual Wield+1","Sword Boomerang+1","Intimidate+1"],"picked":"SKIP","floor":45},{"not_picked":["Thunderclap+1","Pummel","Bloodletting+1"],"picked":"SKIP","floor":48},{"not_picked":["Burning Pact","Clash","Pommel Strike"],"picked":"SKIP","floor":54}],"player_experience":134591,"relics_obtained":[{"floor":6,"key":"Du-Vu Doll"},{"floor":8,"key":"Pen Nib"},{"floor":10,"key":"Potion Belt"},{"floor":23,"key":"Centennial Puzzle"},{"floor":25,"key":"Turnip"},{"floor":26,"key":"Dream Catcher"},{"floor":41,"key":"Vajra"},{"floor":43,"key":"Kunai"},{"floor":47,"key":"Blue Candle"},{"floor":54,"key":"War Paint"}],"event_choices":[{"damage_healed":18,"gold_gain":0,"player_choice":"Healed and dodged fight","damage_taken":0,"max_hp_gain":0,"max_hp_loss":0,"event_name":"Mushrooms","floor":14,"gold_loss":0,"cards_obtained":["Parasite"]},{"damage_healed":0,"gold_gain":180,"player_choice":"GOLD GOLD ","damage_taken":21,"max_hp_gain":0,"max_hp_loss":0,"event_name":"Knowing Skull","floor":19,"potions_obtained":[],"gold_loss":0,"cards_obtained":[]},{"damage_healed":0,"gold_gain":0,"player_choice":"Opened","damage_taken":0,"relics_obtained":["FossilizedHelix"],"max_hp_gain":0,"max_hp_loss":0,"event_name":"The Mausoleum","floor":28,"gold_loss":0,"cards_obtained":["Writhe"]},{"damage_healed":0,"gold_gain":0,"player_choice":"Simplicity","damage_taken":0,"max_hp_gain":0,"max_hp_loss":0,"event_name":"Back to Basics","floor":31,"gold_loss":0,"cards_upgraded":["Strike_R","Strike_R","Strike_R","Strike_R","Strike_R","Defend_R","Defend_R","Defend_R","Defend_R"]},{"damage_healed":0,"gold_gain":0,"player_choice":"Ignored","damage_taken":0,"max_hp_gain":0,"max_hp_loss":0,"event_name":"Fountain of Cleansing","floor":36,"gold_loss":0}],"is_beta":false,"boss_relics":[{"not_picked":["Calling Bell","Astrolabe"],"picked":"Cursed Key"},{"not_picked":["Eternal Feather","Orrery"],"picked":"Lizard Tail"}],"items_purged_floors":[53],"is_endless":false,"potions_floor_spawned":[2,5,10,11,16,22,23,25,35,38,48],"ascension_level":2}