{"gold_per_floor":[113,113,113,113,60,87,87,87,87,120,133,151,201,227,227,304,304,324,340,0,0,12,12,12,12,12,12,26,26],"floor_reached":29,"playtime":1089,"items_purged":["Decay"],"score":603,"play_id":"e07e1af9-515d-4436-84a2-7a1d7168c926","local_time":"20190119134846","is_ascension_mode":true,"campfire_choices":[{"data":"Zap","floor":8.0,"key":"SMITH"},{"data":"Static Discharge","floor":15.0,"key":"SMITH"},{"data":"Chill","floor":23,"key":"SMITH"},{"floor":27,"key":"REST"}],"neow_cost":"NONE","seed_source_timestamp":781526699974257,"circlet_count":0,"master_deck":["AscendersBane","Strike_B+1","Strike_B","Strike_B","Strike_B+1","Defend_B","Defend_B","Defend_B","Defend_B","Zap+1","Dualcast","Static Discharge+1","Capacitor","Chill+1","Coolheaded","Creative AI","Coolheaded","Genetic Algorithm","Self Repair","Normality","Go for the Eyes+1"],"special_seed":0,"relics":["Cracked Core","NeowsBlessing","Vajra","Cables","Mango","The Courier","Cursed Key","Singing Bowl","Frozen Egg 2"],"potions_floor_usage":[29],"damage_taken":[{"damage":0.0,"enemies":"Small Slimes","floor":1.0,"turns":1.0},{"damage":0.0,"enemies":"Lagavulin","floor":6.0,"turns":1.0},{"damage":0.0,"enemies":"Gremlin Nob","floor":10.0,"turns":1.0},{"damage":0.0,"enemies":"Cultist","floor":11.0,"turns":2.0},{"damage":7.0,"enemies":"2 Louse","floor":12.0,"turns":2.0},{"damage":23.0,"enemies":"3 Sentries","floor":14.0,"turns":6.0},{"damage":31.0,"enemies":"Hexaghost","floor":16.0,"turns":7.0},{"damage":24.0,"enemies":"Chosen","floor":18.0,"turns":4.0},{"damage":10.0,"enemies":"Spheric Guardian","floor":19.0,"turns":4.0},{"damage":29,"enemies":"3 Cultists","floor":22,"turns":5},{"damage":26,"enemies":"Snecko","floor":28,"turns":6},{"damage":28,"enemies":"Centurion and Healer","floor":29,"turns":10}],"seed_played":"8649784918818948192","potions_obtained":[{"floor":6.0,"key":"Regen Potion"},{"floor":14.0,"key":"PowerPotion"},{"floor":18.0,"key":"Regen Potion"},{"floor":28,"key":"Explosive Potion"}],"is_trial":false,"path_per_floor":["M","?","$","?","$","E","?","R","T","E","M","M","?","E","R","B",null,"M","M","$","?","M","R","?","T","T","R","M","M"],"character_chosen":"DEFECT","items_purchased":["Fire Potion","Singing Bowl","Genetic Algorithm"],"campfire_rested":1,"item_purchase_floors":[5,20,20],"current_hp_per_floor":[64,69,69,46,46,46,46,46,46,60,60,53,44,21,21,5,69,45,47,47,47,18,18,18,18,18,45,26,0],"gold":26,"neow_bonus":"THREE_ENEMY_KILL","is_prod":false,"is_daily":false,"chose_seed":false,"campfire_upgraded":3,"win_rate":0,"timestamp":1547902126,"path_taken":["M","?","$","?","$","E","?","R","T","E","M","?","?","E","R","BOSS","M","?","$","?","M","R","?","?","T","R","M","M"],"build_version":"2019-01-17","purchased_purges":1,"victory":false,"max_hp_per_floor":[71,76,76,76,76,76,76,76,76,90,90,90,90,90,90,90,90,90,90,90,90,90,90,90,90,90,90,90,90],"card_choices":[{"not_picked":["Leap","Rebound","Sunder"],"picked":"SKIP","floor":1.0},{"not_picked":["Redo","Compile Driver","Go for the Eyes"],"picked":"SKIP","floor":6.0},{"not_picked":["Ball Lightning","Lockon"],"picked":"Static Discharge","floor":10.0},{"not_picked":["Cold Snap","Coolheaded"],"picked":"Capacitor","floor":11.0},{"not_picked":["Melter","Barrage"],"picked":"Chill","floor":12.0},{"not_picked":["Heatsinks","Ball Lightning"],"picked":"Coolheaded","floor":14.0},{"not_picked":["Thunder Strike","All For One"],"picked":"Creative AI","floor":16.0},{"not_picked":["Go for the Eyes","Sweeping Beam","Hello World"],"picked":"SKIP","floor":18.0},{"not_picked":["Streamline+1","Loop"],"picked":"Coolheaded","floor":19.0},{"not_picked":["Fusion","Chaos"],"picked":"Self Repair","floor":22},{"not_picked":["Barrage","Beam Cell"],"picked":"Go for the Eyes+1","floor":28}],"player_experience":529853,"relics_obtained":[{"floor":6.0,"key":"Vajra"},{"floor":9.0,"key":"Cables"},{"floor":10.0,"key":"Mango"},{"floor":14.0,"key":"The Courier"},{"floor":26,"key":"Frozen Egg 2"}],"event_choices":[{"damage_healed":0.0,"max_hp_gain":5.0,"max_hp_loss":0.0,"gold_gain":0.0,"event_name":"Big Fish","player_choice":"Donut","floor":2.0,"gold_loss":0.0,"damage_taken":0.0},{"damage_healed":0.0,"max_hp_gain":0.0,"max_hp_loss":0.0,"gold_gain":0.0,"event_name":"Shining Light","player_choice":"Entered Light","floor":4.0,"gold_loss":0.0,"damage_taken":23.0,"cards_upgraded":["Strike_B","Strike_B"]},{"damage_healed":0.0,"max_hp_gain":0.0,"max_hp_loss":0.0,"gold_gain":0.0,"event_name":"Wheel of Change","player_choice":"Cursed","floor":7.0,"gold_loss":0.0,"damage_taken":0.0,"cards_obtained":["Decay"]},{"damage_healed":0.0,"max_hp_gain":0.0,"max_hp_loss":0.0,"gold_gain":50.0,"event_name":"FaceTrader","player_choice":"Touch","floor":13.0,"gold_loss":0.0,"damage_taken":9.0},{"damage_healed":0,"gold_gain":0,"player_choice":"Ignored","damage_taken":0,"max_hp_gain":0,"max_hp_loss":0,"event_name":"Beggar","floor":21,"gold_loss":0}],"is_beta":true,"boss_relics":[{"not_picked":["Black Star","Calling Bell"],"picked":"Cursed Key"}],"items_purged_floors":[20],"is_endless":false,"potions_floor_spawned":[6,10,11,14,18,28],"killed_by":"Centurion and Healer","ascension_level":20}