{"path_per_floor":["M","M","$","?","M","R","?","$","T","E","R","E","R","M","R","B",null,"M","M","M","$","M"],"character_chosen":"IRONCLAD","items_purchased":["Headbutt","Shrug It Off","Flame Barrier","Bandage Up"],"gold_per_floor":[218,230,58,58,77,77,77,77,102,129,129,164,164,182,182,282,282,301,311,321,40,51],"floor_reached":23,"campfire_rested":1,"playtime":1643,"current_hp_per_floor":[68,66,66,51,57,57,57,57,57,32,32,29,29,22,45,30,65,58,54,23,23,21],"items_purged":["Parasite","Strike_R"],"gold":51,"score":322,"play_id":"a85e08ad-e7f5-426d-a800-3ee8b2a2d543","is_prod":false,"is_daily":false,"is_ascension_mode":true,"campfire_upgraded":3,"path_taken":["M","M","$","?","M","R","?","?","T","E","R","E","R","M","R","BOSS","M","?","?","$","M","E"],"build_version":"2018-02-22-PROD2","purchased_purges":2,"victory":false,"master_deck":["Strike_R","Strike_R","Strike_R","Defend_R+1","Defend_R","Defend_R","Defend_R","Bash+1","Inflame+1","Body Slam+1","Headbutt","Shrug It Off","Cleave+1","Fiend Fire","Juggernaut","Flame Barrier","Bandage Up"],"max_hp_per_floor":[80,80,77,77,77,77,77,77,77,77,77,77,77,77,77,77,77,77,77,77,77,77],"relics":["Black Blood","Oddly Smooth Stone","Vajra","Blood Vial"],"card_choices":[{"not_picked":["Searing Blow","Warcry"],"picked":"Inflame"},{"not_picked":["True Grit","Battle Trance"],"picked":"Body Slam"},{"not_picked":["True Grit","Pommel Strike"],"picked":"Cleave"},{"not_picked":["Brutality","Immolate"],"picked":"Juggernaut"}],"player_experience":184300,"potions_floor_usage":[16,16,22,22,23],"damage_taken":[{"damage":10,"enemies":"Jaw Worm","floor":1,"turns":7},{"damage":8,"enemies":"2 Louse","floor":2,"turns":4},{"damage":0,"enemies":"Small Slimes","floor":5,"turns":3},{"damage":31,"enemies":"Lagavulin","floor":10,"turns":4},{"damage":9,"enemies":"3 Sentries","floor":12,"turns":5},{"damage":15,"enemies":"Gremlin Gang","floor":14,"turns":2},{"damage":23,"enemies":"Slime Boss","floor":16,"turns":10},{"damage":19,"enemies":"3 Byrds","floor":18,"turns":6},{"damage":16,"enemies":"Spheric Guardian","floor":19,"turns":4},{"damage":43,"enemies":"Centurion and Healer","floor":20,"turns":8},{"damage":18,"enemies":"Snake Plant","floor":22,"turns":4},{"damage":29,"enemies":"Book of Stabbing","floor":23,"turns":5}],"event_choices":[{"event_name":"Shining Light","player_choice":"Entered Light","floor":4,"damage_taken":0},{"event_name":"Transmorgrifier","player_choice":"Transform","floor":7,"damage_taken":0}],"boss_relics":[{"not_picked":["White Beast Statue","Lizard Tail"],"picked":"Black Blood"}],"potions_floor_spawned":[1,2,12,18,20],"seed_played":"5894950487792501036","killed_by":"Book of Stabbing","ascension_level":12,"is_trial":false}