{"gold_per_floor":[117,36,36,50,50,50,13,13,92,92,92,108,120,138,138,235,235,251,251,251,16,43,43,43,57,87,99,113,113,113],"floor_reached":30,"playtime":2372,"items_purged":[],"score":218,"play_id":"a0a6322d-507e-4e37-86a7-644a1f31cd7f","local_time":"20190324143538","is_ascension_mode":false,"campfire_choices":[{"data":"Transmutation","floor":6,"key":"SMITH"},{"data":"Zap","floor":11,"key":"SMITH"},{"floor":15,"key":"REST"},{"floor":23,"key":"REST"}],"neow_cost":"TEN_PERCENT_HP_LOSS","seed_source_timestamp":2735363439676,"circlet_count":0,"master_deck":["Strike_B","Strike_B","Strike_B","Defend_B","Defend_B","Defend_B","Defend_B","Zap+1","Dualcast","Transmutation+1","Finesse","Fusion","Glacier","Streamline","Barrage","Cold Snap","Multi-Cast","Rainbow","Steam+1","Reprogram","Auto Shields","Chill","Barrage+1"],"relics":["Cracked Core","Ancient Tea Set","Pear","Sozu","Enchiridion","Medical Kit","Orichalcum","Tiny Chest","Vajra"],"potions_floor_usage":[16],"damage_taken":[{"damage":6,"enemies":"Cultist","floor":1,"turns":5},{"damage":0,"enemies":"Small Slimes","floor":4,"turns":3},{"damage":0,"enemies":"2 Louse","floor":12,"turns":2},{"damage":13,"enemies":"Exordium Thugs","floor":13,"turns":6},{"damage":1,"enemies":"Looter","floor":14,"turns":3},{"damage":46,"enemies":"The Guardian","floor":16,"turns":9},{"damage":26,"enemies":"3 Byrds","floor":18,"turns":5},{"damage":14,"enemies":"Shell Parasite","floor":25,"turns":4},{"damage":7,"enemies":"Centurion and Healer","floor":27,"turns":7},{"damage":11,"enemies":"Snake Plant","floor":28,"turns":5},{"damage":31,"enemies":"Cultist and Chosen","floor":30,"turns":8}],"seed_played":"5018305289983178887","potions_obtained":[{"floor":1,"key":"Energy Potion"},{"floor":4,"key":"Block Potion"}],"is_trial":false,"path_per_floor":["?","?","?","?","?","?","?","T","T","M"],"character_chosen":"DEFECT","items_purchased":["Glacier","Reprogram","Medical Kit"],"campfire_rested":2,"item_purchase_floors":[2,21,21],"current_hp_per_floor":[62,62,62,62,55,55,55,55,65,65,65,65,52,51,74,28,78,52,36,36,36,36,59,59,45,45,38,27,27,0],"gold":113,"neow_bonus":"RANDOM_COLORLESS_2","is_prod":false,"is_daily":false,"chose_seed":false,"campfire_upgraded":2,"win_rate":0.0,"timestamp":1553452538,"path_taken":["M","$","?","M","?","R","?","?","T","?","R","M","M","M","R","BOSS","M","?","?","$","?","R","$","M","T","M","M","?","?"],"build_version":"2019-01-23","purchased_purges":0,"victory":false,"max_hp_per_floor":[68,68,68,68,68,68,68,68,78,78,78,78,78,78,78,78,78,78,78,78,78,78,78,78,78,78,78,78,78,78],"card_choices":[{"not_picked":["Coolheaded","Barrage"],"picked":"Fusion","floor":1},{"not_picked":["Blizzard","Tempest"],"picked":"Streamline","floor":4},{"not_picked":["Beam Cell","Go for the Eyes"],"picked":"Barrage","floor":12},{"not_picked":["Sweeping Beam","Go for the Eyes"],"picked":"Cold Snap","floor":13},{"not_picked":["Steam","Fusion"],"picked":"Multi-Cast","floor":14},{"not_picked":["Reboot","Fission"],"picked":"Rainbow","floor":16},{"not_picked":["Go for the Eyes","Gash"],"picked":"Steam+1","floor":18},{"not_picked":["Glacier+1","Coolheaded"],"picked":"Auto Shields","floor":25},{"not_picked":["Reprogram+1","Stack"],"picked":"Chill","floor":27},{"not_picked":["Beam Cell","Leap"],"picked":"Barrage+1","floor":28}],"player_experience":41799,"relics_obtained":[{"floor":9,"key":"Pear"},{"floor":19,"key":"Enchiridion"},{"floor":22,"key":"Orichalcum"},{"floor":26,"key":"Tiny Chest"},{"floor":29,"key":"Vajra"}],"event_choices":[{"damage_healed":0,"gold_gain":0,"player_choice":"Ignored","damage_taken":0,"max_hp_gain":0,"max_hp_loss":0,"event_name":"Liars Game","floor":3,"gold_loss":0},{"cards_removed":["Strike_B"],"damage_healed":0,"gold_gain":0,"player_choice":"Card Removal","damage_taken":7,"max_hp_gain":0,"max_hp_loss":0,"event_name":"Golden Wing","floor":5,"gold_loss":0},{"damage_healed":0,"gold_gain":0,"player_choice":"Left Gold","damage_taken":0,"max_hp_gain":0,"max_hp_loss":0,"event_name":"World of Goop","floor":7,"gold_loss":37},{"damage_healed":0,"gold_gain":0,"player_choice":"Box","damage_taken":0,"relics_obtained":["Ancient Tea Set"],"max_hp_gain":0,"max_hp_loss":0,"event_name":"Big Fish","floor":8,"gold_loss":0,"cards_obtained":["Regret"]},{"cards_removed":["Regret"],"damage_healed":0,"gold_gain":0,"player_choice":"Removed Curses","damage_taken":0,"max_hp_gain":0,"max_hp_loss":0,"event_name":"Fountain of Cleansing","floor":10,"gold_loss":0},{"damage_healed":0,"gold_gain":0,"player_choice":"Obtained Book","damage_taken":16,"max_hp_gain":0,"max_hp_loss":0,"event_name":"Cursed Tome","floor":19,"gold_loss":0},{"damage_healed":0,"gold_gain":0,"player_choice":"Ignored","damage_taken":0,"max_hp_gain":0,"max_hp_loss":0,"event_name":"Vampires","floor":20,"gold_loss":0}],"is_beta":false,"boss_relics":[{"not_picked":["Coffee Dripper","Eternal Feather"],"picked":"Sozu"}],"items_purged_floors":[],"is_endless":false,"potions_floor_spawned":[1,4,18],"killed_by":"Cultist and Chosen","ascension_level":0}