{"gold_per_floor":[115,265,16,26,26,26,58,68,68,68,38,65,65],"floor_reached":13,"playtime":590,"items_purged":["Doubt"],"score":182,"play_id":"4bb61d60-a404-4d12-b704-da0a516261c9","local_time":"20190116165607","is_ascension_mode":true,"campfire_choices":[{"data":"Zap","floor":6,"key":"SMITH"},{"data":"Go for the Eyes","floor":10,"key":"SMITH"}],"neow_cost":"NONE","seed_source_timestamp":534201114317653,"circlet_count":0,"master_deck":["AscendersBane","Strike_B","Strike_B","Strike_B","Strike_B","Defend_B","Defend_B","Defend_B","Defend_B","Zap+1","Dualcast","FTL","Sunder+1","Defragment","Coolheaded","Go for the Eyes+1","Compile Driver","Creative AI"],"relics":["Cracked Core","Unceasing Top","Peace Pipe","Calipers"],"potions_floor_usage":[13,13],"damage_taken":[{"damage":10,"enemies":"Small Slimes","floor":1,"turns":4},{"damage":14,"enemies":"Jaw Worm","floor":4,"turns":4},{"damage":20,"enemies":"Lagavulin","floor":7,"turns":5},{"damage":3,"enemies":"Cultist","floor":8,"turns":3},{"damage":21,"enemies":"3 Sentries","floor":12,"turns":5},{"damage":6,"enemies":"3 Louse","floor":13,"turns":1}],"seed_played":"2854495910996879249","potions_obtained":[{"floor":1,"key":"SpeedPotion"},{"floor":7,"key":"Weak Potion"}],"is_trial":false,"path_per_floor":["M","?","$","M","?","R","E","M","T","R","$","E","M"],"character_chosen":"DEFECT","items_purchased":["Sunder","Defragment","Compile Driver"],"campfire_rested":0,"item_purchase_floors":[3,3,11],"current_hp_per_floor":[61,61,61,47,47,47,27,24,24,24,24,3,0],"gold":65,"neow_bonus":"TEN_PERCENT_HP_BONUS","is_prod":false,"is_daily":false,"chose_seed":false,"campfire_upgraded":2,"win_rate":0,"timestamp":1547654167,"path_taken":["M","?","$","M","?","R","E","M","T","R","?","E","?"],"build_version":"2019-01-10","purchased_purges":1,"victory":false,"max_hp_per_floor":[78,78,78,78,78,78,78,78,78,78,78,78,78],"card_choices":[{"not_picked":["Ball Lightning","Sweeping Beam"],"picked":"FTL","floor":1},{"not_picked":["Blizzard","Hologram","Turbo"],"picked":"SKIP","floor":4},{"not_picked":["Streamline","Cold Snap"],"picked":"Coolheaded","floor":7},{"not_picked":["All For One","Conserve Battery"],"picked":"Go for the Eyes","floor":8},{"not_picked":["Barrage","Hello World"],"picked":"Creative AI","floor":12}],"player_experience":437358,"relics_obtained":[{"floor":7,"key":"Unceasing Top"},{"floor":9,"key":"Peace Pipe"},{"floor":12,"key":"Calipers"}],"event_choices":[{"damage_healed":0,"gold_gain":150,"player_choice":"AGREE","damage_taken":0,"max_hp_gain":0,"max_hp_loss":0,"event_name":"Liars Game","floor":2,"gold_loss":0,"cards_obtained":["Doubt"]},{"damage_healed":0,"gold_gain":0,"player_choice":"Grow","damage_taken":0,"max_hp_gain":0,"max_hp_loss":0,"event_name":"Living Wall","floor":5,"gold_loss":0,"cards_upgraded":["Sunder"]}],"is_beta":false,"boss_relics":[],"items_purged_floors":[3],"is_endless":false,"potions_floor_spawned":[1,7],"killed_by":"3 Louse","ascension_level":20}