{"gold_per_floor":[115,115,190,115,115,115,135,135,135,135,169,169,203,203,203,203],"floor_reached":16,"playtime":625,"items_purged":[],"score":186,"play_id":"1e237882-0c93-409b-a8ce-30c5aac81983","local_time":"20190127004045","is_ascension_mode":true,"campfire_choices":[{"data":"True Grit","floor":6,"key":"SMITH"},{"data":"Iron Wave","floor":8,"key":"SMITH"},{"data":"Bash","floor":10,"key":"SMITH"},{"floor":15,"key":"REST"}],"neow_cost":"NONE","seed_source_timestamp":41722943678986,"circlet_count":0,"master_deck":["AscendersBane","Strike_R","Strike_R+1","Strike_R","Strike_R","Strike_R","Defend_R","Defend_R","Defend_R","Defend_R","Bash+1","Iron Wave+1","Whirlwind+1","True Grit+1","Shrug It Off","Flame Barrier+1"],"relics":["Burning Blood","Pantograph","Bag of Marbles","Incense Burner","Mango","Strawberry"],"potions_floor_usage":[11,13],"damage_taken":[{"damage":6,"enemies":"Small Slimes","floor":1,"turns":5},{"damage":0,"enemies":"2 Louse","floor":7,"turns":1},{"damage":24,"enemies":"Gremlin Nob","floor":11,"turns":4},{"damage":6,"enemies":"3 Sentries","floor":13,"turns":6},{"damage":88,"enemies":"Hexaghost","floor":16,"turns":10}],"seed_played":"-9003428555433685845","potions_obtained":[{"floor":1,"key":"Poison Potion"},{"floor":7,"key":"SkillPotion"}],"is_trial":false,"path_per_floor":["M","?","?","$","?","R","M","R","T","R","E","T","E","?","R","B"],"character_chosen":"IRONCLAD","items_purchased":["True Grit","Shrug It Off"],"campfire_rested":1,"item_purchase_floors":[4,4],"current_hp_per_floor":[72,72,61,61,43,43,49,49,49,49,31,45,52,32,62,0],"gold":203,"neow_bonus":"THREE_CARDS","is_prod":false,"is_daily":false,"chose_seed":false,"campfire_upgraded":3,"win_rate":0,"timestamp":1548567645,"path_taken":["M","?","?","$","?","R","M","R","T","R","E","?","E","?","R","BOSS"],"build_version":"2019-01-23","purchased_purges":0,"victory":false,"max_hp_per_floor":[80,80,80,80,80,80,80,80,80,80,80,94,101,101,101,101],"card_choices":[{"not_picked":["Headbutt","Clash"],"picked":"Iron Wave","floor":0},{"not_picked":["Warcry","Perfected Strike"],"picked":"Whirlwind","floor":1},{"not_picked":["Wild Strike","Shrug It Off","Sword Boomerang"],"picked":"SKIP","floor":7},{"not_picked":["Armaments","Clothesline","Pommel Strike"],"picked":"SKIP","floor":11},{"not_picked":["Carnage","Shrug It Off"],"picked":"Flame Barrier","floor":13}],"player_experience":723203,"relics_obtained":[{"floor":9,"key":"Bag of Marbles"},{"floor":11,"key":"Incense Burner"},{"floor":12,"key":"Mango"},{"floor":13,"key":"Strawberry"}],"event_choices":[{"damage_healed":0,"gold_gain":0,"player_choice":"Grow","damage_taken":0,"max_hp_gain":0,"max_hp_loss":0,"event_name":"Living Wall","floor":2,"gold_loss":0,"cards_upgraded":["Whirlwind"]},{"damage_healed":0,"gold_gain":75,"player_choice":"Gather Gold","damage_taken":11,"max_hp_gain":0,"max_hp_loss":0,"event_name":"World of Goop","floor":3,"gold_loss":0},{"damage_healed":0,"gold_gain":0,"player_choice":"Success","damage_taken":18,"relics_obtained":["Pantograph"],"max_hp_gain":0,"max_hp_loss":0,"event_name":"Scrap Ooze","floor":5,"gold_loss":0},{"damage_healed":0,"gold_gain":0,"player_choice":"Entered Light","damage_taken":20,"max_hp_gain":0,"max_hp_loss":0,"event_name":"Shining Light","floor":14,"gold_loss":0,"cards_upgraded":["Flame Barrier","Strike_R"]}],"is_beta":false,"boss_relics":[],"items_purged_floors":[],"is_endless":false,"potions_floor_spawned":[1,7],"killed_by":"Hexaghost","ascension_level":11}