{"path_per_floor":["M","?","M","M","?","R","$","R","T","M","E","R","E","?","R","B",null,"M","M","M","M","M","R","M","M","T","?","R","M","R","M","R","B",null,"M","?","$","M","?","R","M","R","T","?","M","?","R","$","R","B"],"character_chosen":"DEFECT","items_purchased":["Leap","Streamline","Chill"],"gold_per_floor":[111,111,131,149,149,149,1,1,25,43,73,73,98,98,98,218,218,218,218,218,218,218,218,218,218,218,218,218,218,218,218,218,218,218,218,218,83,83,0,0,0,0,0,0,0,0,0,0,0,0],"floor_reached":51,"campfire_rested":4,"playtime":3740,"item_purchase_floors":[],"current_hp_per_floor":[66,66,65,65,50,50,50,50,50,50,43,43,38,20,20,7,58,58,51,39,39,39,39,28,15,15,15,37,37,59,59,59,14,60,20,20,20,5,5,27,3,25,32,32,32,72,72,72,72,31],"items_purged":["Strike_B","Strike_B"],"gold":0,"score":974,"play_id":"a4e26ae8-07db-4782-850e-1aedc69672a7","local_time":"20180528013447","is_prod":false,"is_daily":false,"chose_seed":false,"is_ascension_mode":true,"campfire_upgraded":8,"win_rate":0,"timestamp":1527464087,"campfire_choices":[{"data":"Zap","floor":6.0,"key":"SMITH"},{"data":"Streamline","floor":8.0,"key":"SMITH"},{"data":"Dualcast","floor":12.0,"key":"SMITH"},{"data":"Leap","floor":15.0,"key":"SMITH"},{"data":"Hologram","floor":23.0,"key":"SMITH"},{"floor":28.0,"key":"REST"},{"floor":30.0,"key":"REST"},{"data":"Recycle","floor":32.0,"key":"SMITH"},{"floor":40.0,"key":"REST"},{"floor":42,"key":"REST"},{"data":"Go for the Eyes","floor":47,"key":"SMITH"},{"data":"Seek","floor":49,"key":"SMITH"}],"path_taken":["M","?","M","M","?","R","?","R","T","?","E","R","E","?","R","BOSS","M","?","M","M","M","R","M","M","T","?","R","M","R","M","R","BOSS","M","?","$","M","?","R","M","R","T","?","M","?","R","$","R","BOSS"],"build_version":"2018-05-25","seed_source_timestamp":0,"purchased_purges":2,"victory":true,"master_deck":["Strike_B+1","Defend_B","Defend_B+1","Defend_B","Defend_B","Zap+1","Dualcast+1","AscendersBane","Leap+1","Compile Driver+1","Cold Snap+1","Leap","Streamline+1","Seek+1","Leap","Reboot","Echo Form","Go for the Eyes+1","Go for the Eyes+1","Double Energy","Hologram+1","Recycle+1","Echo Form","Undo","Loop+1","Creative AI","Chill+1"],"max_hp_per_floor":[75,75,75,75,75,75,75,75,75,75,75,75,75,75,75,75,75,75,75,75,75,75,75,75,75,75,75,75,75,75,75,75,75,75,75,75,75,75,75,75,75,75,82,82,82,72,72,72,72,72],"relics":["Cracked Core","Happy Flower","Mummified Hand","Ice Cream","Golden Idol","Ectoplasm","Whetstone","Inserter","Red Mask","Strawberry"],"card_choices":[{"not_picked":["Chaos","Reinforced Body"],"picked":"Leap","floor":1.0},{"not_picked":["Redo","Rebound"],"picked":"Compile Driver","floor":3.0},{"not_picked":["Coolheaded","Auto Shields"],"picked":"Cold Snap","floor":4.0},{"not_picked":["Cold Snap","Beam Cell"],"picked":"Seek","floor":10.0},{"not_picked":["Steam","Blizzard"],"picked":"Leap","floor":11.0},{"not_picked":["Compile Driver","Steam"],"picked":"Reboot","floor":13.0},{"not_picked":["Biased Cognition","Electrodynamics"],"picked":"Echo Form","floor":16.0},{"not_picked":["Skim","Rebound"],"picked":"Go for the Eyes","floor":18.0},{"not_picked":["Capacitor","Force Field+1"],"picked":"Go for the Eyes+1","floor":19.0},{"not_picked":["White Noise","Barrage"],"picked":"Double Energy","floor":20.0},{"not_picked":["Leap","Gash","Rip and Tear"],"picked":"SKIP","floor":21.0},{"not_picked":["Defragment","Streamline+1"],"picked":"Hologram","floor":22.0},{"not_picked":["Streamline","Go for the Eyes"],"picked":"Recycle","floor":24.0},{"not_picked":["Ball Lightning+1","Turbo+1"],"picked":"Echo Form","floor":25.0},{"not_picked":["Go for the Eyes","Glacier"],"picked":"Undo","floor":29.0},{"not_picked":["Redo","Streamline"],"picked":"Loop+1","floor":31.0},{"not_picked":["Hyperbeam","Thunder Strike"],"picked":"Creative AI","floor":33.0},{"not_picked":["Conserve Battery","Hologram","Redo"],"picked":"SKIP","floor":35.0},{"not_picked":["Melter","Steam+1","Force Field"],"picked":"SKIP","floor":38.0},{"not_picked":["Cold Snap","Compile Driver","Force Field"],"picked":"SKIP","floor":41},{"not_picked":["Stack","Auto Shields","Rebound+1"],"picked":"SKIP","floor":45}],"player_experience":144892,"potions_floor_usage":[41],"damage_taken":[{"damage":2.0,"enemies":"Jaw Worm","floor":1.0,"turns":3.0},{"damage":1.0,"enemies":"Cultist","floor":3.0,"turns":3.0},{"damage":0.0,"enemies":"2 Louse","floor":4.0,"turns":3.0},{"damage":0.0,"enemies":"Blue Slaver","floor":10.0,"turns":3.0},{"damage":16.0,"enemies":"Lagavulin","floor":11.0,"turns":6.0},{"damage":5.0,"enemies":"3 Sentries","floor":13.0,"turns":7.0},{"damage":13.0,"enemies":"Slime Boss","floor":16.0,"turns":10.0},{"damage":0.0,"enemies":"Spheric Guardian","floor":18.0,"turns":3.0},{"damage":7.0,"enemies":"Shell Parasite","floor":19.0,"turns":4.0},{"damage":12.0,"enemies":"Snecko","floor":20.0,"turns":6.0},{"damage":0.0,"enemies":"Slaver and Parasite","floor":21.0,"turns":6.0},{"damage":0.0,"enemies":"3 Cultists","floor":22.0,"turns":4.0},{"damage":11.0,"enemies":"Chosen and Byrds","floor":24.0,"turns":7.0},{"damage":13.0,"enemies":"Snake Plant","floor":25.0,"turns":3.0},{"damage":0.0,"enemies":"Snecko","floor":29.0,"turns":4.0},{"damage":0.0,"enemies":"Cultist and Chosen","floor":31.0,"turns":7.0},{"damage":45.0,"enemies":"Collector","floor":33.0,"turns":11.0},{"damage":40.0,"enemies":"3 Darklings","floor":35.0,"turns":5.0},{"damage":15.0,"enemies":"3 Shapes","floor":38.0,"turns":4.0},{"damage":24,"enemies":"3 Darklings","floor":41,"turns":7},{"damage":0,"enemies":"4 Shapes","floor":45,"turns":6},{"damage":41,"enemies":"Time Eater","floor":50,"turns":6}],"relics_obtained":[{"floor":9.0,"key":"Happy Flower"},{"floor":11.0,"key":"Mummified Hand"},{"floor":13.0,"key":"Ice Cream"},{"floor":26.0,"key":"Whetstone"},{"floor":43,"key":"Strawberry"}],"event_choices":[{"event_name":"The Lab","player_choice":"Got Potions","floor":2.0,"damage_taken":0.0},{"event_name":"Shining Light","player_choice":"Entered Light","floor":5.0,"damage_taken":0.0},{"event_name":"Golden Idol","player_choice":"Take Damage","floor":14.0,"damage_taken":0.0},{"event_name":"Cursed Tome","player_choice":"Ignored","floor":27.0,"damage_taken":0.0},{"event_name":"Tomb of Lord Red Mask","player_choice":"Paid","floor":39.0,"damage_taken":0.0},{"event_name":"Upgrade Shrine","player_choice":"Upgraded","floor":44,"damage_taken":0},{"event_name":"The Moai Head","player_choice":"Heal","floor":46,"damage_taken":0}],"boss_relics":[],"items_purged_floors":[],"potions_floor_spawned":[1,4,11,13,21,22,24,29,31,38],"seed_played":"-7459208041109054406","ascension_level":12,"potions_obtained":[{"floor":1.0,"key":"Regen Potion"},{"floor":2.0,"key":"Energy Potion"},{"floor":2.0,"key":"Energy Potion"},{"floor":2.0,"key":"EssenceOfSteel"},{"floor":4.0,"key":"PowerPotion"},{"floor":11.0,"key":"SteroidPotion"},{"floor":13.0,"key":"AttackPotion"},{"floor":21.0,"key":"SteroidPotion"},{"floor":22.0,"key":"AttackPotion"},{"floor":24.0,"key":"EssenceOfSteel"},{"floor":29.0,"key":"EntropicBrew"},{"floor":38.0,"key":"SkillPotion"}],"is_trial":false}