{"path_per_floor":["M","M","M","M","?","R","E","M","T","R","?","M","$","E","R","B",null,"M","M","M","?","M","R","$","R","T","M","E","M","R","T","R","B",null,"M","M","$","M","M","R","M","M","T","R","M","R","M","?","R","B"],"character_chosen":"DEFECT","items_purchased":["Ornamental Fan","Regal Pillow"],"gold_per_floor":[211,224,242,254,254,254,289,301,301,301,301,319,5,35,35,138,138,152,162,178,178,189,189,189,189,189,199,231,244,244,270,270,368,368,381,394,139,158,171,171,187,199,280,280,292,292,308,308,308,308],"floor_reached":51,"campfire_rested":2,"playtime":3654,"item_purchase_floors":[13,37],"current_hp_per_floor":[64,63,70,67,67,67,62,66,66,66,66,58,58,56,56,27,63,56,61,58,58,53,53,53,53,53,60,59,65,65,65,65,24,62,51,65,65,43,40,40,46,41,41,75,59,59,53,53,75,12],"items_purged":["Strike_B","Strike_B"],"gold":308,"score":889,"play_id":"85fe6745-79ac-4311-b364-450fad50c1e6","local_time":"20180525024254","is_prod":false,"is_daily":false,"chose_seed":false,"is_ascension_mode":true,"campfire_upgraded":6,"win_rate":0,"timestamp":1527208974,"campfire_choices":[{"data":"Ball Lightning","floor":6,"key":"SMITH"},{"data":"1","floor":10,"key":"LIFT"},{"data":"2","floor":15,"key":"LIFT"},{"data":"3","floor":23,"key":"LIFT"},{"data":"Recycle","floor":25,"key":"SMITH"},{"data":"Dualcast","floor":30,"key":"SMITH"},{"data":"Zap","floor":32,"key":"SMITH"},{"data":"Reinforced Body","floor":40,"key":"SMITH"},{"floor":44,"key":"REST"},{"data":"Barrage","floor":46,"key":"SMITH"},{"floor":49,"key":"REST"}],"path_taken":["M","M","M","M","?","R","E","M","T","R","?","M","$","E","R","BOSS","M","?","M","?","M","R","$","R","T","M","E","M","R","?","R","BOSS","M","M","$","M","?","R","M","?","T","R","M","R","M","?","R","BOSS"],"build_version":"2018-05-23v2","seed_source_timestamp":476230149326536,"purchased_purges":2,"victory":true,"master_deck":["Strike_B","Strike_B","Defend_B","Defend_B","Defend_B","Defend_B","Zap+1","Dualcast+1","Leap","Self Repair","Sweeping Beam+1","Ball Lightning+1","Recycle+1","Core Surge","Echo Form","Biased Cognition","Sweeping Beam+1","Glacier","Beam Cell+1","Reinforced Body+1","Cold Snap","Cold Snap","Core Surge","Compile Driver+1","Capacitor+1","Streamline+1","Sweeping Beam+1","Capacitor+1","Barrage+1"],"max_hp_per_floor":[75,75,75,75,75,75,75,75,75,75,75,75,75,75,75,75,75,75,75,75,75,75,75,75,75,75,75,75,75,75,75,75,75,75,75,75,75,75,75,75,75,75,75,75,75,75,75,75,75,75],"relics":["Cracked Core","Bottled Tornado","Girya","Ornamental Fan","Emotion Chip","Sozu","Mercury Hourglass","Boot","Torii","Oddly Smooth Stone","Velvet Choker","Regal Pillow","Question Card"],"card_choices":[{"not_picked":["Beam Cell","Stack"],"picked":"Leap","floor":1.0},{"not_picked":["Stack","Cold Snap"],"picked":"Self Repair","floor":2},{"not_picked":["Static Discharge","Chaos"],"picked":"Sweeping Beam","floor":3},{"not_picked":["Chill","Defragment"],"picked":"Ball Lightning","floor":4},{"not_picked":["Steam Power","Streamline"],"picked":"Recycle","floor":7},{"not_picked":["Capacitor","Hologram","Steam"],"picked":"SKIP","floor":8},{"not_picked":["BootSequence","Blizzard"],"picked":"Core Surge","floor":12},{"not_picked":["Undo","Steam"],"picked":"Echo Form","floor":14},{"not_picked":["Buffer","Reboot"],"picked":"Biased Cognition","floor":16},{"not_picked":["Rebound","Force Field","Barrage"],"picked":"SKIP","floor":18},{"not_picked":["Storm+1","Leap+1"],"picked":"Sweeping Beam+1","floor":19},{"not_picked":["Leap","Hologram+1"],"picked":"Glacier","floor":20},{"not_picked":["Go for the Eyes","Core Surge"],"picked":"Beam Cell+1","floor":22},{"not_picked":["Barrage","Coolheaded"],"picked":"Reinforced Body","floor":27},{"not_picked":["Aggregate+1","Coolheaded"],"picked":"Cold Snap","floor":28},{"not_picked":["Sweeping Beam","Beam Cell+1"],"picked":"Cold Snap","floor":29},{"not_picked":["All For One","Meteor Strike"],"picked":"Core Surge","floor":33},{"not_picked":["Sweeping Beam+1","Streamline"],"picked":"Compile Driver+1","floor":35},{"not_picked":["Leap","Steam+1"],"picked":"Capacitor+1","floor":36},{"not_picked":["Go for the Eyes+1","White Noise"],"picked":"Streamline+1","floor":38},{"not_picked":["Capacitor","Steam Power","Cold Snap"],"picked":"SKIP","floor":39},{"not_picked":["Barrage+1","White Noise+1"],"picked":"Sweeping Beam+1","floor":41},{"not_picked":["Reboot","Rebound+1"],"picked":"Capacitor+1","floor":42},{"not_picked":["Rip and Tear+1","Blizzard+1","Cold Snap"],"picked":"Barrage","floor":45},{"not_picked":["Multi-Cast","Lockon+1","Coolheaded","Streamline+1"],"picked":"SKIP","floor":47}],"player_experience":103774,"potions_floor_usage":[7,16],"damage_taken":[{"damage":4.0,"enemies":"Small Slimes","floor":1.0,"turns":3.0},{"damage":1,"enemies":"Jaw Worm","floor":2,"turns":4},{"damage":0,"enemies":"2 Louse","floor":3,"turns":3},{"damage":10,"enemies":"Lots of Slimes","floor":4,"turns":5},{"damage":12,"enemies":"Gremlin Nob","floor":7,"turns":4},{"damage":3,"enemies":"Blue Slaver","floor":8,"turns":4},{"damage":15,"enemies":"3 Louse","floor":12,"turns":2},{"damage":9,"enemies":"3 Sentries","floor":14,"turns":5},{"damage":36,"enemies":"The Guardian","floor":16,"turns":12},{"damage":7,"enemies":"Shell Parasite","floor":18,"turns":4},{"damage":2,"enemies":"Spheric Guardian","floor":19,"turns":3},{"damage":10,"enemies":"Snecko","floor":20,"turns":4},{"damage":12,"enemies":"Centurion and Healer","floor":22,"turns":5},{"damage":0,"enemies":"3 Cultists","floor":27,"turns":4},{"damage":8,"enemies":"Book of Stabbing","floor":28,"turns":5},{"damage":1,"enemies":"Cultist and Chosen","floor":29,"turns":5},{"damage":48,"enemies":"Automaton","floor":33,"turns":7},{"damage":18,"enemies":"3 Shapes","floor":35,"turns":3},{"damage":0,"enemies":"Flame Bruiser 1 Orb","floor":36,"turns":6},{"damage":22,"enemies":"Sphere and 2 Shapes","floor":38,"turns":4},{"damage":10,"enemies":"Spire Growth","floor":39,"turns":3},{"damage":1,"enemies":"4 Shapes","floor":41,"turns":3},{"damage":12,"enemies":"Sphere and 2 Shapes","floor":42,"turns":4},{"damage":23,"enemies":"Maw","floor":45,"turns":7},{"damage":6,"enemies":"Flame Bruiser 2 Orb","floor":47,"turns":4},{"damage":70,"enemies":"Donu and Deca","floor":50,"turns":8}],"relics_obtained":[{"floor":7,"key":"Bottled Tornado"},{"floor":9,"key":"Girya"},{"floor":14,"key":"Emotion Chip"},{"floor":26,"key":"Boot"},{"floor":28,"key":"Torii"},{"floor":31,"key":"Oddly Smooth Stone"},{"floor":43,"key":"Question Card"}],"event_choices":[{"event_name":"Liars Game","player_choice":"disagreed","floor":5,"damage_taken":0},{"event_name":"Living Wall","player_choice":"Grow","floor":11,"damage_taken":0},{"event_name":"The Mausoleum","player_choice":"Yes","floor":21,"damage_taken":0},{"event_name":"The Woman in Blue","player_choice":"Bought 0 Potions","floor":48,"damage_taken":0}],"boss_relics":[{"not_picked":["Nuclear Battery","Lizard Tail"],"picked":"Sozu"},{"not_picked":["Runic Dome","Philosopher\u0027s Stone"],"picked":"Velvet Choker"}],"items_purged_floors":[13,37],"potions_floor_spawned":[4,14,16,18,28,29,33,35,36,42,45],"seed_played":"-1827567514763529034","ascension_level":8,"potions_obtained":[{"floor":4,"key":"Explosive Potion"},{"floor":14,"key":"AttackPotion"},{"floor":16,"key":"FairyPotion"}],"is_trial":false}