{"gold_per_floor":[109,129,99,111,36,71,71,97,97,109,126,126,138,171,171,266,266,221,221,221,221,221,221,221,221,221,221,5,5,5,5,5,5,5,5,5,5,5,5,5,5,5,5,5,5,5,5,5,5,5],"floor_reached":51,"playtime":6051,"items_purged":["Strike_B","Strike_B"],"score":843,"play_id":"78ebb72c-e925-4c30-9211-caae29952051","local_time":"20180728053620","is_ascension_mode":true,"campfire_choices":[{"data":"Ball Lightning","floor":12,"key":"SMITH"},{"floor":15,"key":"REST"},{"data":"Zap","floor":23,"key":"SMITH"},{"data":"Defragment","floor":25,"key":"SMITH"},{"data":"Sunder","floor":32,"key":"SMITH"},{"data":"Dualcast","floor":41,"key":"PURGE"},{"data":"Defend_B","floor":49,"key":"PURGE"}],"neow_cost":"NONE","seed_source_timestamp":296301397893764,"circlet_count":0,"master_deck":["Strike_B","Defend_B","Defend_B","Zap+1","Amplify","Compile Driver","Defragment+1","White Noise","Sunder+1","Ball Lightning+1","Conserve Battery","Cold Snap","Chill","Electrodynamics","Machine Learning","Glacier","Self Repair","Capacitor","Steam","Self Repair+1","Loop+1","Ball Lightning","Leap","Aggregate","Seek","Consume+1","Skim","Conserve Battery+1","Rainbow+1"],"relics":["Cracked Core","Pear","Shuriken","The Courier","Question Card","Ectoplasm","Red Mask","Cables","Peace Pipe","Lantern","Vajra","Busted Crown","Ginger","Toxic Egg 2","Oddly Smooth Stone","Bronze Scales","Omamori"],"potions_floor_usage":[6,6,13,14,24,50,50],"damage_taken":[{"damage":0,"enemies":"Cultist","floor":1,"turns":3},{"damage":0,"enemies":"Jaw Worm","floor":2,"turns":4},{"damage":0,"enemies":"2 Louse","floor":4,"turns":3},{"damage":18,"enemies":"3 Sentries","floor":6,"turns":4},{"damage":28,"enemies":"Gremlin Nob","floor":8,"turns":4},{"damage":21,"enemies":"Lots of Slimes","floor":10,"turns":4},{"damage":4,"enemies":"Blue Slaver","floor":11,"turns":4},{"damage":12,"enemies":"2 Fungi Beasts","floor":13,"turns":2},{"damage":9,"enemies":"3 Sentries","floor":14,"turns":7},{"damage":29,"enemies":"Hexaghost","floor":16,"turns":10},{"damage":24,"enemies":"2 Thieves","floor":18,"turns":4},{"damage":1,"floor":19,"turns":3},{"damage":8,"enemies":"3 Byrds","floor":20,"turns":4},{"damage":7,"enemies":"Cultist and Chosen","floor":21,"turns":4},{"damage":0,"enemies":"3 Cultists","floor":22,"turns":5},{"damage":27,"enemies":"Slavers","floor":24,"turns":4},{"damage":3,"enemies":"Slaver and Parasite","floor":29,"turns":7},{"damage":31,"enemies":"Book of Stabbing","floor":30,"turns":6},{"damage":16,"enemies":"Collector","floor":33,"turns":7},{"damage":0,"enemies":"Flame Bruiser 1 Orb","floor":35,"turns":5},{"damage":0,"enemies":"3 Shapes","floor":36,"turns":3},{"damage":0,"enemies":"Maw","floor":37,"turns":6},{"damage":0,"floor":38,"turns":3},{"damage":22,"enemies":"Spire Growth","floor":39,"turns":5},{"damage":0,"enemies":"Giant Head","floor":40,"turns":9},{"damage":2,"enemies":"2 Orb Walkers","floor":42,"turns":4},{"damage":0,"enemies":"Transient","floor":44,"turns":5},{"damage":0,"enemies":"Maw","floor":45,"turns":6},{"damage":0,"enemies":"3 Darklings","floor":46,"turns":5},{"damage":0,"enemies":"Nemesis","floor":47,"turns":8},{"damage":0,"enemies":"4 Shapes","floor":48,"turns":4},{"damage":13,"enemies":"Donu and Deca","floor":50,"turns":8}],"seed_played":"-6009041457776760637","potions_obtained":[{"floor":2,"key":"EssenceOfSteel"},{"floor":3,"key":"Energy Potion"},{"floor":3,"key":"FairyPotion"},{"floor":8,"key":"Fire Potion"},{"floor":10,"key":"Weak Potion"},{"floor":13,"key":"Dexterity Potion"},{"floor":20,"key":"Energy Potion"},{"floor":24,"key":"Strength Potion"},{"floor":33,"key":"SpeedPotion"},{"floor":40,"key":"Weak Potion"}],"is_trial":false,"path_per_floor":["M","M","?","M","$","E","?","E","T","M","M","R","M","E","R","B",null,"M","?","M","M","M","R","E","R","T","?","$","M","E","?","R","B",null,"M","M","M","?","M","E","R","E","T","M","M","M","E","M","R","B"],"character_chosen":"DEFECT","items_purchased":["Lantern","Ball Lightning"],"campfire_rested":1,"item_purchase_floors":[28,28],"current_hp_per_floor":[75,75,75,75,75,67,67,39,39,18,14,14,2,8,33,4,85,68,67,66,66,73,73,73,73,73,73,73,85,85,85,85,85,85,85,85,85,85,80,85,85,83,83,85,85,85,85,85,85,85],"gold":5,"neow_bonus":"ONE_RANDOM_RARE_CARD","is_prod":false,"is_daily":false,"chose_seed":false,"campfire_upgraded":4,"win_rate":0,"timestamp":1532720180,"path_taken":["M","M","?","M","$","E","?","E","T","M","M","R","M","E","R","BOSS","M","?","?","M","M","R","E","R","T","?","$","M","E","?","R","BOSS","M","M","M","?","M","E","R","E","T","M","?","M","E","M","R","BOSS"],"build_version":"2018-07-26","purchased_purges":2,"victory":true,"max_hp_per_floor":[75,75,75,75,75,85,85,85,85,85,85,85,85,85,85,85,85,85,85,85,85,85,85,85,85,85,85,85,85,85,85,85,85,85,85,85,85,85,85,85,85,85,85,85,85,85,85,85,85,85],"card_choices":[{"not_picked":["Redo","Fusion"],"picked":"Compile Driver","floor":1},{"not_picked":["Melter","Turbo"],"picked":"Defragment","floor":2},{"not_picked":["Coolheaded","Reprogram"],"picked":"White Noise","floor":4},{"not_picked":["Steam","Redo"],"picked":"Sunder","floor":6},{"not_picked":["Recycle","Sunder"],"picked":"Ball Lightning","floor":8},{"not_picked":["Sunder","Steam"],"picked":"Conserve Battery","floor":10},{"not_picked":["Undo","Lockon"],"picked":"Cold Snap","floor":11},{"not_picked":["Sweeping Beam","Chaos"],"picked":"Chill","floor":13},{"not_picked":["Turbo","Fission"],"picked":"Electrodynamics","floor":14},{"not_picked":["Reboot","Biased Cognition","Fission"],"picked":"Machine Learning","floor":16},{"not_picked":["Hologram+1","Ball Lightning","Loop+1"],"picked":"Glacier","floor":18},{"not_picked":["Rip and Tear+1","Ball Lightning","Heatsinks"],"picked":"Self Repair","floor":19},{"not_picked":["Steam Power+1","Hologram","Sweeping Beam"],"picked":"Capacitor","floor":20},{"not_picked":["Gash+1","Darkness","Turbo"],"picked":"Steam","floor":21},{"not_picked":["Heatsinks","Rip and Tear","Chaos"],"picked":"Self Repair+1","floor":22},{"not_picked":["Gash+1","Amplify","Hologram"],"picked":"Loop+1","floor":24},{"not_picked":["Ball Lightning","Turbo","Cold Snap+1"],"picked":"Leap","floor":29},{"not_picked":["Machine Learning","Steam","Coolheaded"],"picked":"Aggregate","floor":30},{"not_picked":["Electrodynamics","Meteor Strike","Amplify"],"picked":"Seek","floor":33},{"not_picked":["Beam Cell"],"picked":"Consume+1","floor":35},{"not_picked":["Cold Snap+1","Gash+1"],"picked":"SKIP","floor":36},{"not_picked":["Turbo"],"picked":"Skim","floor":37},{"not_picked":["Coolheaded","Steam"],"picked":"SKIP","floor":39},{"not_picked":["Cold Snap+1","Scrape+1"],"picked":"SKIP","floor":40},{"not_picked":["Rebound","Thunder Strike"],"picked":"SKIP","floor":42},{"not_picked":["Leap+1"],"picked":"Conserve Battery+1","floor":44},{"not_picked":["Redo+1","Rebound"],"picked":"SKIP","floor":45},{"not_picked":["Compile Driver","Barrage"],"picked":"SKIP","floor":46},{"not_picked":["Hologram+1","Blizzard+1"],"picked":"SKIP","floor":47},{"not_picked":["Barrage"],"picked":"Rainbow+1","floor":48}],"player_experience":185333,"relics_obtained":[{"floor":6,"key":"Pear"},{"floor":8,"key":"Shuriken"},{"floor":9,"key":"The Courier"},{"floor":14,"key":"Question Card"},{"floor":19,"key":"Red Mask"},{"floor":24,"key":"Cables"},{"floor":26,"key":"Peace Pipe"},{"floor":30,"key":"Vajra"},{"floor":38,"key":"Ginger"},{"floor":40,"key":"Toxic Egg 2"},{"floor":42,"key":"Oddly Smooth Stone"},{"floor":43,"key":"Bronze Scales"},{"floor":47,"key":"Omamori"}],"event_choices":[{"event_name":"The Woman in Blue","player_choice":"Bought 2 Potions","floor":3,"damage_taken":0},{"event_name":"Purifier","player_choice":"One Purge","floor":7,"damage_taken":0},{"event_name":"Masked Bandits","player_choice":"Fought over 221 gold","floor":19,"damage_taken":0},{"event_name":"Back to Basics","player_choice":"Elegance","floor":27,"damage_taken":0},{"event_name":"Drug Dealer","player_choice":"Ignored","floor":31,"damage_taken":0},{"event_name":"Mysterious Sphere","player_choice":"Fight","floor":38,"damage_taken":0}],"is_beta":false,"boss_relics":[{"not_picked":["Sozu","Runic Pyramid"],"picked":"Ectoplasm"},{"not_picked":["Black Star","Philosopher\u0027s Stone"],"picked":"Busted Crown"}],"items_purged_floors":[5,28],"is_endless":false,"potions_floor_spawned":[2,8,10,11,13,20,24,33,35,39,40,44,46],"ascension_level":1}