{"gold_per_floor":[109,119,119,138,138,173,173,208,233,233,33,46,46,61,61,164,164,178,178,178,178,196,196,225,225,225,250,175,175,192,202,202,202],"floor_reached":33,"playtime":2216,"items_purged":[],"score":381,"play_id":"00a6671c-ed5e-421e-84cc-d4160bbb30d0","local_time":"20190408094548","is_ascension_mode":true,"campfire_choices":[{"data":"Neutralize","floor":7,"key":"SMITH"},{"floor":10,"key":"REST"},{"data":"Sucker Punch","floor":13,"key":"SMITH"},{"data":"Dodge and Roll","floor":15,"key":"SMITH"},{"data":"Envenom","floor":23,"key":"SMITH"},{"floor":25,"key":"REST"},{"floor":29,"key":"REST"},{"floor":32,"key":"REST"}],"neow_cost":"NONE","seed_source_timestamp":229015917487854,"circlet_count":0,"master_deck":["Defend_G+1","Defend_G+1","Defend_G+1","Defend_G+1","Strike_G+1","Strike_G+1","Strike_G+1","Strike_G+1","Strike_G+1","Survivor","Neutralize+1","Predator","Dodge and Roll+1","Unload","All Out Attack","Footwork","Sucker Punch+1","Flying Knee","Envenom+1","Backflip","Masterful Stab","Envenom","Riddle With Holes+1","Flying Knee"],"relics":["Ring of the Snake","NeowsBlessing","Anchor","Omamori","Smiling Mask","Membership Card","Calling Bell","Bronze Scales","Ornamental Fan","Turnip","MutagenicStrength","Mummified Hand","Sundial","Dodecahedron"],"potions_floor_usage":[6,8,16,24,27,33],"damage_taken":[{"damage":0,"enemies":"Small Slimes","floor":1,"turns":1},{"damage":0,"enemies":"Cultist","floor":2,"turns":1},{"damage":0,"enemies":"Jaw Worm","floor":4,"turns":1},{"damage":12,"enemies":"3 Sentries","floor":6,"turns":4},{"damage":18,"enemies":"Lagavulin","floor":8,"turns":7},{"damage":1,"enemies":"Looter","floor":12,"turns":2},{"damage":6,"enemies":"Blue Slaver","floor":14,"turns":3},{"damage":40,"enemies":"Slime Boss","floor":16,"turns":13},{"damage":12,"enemies":"Spheric Guardian","floor":18,"turns":5},{"damage":6,"enemies":"2 Thieves","floor":22,"turns":4},{"damage":35,"enemies":"Gremlin Leader","floor":24,"turns":9},{"damage":23,"enemies":"Slavers","floor":27,"turns":5},{"damage":8,"enemies":"Sentry and Sphere","floor":30,"turns":5},{"damage":7,"enemies":"Centurion and Healer","floor":31,"turns":4},{"damage":50,"enemies":"Collector","floor":33,"turns":8}],"seed_played":"-732568577391984885","potions_obtained":[{"floor":1,"key":"Block Potion"},{"floor":4,"key":"Fire Potion"},{"floor":12,"key":"SteroidPotion"},{"floor":16,"key":"Block Potion"},{"floor":24,"key":"LiquidBronze"},{"floor":30,"key":"LiquidBronze"}],"is_trial":false,"path_per_floor":["M","M","?","M","$","E","R","E","T","R","$","M","R","M","R","B",null,"M","?","?","?","M","R","E","R","T","E","?","R","M","M","R","B"],"character_chosen":"THE_SILENT","items_purchased":["Membership Card"],"campfire_rested":4,"item_purchase_floors":[11],"current_hp_per_floor":[63,63,63,63,63,51,51,33,33,54,54,53,53,47,47,7,54,42,42,42,65,59,59,24,45,45,22,22,43,35,28,49,0],"gold":202,"neow_bonus":"THREE_ENEMY_KILL","is_prod":false,"is_daily":false,"chose_seed":false,"campfire_upgraded":4,"win_rate":0,"timestamp":1554741948,"path_taken":["M","M","?","M","$","E","R","E","T","R","?","M","R","M","R","BOSS","M","?","?","?","M","R","E","R","T","E","?","R","?","M","R","BOSS"],"build_version":"2019-01-23","purchased_purges":0,"victory":false,"max_hp_per_floor":[70,70,70,70,70,70,70,70,70,70,70,70,70,70,70,70,70,70,70,70,70,70,70,70,70,70,70,70,70,70,70,70,70],"card_choices":[{"not_picked":["Skewer","Outmaneuver"],"picked":"Predator","floor":1},{"not_picked":["PiercingWail","Cloak And Dagger"],"picked":"Dodge and Roll","floor":2},{"not_picked":["Dagger Throw","Quick Slash"],"picked":"All Out Attack","floor":4},{"not_picked":["Bane","Finisher"],"picked":"Footwork","floor":6},{"not_picked":["Slice","Dagger Spray","Prepared"],"picked":"SKIP","floor":8},{"not_picked":["Prepared","Flechettes"],"picked":"Sucker Punch","floor":12},{"not_picked":["Predator","Poisoned Stab"],"picked":"Flying Knee","floor":14},{"not_picked":["Malaise","A Thousand Cuts"],"picked":"Envenom","floor":16},{"not_picked":["Outmaneuver+1","Deadly Poison"],"picked":"Backflip","floor":18},{"not_picked":["Bouncing Flask","Deadly Poison"],"picked":"Masterful Stab","floor":22},{"not_picked":["Flying Knee","Poisoned Stab"],"picked":"Envenom","floor":24},{"not_picked":["Calculated Gamble+1","Terror+1","Poisoned Stab"],"picked":"SKIP","floor":27},{"not_picked":["Cloak And Dagger","Deflect"],"picked":"Riddle With Holes+1","floor":30},{"not_picked":["Predator","Outmaneuver"],"picked":"Flying Knee","floor":31}],"player_experience":1614694,"relics_obtained":[{"floor":6,"key":"Anchor"},{"floor":8,"key":"Omamori"},{"floor":9,"key":"Smiling Mask"},{"floor":17,"key":"Bronze Scales"},{"floor":17,"key":"Ornamental Fan"},{"floor":17,"key":"Turnip"},{"floor":24,"key":"Mummified Hand"},{"floor":26,"key":"Sundial"},{"floor":27,"key":"Dodecahedron"}],"event_choices":[{"damage_healed":0,"gold_gain":0,"cards_transformed":["Defend_G"],"player_choice":"Transformed","damage_taken":0,"max_hp_gain":0,"max_hp_loss":0,"event_name":"Transmorgrifier","floor":3,"gold_loss":0,"cards_obtained":["Unload"]},{"damage_healed":0,"gold_gain":0,"player_choice":"Inject Mutagens","damage_taken":0,"relics_obtained":["MutagenicStrength"],"max_hp_gain":0,"max_hp_loss":0,"event_name":"Drug Dealer","floor":19,"gold_loss":0},{"damage_healed":0,"gold_gain":0,"player_choice":"Simplicity","damage_taken":0,"max_hp_gain":0,"max_hp_loss":0,"event_name":"Back to Basics","floor":20,"gold_loss":0,"cards_upgraded":["Defend_G","Defend_G","Defend_G","Defend_G","Strike_G","Strike_G","Strike_G","Strike_G","Strike_G"]},{"damage_healed":23,"gold_gain":0,"player_choice":"Heal","damage_taken":0,"max_hp_gain":0,"max_hp_loss":0,"event_name":"The Library","floor":21,"gold_loss":0},{"cards_removed":["Writhe"],"damage_healed":0,"gold_gain":0,"player_choice":"Gave Gold","damage_taken":0,"max_hp_gain":0,"max_hp_loss":0,"event_name":"Beggar","floor":28,"gold_loss":75}],"is_beta":false,"boss_relics":[{"not_picked":["Eternal Feather","White Beast Statue"],"picked":"Calling Bell"}],"items_purged_floors":[],"is_endless":false,"potions_floor_spawned":[1,4,12,16,24,30],"killed_by":"Collector","ascension_level":6}