{"path_per_floor":["M","M","$","?","?","R","?","E","T","R","E","?","R","T","R","B",null,"M","M","$","?","$","R","E","M","T","?","M","R","M","M","R","B",null,"M","?","M","$","?","M","M","R","T","R","M","M","?","M","R"],"character_chosen":"IRONCLAD","items_purchased":["Body Slam","Twin Strike","Dream Catcher","Shrug It Off","Torii"],"gold_per_floor":[118,134,31,31,31,31,31,67,93,93,128,164,164,164,164,283,283,303,288,66,66,15,15,46,64,88,138,158,158,172,193,193,317,317,338,396,419,4,4,24,38,38,38,38,54,70,0,23,23],"floor_reached":50,"campfire_rested":2,"playtime":16800,"current_hp_per_floor":[80,80,80,60,60,60,65,45,45,45,44,26,26,26,51,16,85,78,60,60,44,44,71,74,61,61,61,57,57,65,73,73,65,90,71,68,76,76,76,78,86,86,86,86,77,84,84,90,90],"items_purged":["Strike_R","Strike_R"],"gold":23,"score":471,"play_id":"035f2068-01c4-4db7-a60f-343c7b4f7c41","is_prod":false,"is_daily":false,"is_ascension_mode":false,"campfire_upgraded":8,"path_taken":["M","M","$","?","?","R","?","E","T","R","E","?","R","?","R","BOSS","M","M","$","?","$","R","E","M","T","?","?","R","M","M","R","BOSS","M","?","M","$","?","M","?","R","T","R","M","M","?","M","R","BOSS"],"build_version":"2018-02-08-PROD1","purchased_purges":2,"victory":false,"master_deck":["Strike_R","Strike_R","Defend_R","Defend_R","Defend_R","Defend_R","Bash","Barricade+1","Shockwave+1","Body Slam+1","Twin Strike","Battle Trance+1","Evolve+1","Heavy Blade+1","Metallicize+1","Shrug It Off","Shrug It Off","Flex+1","True Grit+1","Shrug It Off","Warcry+1","Shrug It Off"],"max_hp_per_floor":[80,80,80,80,80,80,85,85,85,85,85,85,85,85,85,85,85,85,85,85,90,90,90,90,90,90,90,90,90,90,90,90,90,90,90,90,90,90,90,90,90,90,90,90,90,90,90,90,90],"relics":["Burning Blood","Golden Idol","Blood Vial","Anchor","Sundial","Odd Mushroom","Prayer Wheel","Sozu","Dream Catcher","Frozen Egg 2","Happy Flower","Runic Dome","Ginger","Torii","Mercury Hourglass","Red Mask"],"card_choices":[{"not_picked":["Clash","Flex"],"picked":"Barricade"},{"not_picked":["Anger","Sword Boomerang"],"picked":"Shockwave"},{"not_picked":["Armaments","Havoc"],"picked":"Battle Trance"},{"not_picked":["Dual Wield","Juggernaut"],"picked":"Evolve"},{"not_picked":["Dropkick","Pummel"],"picked":"Heavy Blade"},{"not_picked":["Body Slam","Uppercut"],"picked":"Metallicize"},{"not_picked":["Clash","Thunderclap"],"picked":"Shrug It Off"},{"not_picked":["Thunderclap","Armaments"],"picked":"Flex"},{"not_picked":["Clothesline","Thunderclap"],"picked":"True Grit"},{"not_picked":["Iron Wave","Pommel Strike"],"picked":"Shrug It Off"},{"not_picked":["Rupture","Flex"],"picked":"Warcry"},{"not_picked":["Infernal Blade","True Grit"],"picked":"Shrug It Off"}],"player_experience":47848,"potions_floor_usage":[],"damage_taken":[{"damage":1.0,"enemies":"Jaw Worm","floor":1.0,"turns":4.0},{"damage":2.0,"enemies":"Small Slimes","floor":2.0,"turns":4.0},{"damage":26.0,"enemies":"Lagavulin","floor":8.0,"turns":5.0},{"damage":9.0,"enemies":"Gremlin Nob","floor":11.0,"turns":4.0},{"damage":26.0,"enemies":"The Mushroom Lair","floor":12.0,"turns":3.0},{"damage":43.0,"enemies":"The Guardian","floor":16.0,"turns":15.0},{"damage":13.0,"enemies":"Spheric Guardian","floor":18.0,"turns":5.0},{"damage":26.0,"enemies":"2 Thieves","floor":19.0,"turns":4.0},{"damage":5,"enemies":"Gremlin Leader","floor":24,"turns":10},{"damage":21,"enemies":"Snake Plant","floor":25,"turns":5},{"damage":12,"enemies":"Sentry and Sphere","floor":28,"turns":10},{"damage":0,"enemies":"Snecko","floor":30,"turns":6},{"damage":0,"enemies":"Chosen and Byrds","floor":31,"turns":6},{"damage":16,"enemies":"Collector","floor":33,"turns":20},{"damage":25,"enemies":"3 Darklings","floor":35,"turns":5},{"damage":11,"enemies":"Mysterious Sphere","floor":36,"turns":6},{"damage":0,"enemies":"3 Shapes","floor":37,"turns":5},{"damage":6,"enemies":"Maw","floor":40,"turns":7},{"damage":0,"enemies":"Sphere and 2 Shapes","floor":41,"turns":9},{"damage":17,"enemies":"3 Darklings","floor":45,"turns":6},{"damage":1,"enemies":"4 Shapes","floor":46,"turns":5},{"damage":0,"enemies":"Maw","floor":48,"turns":6},{"damage":95,"enemies":"Awakened One","floor":50,"turns":17}],"event_choices":[{"event_name":"Golden Idol","player_choice":"Take Damage","floor":4.0,"damage_taken":0.0},{"event_name":"The Cleric","player_choice":"Leave","floor":5.0,"damage_taken":0.0},{"event_name":"Big Fish","player_choice":"Donut","floor":7.0,"damage_taken":0.0},{"event_name":"Mushrooms","player_choice":"Fought Mushrooms","floor":12.0,"damage_taken":0.0},{"event_name":"Forgotten Altar","player_choice":"Shed Blood","floor":21,"damage_taken":0},{"event_name":"The Joust","player_choice":"Bet on Murderer","floor":27,"damage_taken":0},{"event_name":"Mysterious Sphere","player_choice":"Fight","floor":36,"damage_taken":0},{"event_name":"Wheel of Change","player_choice":"Card Removal","floor":39,"damage_taken":0},{"event_name":"Tomb of Lord Red Mask","player_choice":"Paid","floor":47,"damage_taken":0}],"boss_relics":[{"not_picked":["White Beast Statue","Tiny House"],"picked":"Runic Dome"}],"potions_floor_spawned":[1,16,25,28,33,40,41,48],"seed_played":"3991768000685777273","killed_by":"Awakened One","ascension_level":0,"is_trial":false}