{"gold_per_floor":[116,127,202,78,94,94,109,109,161,176,194,194,219,232,232,337,337,351,368,368,368,548,548,568,568,637,649,649,60,70,83,83,184,184,195,195,55,67,81,81,0,12,12,12,12,12,32,47,47,47],"floor_reached":50,"playtime":2612,"items_purged":["Decay","Normality","Writhe"],"score":495,"play_id":"f2067549-9581-4561-8f10-641a45c94e77","local_time":"20190415222616","is_ascension_mode":true,"campfire_choices":[{"data":"Zap","floor":6,"key":"SMITH"},{"data":"Dualcast","floor":8,"key":"SMITH"},{"data":"Self Repair","floor":12,"key":"SMITH"},{"data":"Redo","floor":15,"key":"SMITH"},{"data":"Rainbow","floor":23,"key":"SMITH"},{"floor":25,"key":"REST"},{"data":"Auto Shields","floor":28,"key":"SMITH"},{"data":"Defragment","floor":32,"key":"SMITH"},{"data":"All For One","floor":40,"key":"SMITH"},{"data":"Darkness","floor":44,"key":"SMITH"},{"data":"Glacier","floor":46,"key":"SMITH"},{"floor":49,"key":"REST"}],"neow_cost":"CURSE","seed_source_timestamp":19025758080352,"circlet_count":0,"master_deck":["Strike_B","Strike_B","Strike_B","Strike_B","Defend_B","Defend_B","Defend_B","Defend_B","Zap+1","Dualcast+1","All For One+1","Auto Shields+1","Conserve Battery","Coolheaded","Self Repair+1","Ball Lightning","Redo+1","Cold Snap","Beam Cell","Coolheaded","Rainbow+1","Beam Cell","Glacier+1","Jack Of All Trades","Conserve Battery","Rebound","Defragment+1","Beam Cell","Steam","Darkness+1","Ball Lightning","Echo Form","Conserve Battery","Purity","Jack Of All Trades","Jack Of All Trades","Undo+1","Cold Snap","Shame"],"relics":["Cracked Core","Pen Nib","Bag of Marbles","Cursed Key","Symbiotic Virus","The Courier","Toy Ornithopter","Mango","Busted Crown","Red Mask","Sundial"],"potions_floor_usage":[11,24,50,50,50],"damage_taken":[{"damage":2,"enemies":"Small Slimes","floor":1,"turns":4},{"damage":4,"enemies":"Jaw Worm","floor":2,"turns":3},{"damage":3,"enemies":"2 Louse","floor":5,"turns":2},{"damage":2,"enemies":"Red Slaver","floor":7,"turns":4},{"damage":10,"enemies":"Looter","floor":10,"turns":3},{"damage":5,"enemies":"Large Slime","floor":11,"turns":4},{"damage":9,"enemies":"Gremlin Nob","floor":13,"turns":3},{"damage":0,"enemies":"Blue Slaver","floor":14,"turns":3},{"damage":41,"enemies":"The Guardian","floor":16,"turns":12},{"damage":5,"enemies":"Spheric Guardian","floor":18,"turns":3},{"damage":3,"enemies":"Chosen","floor":19,"turns":4},{"damage":16,"enemies":"Snake Plant","floor":24,"turns":2},{"damage":14,"enemies":"Cultist and Chosen","floor":27,"turns":5},{"damage":7,"enemies":"Centurion and Healer","floor":30,"turns":6},{"damage":19,"enemies":"3 Cultists","floor":31,"turns":5},{"damage":20,"enemies":"Champ","floor":33,"turns":10},{"damage":10,"enemies":"Orb Walker","floor":35,"turns":2},{"damage":11,"enemies":"3 Shapes","floor":38,"turns":4},{"damage":13,"enemies":"Jaw Worm Horde","floor":39,"turns":6},{"damage":16,"enemies":"Sphere and 2 Shapes","floor":42,"turns":6},{"damage":6,"enemies":"Maw","floor":47,"turns":8},{"damage":11,"enemies":"3 Darklings","floor":48,"turns":10},{"damage":94,"enemies":"Awakened One","floor":50,"turns":8}],"seed_played":"-7457327014713747941","potions_obtained":[{"floor":2,"key":"LiquidBronze"},{"floor":7,"key":"SkillPotion"},{"floor":10,"key":"AttackPotion"},{"floor":16,"key":"Poison Potion"},{"floor":19,"key":"PowerPotion"},{"floor":24,"key":"LiquidBronze"}],"is_trial":false,"path_per_floor":["?","?","?","?","M","?","?","T","M"],"character_chosen":"DEFECT","items_purchased":["Coolheaded","Defragment","Beam Cell","Steam","Toy Ornithopter","Mango","PowerPotion"],"campfire_rested":2,"item_purchase_floors":[4,29,29,29,29,29,37],"current_hp_per_floor":[73,69,58,58,55,55,60,60,60,57,59,59,60,60,60,29,75,75,75,75,75,47,47,31,53,53,49,49,63,66,57,57,47,89,79,69,69,58,55,55,55,49,49,49,49,49,53,52,78,0],"gold":47,"neow_bonus":"THREE_RARE_CARDS","is_prod":false,"is_daily":false,"chose_seed":false,"campfire_upgraded":10,"win_rate":0,"timestamp":1555381576,"path_taken":["M","M","?","$","M","R","M","R","T","M","M","R","E","M","R","BOSS","M","M","?","?","?","R","M","R","T","?","R","$","M","M","R","BOSS","M","?","$","M","M","R","?","M","T","R","?","R","?","M","R","BOSS"],"build_version":"2019-01-23","purchased_purges":3,"victory":false,"max_hp_per_floor":[75,75,75,75,75,75,75,75,75,75,75,75,75,75,75,75,75,75,75,75,75,75,75,75,75,75,75,75,89,89,89,89,89,89,89,89,89,89,89,89,89,89,89,89,89,89,89,89,89,89],"card_choices":[{"not_picked":["Amplify","Fission"],"picked":"All For One","floor":0},{"not_picked":["Rip and Tear","Turbo"],"picked":"Auto Shields","floor":1},{"not_picked":["Steam Power","Ball Lightning"],"picked":"Conserve Battery","floor":2},{"not_picked":["Leap","Core Surge"],"picked":"Self Repair","floor":5},{"not_picked":["Streamline","Redo"],"picked":"Ball Lightning","floor":7},{"not_picked":["Rebound","Stack"],"picked":"Redo","floor":10},{"not_picked":["Gash","Redo"],"picked":"Cold Snap","floor":11},{"not_picked":["Heatsinks","Sunder"],"picked":"Beam Cell","floor":13},{"not_picked":["Ball Lightning","Stack"],"picked":"Coolheaded","floor":14},{"not_picked":["Hyperbeam","Biased Cognition"],"picked":"Rainbow","floor":16},{"not_picked":["Compile Driver+1","Undo+1"],"picked":"Beam Cell","floor":18},{"not_picked":["Barrage+1","Coolheaded"],"picked":"Glacier","floor":19},{"not_picked":["Doom and Gloom","Heatsinks+1"],"picked":"Conserve Battery","floor":24},{"not_picked":["Compile Driver","Steam"],"picked":"Rebound","floor":27},{"not_picked":["Auto Shields","Stack+1"],"picked":"Darkness","floor":30},{"not_picked":["Conserve Battery","Capacitor"],"picked":"Ball Lightning","floor":31},{"not_picked":["Rainbow","Thunder Strike"],"picked":"Echo Form","floor":33},{"not_picked":[],"picked":"Conserve Battery","floor":35},{"not_picked":[],"picked":"Purity","floor":36},{"not_picked":[],"picked":"Jack Of All Trades","floor":36},{"not_picked":[],"picked":"Jack Of All Trades","floor":36},{"not_picked":["Coolheaded"],"picked":"SKIP","floor":38},{"not_picked":[],"picked":"Undo+1","floor":39},{"not_picked":[],"picked":"Cold Snap","floor":42},{"not_picked":["Undo+1"],"picked":"SKIP","floor":47},{"not_picked":["Sweeping Beam+1"],"picked":"SKIP","floor":48}],"player_experience":165713,"relics_obtained":[{"floor":9,"key":"Pen Nib"},{"floor":13,"key":"Bag of Marbles"},{"floor":26,"key":"The Courier"},{"floor":43,"key":"Sundial"}],"event_choices":[{"damage_healed":0,"gold_gain":75,"player_choice":"Gather Gold","damage_taken":11,"max_hp_gain":0,"max_hp_loss":0,"event_name":"World of Goop","floor":3,"gold_loss":0},{"damage_healed":0,"gold_gain":0,"player_choice":"Ignored","damage_taken":0,"max_hp_gain":0,"max_hp_loss":0,"event_name":"Ghosts","floor":20,"gold_loss":0},{"damage_healed":0,"gold_gain":0,"player_choice":"Opened","damage_taken":0,"relics_obtained":["Symbiotic Virus"],"max_hp_gain":0,"max_hp_loss":0,"event_name":"The Mausoleum","floor":21,"gold_loss":0,"cards_obtained":["Writhe"]},{"damage_healed":0,"gold_gain":180,"player_choice":"GOLD GOLD CARD ","damage_taken":28,"max_hp_gain":0,"max_hp_loss":0,"event_name":"Knowing Skull","floor":22,"potions_obtained":[],"gold_loss":0,"cards_obtained":["Jack Of All Trades"]},{"damage_healed":0,"gold_gain":0,"player_choice":"Memory 3","damage_taken":10,"max_hp_gain":0,"max_hp_loss":0,"event_name":"SensoryStone","floor":36,"gold_loss":0},{"damage_healed":0,"gold_gain":0,"player_choice":"Paid","damage_taken":0,"relics_obtained":["Red Mask"],"max_hp_gain":0,"max_hp_loss":0,"event_name":"Tomb of Lord Red Mask","floor":41,"gold_loss":81}],"is_beta":false,"boss_relics":[{"not_picked":["Pandora\u0027s Box","Philosopher\u0027s Stone"],"picked":"Cursed Key"},{"not_picked":["Black Star","Calling Bell"],"picked":"Busted Crown"}],"items_purged_floors":[4,29,37],"is_endless":false,"potions_floor_spawned":[2,7,10,16,19,24,30,33,35,38],"killed_by":"Awakened One","ascension_level":1}