{"path_per_floor":["M","?","M","$","?","R","E","R","T","M","R","E","$","M","R","B",null,"M","$","M","M","?","R","M","E","T","M","R","E","M","E","R"],"character_chosen":"DEFECT","items_purchased":["Stack","Conserve Battery","Bronze Scales","Sweeping Beam"],"gold_per_floor":[109,59,74,48,48,48,74,74,124,135,135,168,53,71,71,167,167,185,18,34,50,50,50,69,100,177,189,189,216,227,258,258,258],"floor_reached":33,"campfire_rested":2,"playtime":1888,"item_purchase_floors":[4,13,19,19],"current_hp_per_floor":[67,67,67,67,60,60,47,47,47,41,41,41,41,41,41,38,66,65,65,67,56,56,56,58,41,41,19,41,27,27,11,37,0],"items_purged":["Defend_B"],"gold":258,"score":442,"play_id":"ebd99a53-a68e-4bc7-82b4-5ccd572149f2","local_time":"20180521145431","is_prod":false,"is_daily":false,"chose_seed":false,"is_ascension_mode":true,"campfire_upgraded":5,"timestamp":1526907271,"campfire_choices":[{"data":"Doom and Gloom","floor":6,"key":"SMITH"},{"data":"Dualcast","floor":8,"key":"SMITH"},{"data":"Hologram","floor":11,"key":"SMITH"},{"data":"Go for the Eyes","floor":15,"key":"SMITH"},{"data":"Machine Learning","floor":23,"key":"SMITH"},{"floor":28,"key":"REST"},{"floor":32,"key":"REST"}],"path_taken":["M","?","M","$","?","R","E","R","T","M","R","E","$","M","R","BOSS","M","$","M","M","?","R","M","E","T","M","R","E","?","E","R","BOSS"],"build_version":"2018-05-18","seed_source_timestamp":176329183708415,"purchased_purges":1,"victory":false,"master_deck":["Strike_B","Strike_B","Strike_B","Defend_B","Defend_B","Defend_B","Zap+1","Dualcast+1","Doom and Gloom+1","Stack","Stack","Reinforced Body","Hologram+1","Double Energy","Conserve Battery","Go for the Eyes+1","Machine Learning+1","Coolheaded+1","Sweeping Beam","Hologram+1","Steam+1","Ball Lightning+1","Beam Cell","Glacier","Turbo","Gash+1","Turbo"],"max_hp_per_floor":[75,75,75,75,75,75,75,75,75,75,75,75,75,75,75,75,75,75,75,75,75,75,75,75,75,75,75,75,89,89,89,89,89],"relics":["Cracked Core","Bird Faced Urn","Ginger","Lantern","Torii","Black Star","Bronze Scales","Dream Catcher","Pen Nib","Frozen Egg 2","Calipers","Mango","Toolbox","Bottled Tornado"],"card_choices":[{"not_picked":["Hologram","Scrape"],"picked":"Doom and Gloom","floor":1},{"not_picked":["Steam","Chaos"],"picked":"Stack","floor":3},{"not_picked":["Cold Snap","Turbo"],"picked":"Reinforced Body","floor":7},{"not_picked":["Barrage","Consume"],"picked":"Hologram","floor":10},{"not_picked":["Streamline","Steam"],"picked":"Double Energy","floor":12},{"not_picked":["Leap","Ball Lightning"],"picked":"Go for the Eyes","floor":14},{"not_picked":["Meteor Strike","Seek"],"picked":"Machine Learning","floor":16},{"not_picked":["Tempest","Undo+1"],"picked":"Coolheaded+1","floor":18},{"not_picked":["Skim","Barrage+1"],"picked":"Hologram+1","floor":20},{"not_picked":["Leap+1","Scrape"],"picked":"Steam+1","floor":21},{"not_picked":["Stack","Steam"],"picked":"Ball Lightning+1","floor":24},{"not_picked":["Sunder","Sweeping Beam"],"picked":"Beam Cell","floor":25},{"not_picked":["Lockon","Amplify"],"picked":"Glacier","floor":27},{"not_picked":["Streamline","Cold Snap"],"picked":"Turbo","floor":28},{"not_picked":["Streamline","Lockon"],"picked":"Gash+1","floor":29},{"not_picked":["Ball Lightning+1","Stack"],"picked":"Turbo","floor":30},{"not_picked":["Gash","Lockon+1","Go for the Eyes"],"picked":"SKIP","floor":31}],"player_experience":66633,"potions_floor_usage":[16,18,25,25,29,29,31,31],"damage_taken":[{"damage":1,"enemies":"2 Louse","floor":1,"turns":2},{"damage":0,"enemies":"Small Slimes","floor":3,"turns":1},{"damage":13,"enemies":"Gremlin Nob","floor":7,"turns":3},{"damage":6,"enemies":"Cultist","floor":10,"turns":3},{"damage":0,"enemies":"3 Sentries","floor":12,"turns":4},{"damage":0,"enemies":"2 Fungi Beasts","floor":14,"turns":2},{"damage":3,"enemies":"Hexaghost","floor":16,"turns":9},{"damage":1,"enemies":"2 Thieves","floor":18,"turns":3},{"damage":0,"enemies":"Chosen","floor":20,"turns":5},{"damage":11,"enemies":"Centurion and Healer","floor":21,"turns":6},{"damage":0,"enemies":"Snecko","floor":24,"turns":5},{"damage":19,"enemies":"Gremlin Leader","floor":25,"turns":7},{"damage":24,"enemies":"Slaver and Parasite","floor":27,"turns":6},{"damage":30,"enemies":"Slavers","floor":29,"turns":5},{"damage":2,"enemies":"Centurion and Healer","floor":30,"turns":7},{"damage":33,"enemies":"Gremlin Leader","floor":31,"turns":7},{"damage":45,"enemies":"Champ","floor":33,"turns":10}],"relics_obtained":[{"floor":7,"key":"Ginger"},{"floor":9,"key":"Lantern"},{"floor":12,"key":"Torii"},{"floor":25,"key":"Dream Catcher"},{"floor":25,"key":"Pen Nib"},{"floor":26,"key":"Frozen Egg 2"},{"floor":29,"key":"Calipers"},{"floor":29,"key":"Mango"},{"floor":31,"key":"Toolbox"},{"floor":31,"key":"Bottled Tornado"}],"event_choices":[{"event_name":"The Cleric","player_choice":"Card Removal","floor":2,"damage_taken":0},{"event_name":"Scrap Ooze","player_choice":"success","floor":5,"damage_taken":7},{"event_name":"Cursed Tome","player_choice":"Ignored","floor":22,"damage_taken":0}],"boss_relics":[{"not_picked":["Orrery","Lizard Tail"],"picked":"Black Star"}],"items_purged_floors":[13],"potions_floor_spawned":[10,14,16,18,20,25,29,30],"seed_played":"-7620167946212872860","killed_by":"Champ","ascension_level":6,"potions_obtained":[{"floor":10,"key":"Block Potion"},{"floor":14,"key":"Fire Potion"},{"floor":16,"key":"EssenceOfSteel"},{"floor":18,"key":"Poison Potion"},{"floor":20,"key":"Dexterity Potion"},{"floor":25,"key":"Explosive Potion"},{"floor":29,"key":"Regen Potion"},{"floor":30,"key":"Strength Potion"}],"is_trial":false}