{"gold_per_floor":[118,293,293,293,293,293,317,335,335,335,410,443,443,459,459,459],"floor_reached":16,"playtime":592,"items_purged":[],"score":108,"play_id":"074e879b-4fd6-4442-b399-0532a08883a2","local_time":"20190319212030","is_ascension_mode":true,"campfire_choices":[{"data":"Neutralize","floor":6,"key":"SMITH"},{"data":"Dash","floor":10,"key":"SMITH"},{"data":"Blade Dance","floor":13,"key":"SMITH"},{"data":"Deflect","floor":15,"key":"SMITH"}],"neow_cost":"NONE","seed_source_timestamp":531518572764511,"circlet_count":0,"master_deck":["Defend_G","Defend_G","Defend_G","Defend_G","Defend_G","Strike_G","Strike_G","Strike_G","Strike_G","Strike_G+1","Survivor","Neutralize+1","Dodge and Roll","Blur+1","Dash+1","PiercingWail","Blade Dance+1","Deflect+1"],"relics":["Ring of the Snake","Golden Idol","Dodecahedron"],"potions_floor_usage":[12,14,16],"damage_taken":[{"damage":4,"enemies":"Jaw Worm","floor":1,"turns":6},{"damage":0,"enemies":"Small Slimes","floor":7,"turns":4},{"damage":0,"enemies":"2 Louse","floor":8,"turns":3},{"damage":9,"enemies":"Gremlin Nob","floor":12,"turns":6},{"damage":0,"enemies":"Lots of Slimes","floor":14,"turns":6},{"damage":6,"enemies":"Slime Boss","floor":16,"turns":6}],"seed_played":"-1974667115353842199","potions_obtained":[{"floor":7,"key":"FearPotion"},{"floor":12,"key":"Poison Potion"},{"floor":14,"key":"Fire Potion"}],"is_trial":false,"path_per_floor":["M","?","?","?","?","R","M","M","T","R","?","E","R","M","R","B"],"character_chosen":"THE_SILENT","items_purchased":[],"campfire_rested":0,"item_purchase_floors":[],"current_hp_per_floor":[66,66,52,45,45,45,45,45,45,45,39,30,30,30,30,24],"gold":459,"neow_bonus":"THREE_CARDS","is_prod":false,"is_daily":false,"chose_seed":false,"campfire_upgraded":4,"win_rate":0,"timestamp":1553048430,"path_taken":["M","?","?","?","?","R","M","?","T","R","?","E","R","?","R","BOSS"],"build_version":"2019-01-23","purchased_purges":0,"victory":false,"max_hp_per_floor":[70,70,70,70,65,65,65,65,65,65,65,65,65,65,65,65],"card_choices":[{"not_picked":["Deadly Poison","Concentrate"],"picked":"Dodge and Roll","floor":0},{"not_picked":["Cloak And Dagger","Backflip"],"picked":"Blur","floor":1},{"not_picked":["Concentrate","Underhanded Strike"],"picked":"Dash","floor":7},{"not_picked":["Eviscerate","Blade Dance"],"picked":"PiercingWail","floor":8},{"not_picked":["Night Terror","Setup"],"picked":"Blade Dance","floor":12},{"not_picked":["Blade Dance","Skewer"],"picked":"Deflect","floor":14}],"player_experience":80483,"relics_obtained":[{"floor":12,"key":"Dodecahedron"}],"event_choices":[{"damage_healed":0,"gold_gain":175,"player_choice":"AGREE","damage_taken":0,"max_hp_gain":0,"max_hp_loss":0,"event_name":"Liars Game","floor":2,"gold_loss":0,"cards_obtained":["Doubt"]},{"damage_healed":0,"gold_gain":0,"player_choice":"Entered Light","damage_taken":14,"max_hp_gain":0,"max_hp_loss":0,"event_name":"Shining Light","floor":3,"gold_loss":0,"cards_upgraded":["Strike_G","Blur"]},{"cards_removed":["Doubt"],"damage_healed":0,"gold_gain":0,"player_choice":"Card Removal","damage_taken":7,"max_hp_gain":0,"max_hp_loss":0,"event_name":"Golden Wing","floor":4,"gold_loss":0},{"damage_healed":0,"gold_gain":0,"player_choice":"Lose Max HP","damage_taken":0,"relics_obtained":["Golden Idol"],"max_hp_gain":0,"max_hp_loss":5,"event_name":"Golden Idol","floor":5,"gold_loss":0},{"damage_healed":0,"gold_gain":75,"player_choice":"Touch","damage_taken":6,"max_hp_gain":0,"max_hp_loss":0,"event_name":"FaceTrader","floor":11,"gold_loss":0}],"is_beta":false,"boss_relics":[],"items_purged_floors":[],"is_endless":false,"potions_floor_spawned":[7,12,14],"killed_by":"Slime Boss","ascension_level":2}