{"gold_per_floor":[110,127,140,152,203,203,238,250,329,329],"floor_reached":10,"playtime":546,"items_purged":[],"score":91,"play_id":"6f251b3d-3d0e-457f-bac9-5401c7c8aaac","local_time":"20180728190331","is_ascension_mode":true,"campfire_choices":[{"data":"Neutralize","floor":6,"key":"SMITH"}],"neow_cost":"NONE","seed_source_timestamp":350319941744533,"circlet_count":0,"master_deck":["Defend_G","Defend_G","Defend_G","Defend_G","Defend_G","Strike_G","Strike_G","Strike_G","Strike_G","Strike_G","Survivor","Neutralize+1","Backstab","PiercingWail","Dagger Spray","Wraith Form v2"],"relics":["Ring of the Snake","Blood Vial","Happy Flower","Paper Crane"],"potions_floor_usage":[7,10],"damage_taken":[{"damage":0,"enemies":"Cultist","floor":1,"turns":3},{"damage":0,"enemies":"2 Louse","floor":2,"turns":2},{"damage":0,"enemies":"Small Slimes","floor":3,"turns":3},{"damage":4,"enemies":"Looter","floor":4,"turns":4},{"damage":51,"enemies":"Lagavulin","floor":7,"turns":10},{"damage":0,"enemies":"3 Louse","floor":8,"turns":2},{"damage":31,"enemies":"Gremlin Nob","floor":10,"turns":5}],"seed_played":"-3054394682428041302","potions_obtained":[{"floor":3,"key":"Energy Potion"},{"floor":4,"key":"Block Potion"}],"is_trial":false,"path_per_floor":["M","M","M","M","T","R","E","M","T"],"character_chosen":"THE_SILENT","items_purchased":[],"campfire_rested":0,"item_purchase_floors":[],"current_hp_per_floor":[63,63,63,59,59,59,10,12,12,0],"gold":329,"neow_bonus":"THREE_CARDS","is_prod":false,"is_daily":false,"chose_seed":false,"campfire_upgraded":1,"win_rate":0,"timestamp":1532768611,"path_taken":["M","M","M","M","?","R","E","M","T","E"],"build_version":"2018-07-26","purchased_purges":0,"victory":false,"max_hp_per_floor":[70,70,70,70,70,70,70,70,70,70],"card_choices":[{"not_picked":["Quick Slash","Dagger Throw"],"picked":"Backstab","floor":0},{"not_picked":["Acrobatics","Bouncing Flask"],"picked":"PiercingWail","floor":1},{"not_picked":["Deadly Poison","Underhanded Strike","PiercingWail"],"picked":"SKIP","floor":2},{"not_picked":["Blade Dance","Expertise","Underhanded Strike"],"picked":"SKIP","floor":3},{"not_picked":["Acrobatics","Deflect"],"picked":"Dagger Spray","floor":4},{"not_picked":["Acrobatics","Bullet Time"],"picked":"Wraith Form v2","floor":7},{"not_picked":["Dodge and Roll","Sucker Punch","Tactician"],"picked":"SKIP","floor":8}],"player_experience":202684,"relics_obtained":[{"floor":5,"key":"Blood Vial"},{"floor":7,"key":"Happy Flower"},{"floor":9,"key":"Paper Crane"}],"event_choices":[],"is_beta":false,"boss_relics":[],"items_purged_floors":[],"is_endless":false,"potions_floor_spawned":[3,4],"killed_by":"Gremlin Nob","ascension_level":6}