{"gold_per_floor":[109,72,85,85,97,130,145,172,172,184,184,184,184,211,211,311,311,326,326,31,51,67,98,98,133,133,133,143,5,15,47,47,151,151,167,183,9,9,0,34,34,34,34,54,117,134,467,482,482,482],"floor_reached":51,"playtime":6162,"items_purged":["Strike_G","Strike_G"],"score":1218,"play_id":"9dd722a4-ebd1-4d93-84f8-a65bdd7c3432","local_time":"20180729032608","is_ascension_mode":true,"campfire_choices":[{"data":"Leg Sweep","floor":12,"key":"SMITH"},{"data":"Footwork","floor":15,"key":"SMITH"},{"floor":24,"key":"REST"},{"floor":32,"key":"REST"},{"floor":41,"key":"REST"},{"floor":49,"key":"REST"}],"neow_cost":"NONE","seed_source_timestamp":374826461508326,"circlet_count":0,"master_deck":["Defend_G","Defend_G","Defend_G","Defend_G","Defend_G","Strike_G","Strike_G","Strike_G","Survivor","Neutralize+1","Backstab","Backstab","Footwork+1","Leg Sweep+1","Skewer+1","Infinite Blades","Accuracy","Die Die Die","Poisoned Stab","Dash","Noxious Fumes+1","Escape Plan","Catalyst","Backflip+1","Escape Plan","Flying Knee+1","Footwork+1","A Thousand Cuts+1","Dagger Spray+1","After Image+1","PiercingWail+1","Footwork+1","Noxious Fumes+1","Noxious Fumes+1","Leg Sweep+1","Madness+1","Madness+1","Blur+1","Backflip+1","Backflip+1"],"relics":["Ring of the Serpent","The Courier","Sundial","Blue Candle","Art of War","Mummified Hand","Frozen Egg 2","Dream Catcher","Bag of Marbles","Molten Egg 2","Bottled Tornado","HoveringKite","Nunchaku","Red Mask","Toxic Egg 2","Paper Crane","Tiny Chest","Old Coin"],"potions_floor_usage":[14,14,18,23,23,25,31,33,33,40,50,50],"damage_taken":[{"damage":4,"enemies":"Jaw Worm","floor":1,"turns":7},{"damage":0,"enemies":"Small Slimes","floor":3,"turns":2},{"damage":0,"enemies":"2 Louse","floor":5,"turns":2},{"damage":1,"enemies":"3 Sentries","floor":6,"turns":12},{"damage":1,"enemies":"Looter","floor":7,"turns":3},{"damage":5,"enemies":"Lagavulin","floor":8,"turns":10},{"damage":0,"enemies":"Blue Slaver","floor":10,"turns":4},{"damage":0,"enemies":"Gremlin Nob","floor":14,"turns":3},{"damage":4,"enemies":"The Guardian","floor":16,"turns":14},{"damage":9,"enemies":"2 Thieves","floor":18,"turns":4},{"damage":17,"enemies":"Spheric Guardian","floor":21,"turns":5},{"damage":0,"enemies":"Snecko","floor":22,"turns":4},{"damage":14,"enemies":"Slavers","floor":23,"turns":5},{"damage":13,"enemies":"Book of Stabbing","floor":25,"turns":7},{"damage":0,"enemies":"Centurion and Healer","floor":28,"turns":4},{"damage":13,"enemies":"Sentry and Sphere","floor":30,"turns":5},{"damage":10,"enemies":"Slavers","floor":31,"turns":5},{"damage":0,"enemies":"Collector","floor":33,"turns":8},{"damage":6,"enemies":"Orb Walker","floor":35,"turns":5},{"damage":0,"enemies":"Flame Bruiser 1 Orb","floor":36,"turns":4},{"damage":0,"floor":38,"turns":6},{"damage":7,"enemies":"2 Orb Walkers","floor":40,"turns":5},{"damage":0,"enemies":"Maw","floor":44,"turns":7},{"damage":9,"enemies":"Nemesis","floor":45,"turns":7},{"damage":5,"enemies":"Spire Growth","floor":46,"turns":6},{"damage":0,"enemies":"Giant Head","floor":47,"turns":9},{"damage":4,"enemies":"3 Darklings","floor":48,"turns":5},{"damage":20,"enemies":"Awakened One","floor":50,"turns":24}],"seed_played":"374393918946996429","potions_obtained":[{"floor":1,"key":"PowerPotion"},{"floor":6,"key":"GamblersBrew"},{"floor":10,"key":"Explosive Potion"},{"floor":16,"key":"GamblersBrew"},{"floor":21,"key":"SteroidPotion"},{"floor":22,"key":"AttackPotion"},{"floor":23,"key":"Strength Potion"},{"floor":25,"key":"LiquidBronze"},{"floor":35,"key":"GhostInAJar"},{"floor":36,"key":"Fire Potion"},{"floor":38,"key":"Strength Potion"},{"floor":45,"key":"Energy Potion"},{"floor":48,"key":"Weak Potion"}],"is_trial":false,"path_per_floor":["M","$","M","?","M","E","M","E","T","M","?","R","T","E","R","B",null,"M","?","$","M","M","E","R","E","T","?","M","$","M","E","R","B",null,"M","M","$","?","?","E","R","?","T","M","E","M","E","M","R","B"],"character_chosen":"THE_SILENT","items_purchased":["Backstab","Frozen Egg 2","Noxious Fumes+1","GhostInAJar","Footwork+1","Noxious Fumes+1","Noxious Fumes+1"],"campfire_rested":4,"item_purchase_floors":[2,20,20,29,37,37,37],"current_hp_per_floor":[59,59,59,64,64,63,62,57,57,57,57,57,57,57,57,53,70,61,61,61,44,44,30,52,39,39,25,25,25,12,2,26,26,67,61,61,61,61,61,54,78,68,68,68,59,54,54,50,74,54],"gold":482,"neow_bonus":"UPGRADE_CARD","is_prod":false,"is_daily":false,"chose_seed":false,"campfire_upgraded":2,"win_rate":0,"timestamp":1532798768,"path_taken":["M","$","M","?","M","E","M","E","T","M","?","R","?","E","R","BOSS","M","?","$","M","M","E","R","E","T","?","M","$","M","E","R","BOSS","M","M","$","?","?","E","R","?","T","?","E","?","E","M","R","BOSS"],"build_version":"2018-07-26","purchased_purges":2,"victory":true,"max_hp_per_floor":[70,70,70,75,75,75,75,75,75,75,75,75,75,75,75,75,75,75,75,75,75,75,75,75,75,75,80,80,80,80,80,80,80,80,80,80,80,80,80,80,80,80,80,80,80,80,80,80,80,80],"card_choices":[{"not_picked":["Dagger Spray","Masterful Stab"],"picked":"Backstab","floor":1},{"not_picked":["Eviscerate","Escape Plan"],"picked":"Footwork","floor":3},{"not_picked":["Deadly Poison","Cloak And Dagger"],"picked":"Leg Sweep","floor":5},{"not_picked":["Acrobatics","Deflect"],"picked":"Skewer","floor":6},{"not_picked":["PiercingWail","Predator"],"picked":"Infinite Blades","floor":7},{"not_picked":["Acrobatics","Bouncing Flask"],"picked":"Accuracy","floor":8},{"not_picked":["Acrobatics","Underhanded Strike","Outmaneuver"],"picked":"SKIP","floor":10},{"not_picked":["Deflect","Sucker Punch"],"picked":"Die Die Die","floor":14},{"not_picked":["Expertise+1","Tactician"],"picked":"Poisoned Stab","floor":18},{"not_picked":["Outmaneuver+1","Sucker Punch+1"],"picked":"Escape Plan","floor":21},{"not_picked":["Sucker Punch","Accuracy+1"],"picked":"Catalyst","floor":22},{"not_picked":["Choke","Prepared"],"picked":"Backflip+1","floor":23},{"not_picked":["Backflip","Catalyst"],"picked":"Escape Plan","floor":25},{"not_picked":["Prepared+1","Slice+1"],"picked":"Flying Knee+1","floor":28},{"not_picked":["Dodge and Roll","Malaise"],"picked":"Footwork+1","floor":30},{"not_picked":["Outmaneuver","Terror"],"picked":"A Thousand Cuts+1","floor":31},{"not_picked":["Deadly Poison","Flechettes+1"],"picked":"Dagger Spray+1","floor":32},{"not_picked":["Wraith Form v2+1","Envenom+1"],"picked":"After Image+1","floor":33},{"not_picked":["Dagger Throw+1","Distraction+1","Deadly Poison+1"],"picked":"SKIP","floor":35},{"not_picked":["Outmaneuver+1","Dagger Spray+1"],"picked":"PiercingWail+1","floor":36},{"not_picked":["Deflect","Flechettes+1"],"picked":"Leg Sweep+1","floor":40},{"not_picked":["Distraction+1","Flechettes+1","Dash+1"],"picked":"SKIP","floor":44},{"not_picked":["Masterful Stab+1","Bane+1"],"picked":"Blur+1","floor":45},{"not_picked":["All Out Attack+1","Choke+1","Tactician+1"],"picked":"SKIP","floor":46},{"not_picked":["Sucker Punch+1","Deadly Poison+1"],"picked":"Backflip+1","floor":47},{"not_picked":["Grand Finale+1","Backstab+1","PiercingWail+1"],"picked":"SKIP","floor":48},{"not_picked":["Underhanded Strike+1","Masterful Stab+1"],"picked":"Backflip+1","floor":49}],"player_experience":221403,"relics_obtained":[{"floor":6,"key":"The Courier"},{"floor":8,"key":"Sundial"},{"floor":9,"key":"Blue Candle"},{"floor":13,"key":"Art of War"},{"floor":14,"key":"Mummified Hand"},{"floor":23,"key":"Dream Catcher"},{"floor":25,"key":"Bag of Marbles"},{"floor":26,"key":"Molten Egg 2"},{"floor":31,"key":"Bottled Tornado"},{"floor":38,"key":"Nunchaku"},{"floor":40,"key":"Toxic Egg 2"},{"floor":43,"key":"Paper Crane"},{"floor":45,"key":"Tiny Chest"},{"floor":47,"key":"Old Coin"}],"event_choices":[{"event_name":"Big Fish","player_choice":"Donut","floor":4,"damage_taken":0},{"event_name":"Living Wall","player_choice":"Grow","floor":11,"damage_taken":0},{"event_name":"The Library","player_choice":"Read","floor":19,"damage_taken":0},{"event_name":"Forgotten Altar","player_choice":"Shed Blood","floor":27,"damage_taken":0},{"event_name":"MindBloom","player_choice":"Fight","floor":38,"damage_taken":0},{"event_name":"Tomb of Lord Red Mask","player_choice":"Paid","floor":39,"damage_taken":0},{"event_name":"Winding Halls","player_choice":"Embrace Madness","floor":42,"damage_taken":0}],"is_beta":false,"boss_relics":[{"not_picked":["Tiny House","Empty Cage"],"picked":"Ring of the Serpent"},{"not_picked":["Philosopher\u0027s Stone","Lizard Tail"],"picked":"HoveringKite"}],"items_purged_floors":[20,29],"is_endless":false,"potions_floor_spawned":[1,6,10,16,21,22,23,25,35,36,38,45,48],"ascension_level":7}