{"path_per_floor":["M","M","?","M","?","R","M","?","T","R","E","$","M","M","R","B",null,"M","T","$","M","$","R","M","M","T","$","M","?","$","M","R"],"character_chosen":"IRONCLAD","items_purchased":["Apotheosis","Inflame"],"gold_per_floor":[117,127,202,221,221,221,239,239,292,292,319,61,74,94,94,197,197,209,209,41,52,52,52,71,87,87,87,102,102,102,118,118],"floor_reached":33,"campfire_rested":1,"playtime":1443,"current_hp_per_floor":[75,78,67,73,66,66,66,63,63,63,58,58,62,68,68,52,80,80,80,80,80,80,80,69,67,67,67,64,56,56,41,56],"items_purged":["Strike_R","Strike_R"],"gold":118,"score":325,"play_id":"0ad7d2f4-bf74-46d7-846f-415cddb09430","is_prod":false,"is_daily":false,"is_ascension_mode":true,"campfire_upgraded":4,"path_taken":["M","M","?","M","?","R","?","?","T","R","E","$","M","M","R","BOSS","M","?","$","M","?","R","M","M","T","$","?","?","?","M","R","BOSS"],"build_version":"2018-02-12-PROD1","purchased_purges":2,"victory":false,"master_deck":["Defend_R","Defend_R","Defend_R","Defend_R","Bash","Iron Wave","Battle Trance+1","Body Slam+1","Evolve+1","Apotheosis+1","Pommel Strike","Limit Break","True Grit","Inflame","Heavy Blade","Bite","Bite","Bite","Bite","Bite"],"max_hp_per_floor":[80,80,80,80,80,80,80,80,80,80,80,80,80,80,80,80,80,80,80,80,80,80,80,80,80,80,80,80,56,56,56,56],"relics":["Burning Blood","Matryoshka","Tiny Chest","Anchor","Bag of Preparation","Sozu","Letter Opener","Bird Faced Urn","Bronze Scales"],"card_choices":[{"not_picked":["Metallicize","Intimidate"],"picked":"Iron Wave"},{"not_picked":["Wild Strike","Searing Blow"],"picked":"Battle Trance"},{"not_picked":["Blood for Blood","Fire Breathing"],"picked":"Body Slam"},{"not_picked":["Dropkick","Clothesline"],"picked":"Evolve"},{"not_picked":["Body Slam","Burning Pact"],"picked":"Pommel Strike"},{"not_picked":["Bludgeon","Fiend Fire"],"picked":"Limit Break"},{"not_picked":["Seeing Red","Rage"],"picked":"True Grit"},{"not_picked":["Bloodletting","Inflame"],"picked":"Heavy Blade"}],"player_experience":120783,"potions_floor_usage":[7,7,16],"damage_taken":[{"damage":11,"enemies":"2 Louse","floor":1,"turns":3},{"damage":3,"enemies":"Jaw Worm","floor":2,"turns":5},{"damage":0,"enemies":"Small Slimes","floor":4,"turns":3},{"damage":6,"enemies":"Gremlin Gang","floor":7,"turns":6},{"damage":11,"enemies":"3 Sentries","floor":11,"turns":8},{"damage":2,"enemies":"Red Slaver","floor":13,"turns":5},{"damage":0,"enemies":"Looter","floor":14,"turns":3},{"damage":22,"enemies":"The Guardian","floor":16,"turns":11},{"damage":3,"enemies":"Spheric Guardian","floor":18,"turns":4},{"damage":0,"enemies":"Chosen","floor":21,"turns":3},{"damage":17,"enemies":"Centurion and Healer","floor":24,"turns":4},{"damage":12,"enemies":"Cultist and Chosen","floor":25,"turns":5},{"damage":13,"enemies":"Snake Plant","floor":28,"turns":3},{"damage":30,"enemies":"Snecko","floor":31,"turns":5},{"damage":92,"enemies":"Champ","floor":33,"turns":7}],"event_choices":[{"event_name":"World of Goop","player_choice":"Gather Gold","floor":3,"damage_taken":0},{"event_name":"Golden Wing","player_choice":"Card Removal","floor":5,"damage_taken":0},{"event_name":"Scrap Ooze","player_choice":"success","floor":8,"damage_taken":3},{"event_name":"Vampires","player_choice":"Became a vampire","floor":29,"damage_taken":0}],"boss_relics":[{"not_picked":["Runic Pyramid","Lizard Tail"],"picked":"Sozu"}],"potions_floor_spawned":[1,7,13,16,24,28],"seed_played":"-7595407641955889722","killed_by":"Champ","ascension_level":4,"is_trial":false}