{"gold_per_floor":[119,138,213,232,243,268,268,286,313,313,330,330,350,362,362,362],"floor_reached":16,"playtime":778,"items_purged":[],"score":170,"play_id":"d224c5ce-1aff-46f0-9a61-2e55afb35dc1","local_time":"20190420201026","is_ascension_mode":true,"campfire_choices":[{"data":"Bash","floor":7,"key":"SMITH"},{"floor":12,"key":"DIG"},{"floor":15,"key":"REST"}],"neow_cost":"TEN_PERCENT_HP_LOSS","seed_source_timestamp":688630598783500,"circlet_count":0,"master_deck":["AscendersBane","Strike_R","Strike_R","Strike_R","Strike_R","Defend_R","Defend_R","Defend_R","Defend_R","Bash+1","Sword Boomerang","Shrug It Off","Carnage","Clothesline","Flame Barrier","Pummel","Metallicize"],"relics":["Burning Blood","Shovel","Pen Nib","Happy Flower","Strawberry"],"potions_floor_usage":[5,6,16,16],"damage_taken":[{"damage":18,"enemies":"Jaw Worm","floor":1,"turns":5},{"damage":1,"enemies":"Cultist","floor":2,"turns":3},{"damage":2,"enemies":"2 Louse","floor":4,"turns":2},{"damage":5,"enemies":"Red Slaver","floor":5,"turns":6},{"damage":38,"enemies":"Gremlin Nob","floor":6,"turns":5},{"damage":11,"enemies":"Looter","floor":8,"turns":3},{"damage":0,"enemies":"2 Fungi Beasts","floor":11,"turns":4},{"damage":15,"enemies":"Exordium Wildlife","floor":13,"turns":6},{"damage":18,"enemies":"Lots of Slimes","floor":14,"turns":5},{"damage":38,"enemies":"Slime Boss","floor":16,"turns":11}],"seed_played":"-7016276673413318788","potions_obtained":[{"floor":2,"key":"Block Potion"},{"floor":4,"key":"Strength Potion"},{"floor":13,"key":"Weak Potion"},{"floor":14,"key":"Block Potion"}],"is_trial":false,"path_per_floor":["M","M","?","M","M","E","R","M","T","?","M","R","M","M","R","B"],"character_chosen":"IRONCLAD","items_purchased":[],"campfire_rested":1,"item_purchase_floors":[],"current_hp_per_floor":[60,65,54,58,59,27,27,22,22,22,28,35,26,14,37,0],"gold":362,"neow_bonus":"ONE_RARE_RELIC","is_prod":false,"is_daily":false,"chose_seed":false,"campfire_upgraded":1,"win_rate":0,"timestamp":1555783826,"path_taken":["M","M","?","M","M","E","R","M","T","?","?","R","M","?","R","BOSS"],"build_version":"2019-01-23","purchased_purges":0,"victory":false,"max_hp_per_floor":[72,72,72,72,72,72,72,72,72,72,72,79,79,79,79,79],"card_choices":[{"not_picked":["Intimidate","Rampage"],"picked":"Sword Boomerang","floor":1},{"not_picked":["True Grit","Metallicize"],"picked":"Shrug It Off","floor":2},{"not_picked":["Clash","Armaments"],"picked":"Carnage","floor":4},{"not_picked":["Cleave","Brutality"],"picked":"Clothesline","floor":5},{"not_picked":["Burning Pact","Evolve","Armaments"],"picked":"SKIP","floor":6},{"not_picked":["Armaments","Clash"],"picked":"Flame Barrier","floor":8},{"not_picked":["Flex","Seeing Red"],"picked":"Pummel","floor":11},{"not_picked":["Clothesline","Armaments"],"picked":"Metallicize","floor":13},{"not_picked":["Evolve","Combust","Dropkick"],"picked":"SKIP","floor":14}],"player_experience":227181,"relics_obtained":[{"floor":6,"key":"Pen Nib"},{"floor":9,"key":"Happy Flower"},{"floor":12,"key":"Strawberry"}],"event_choices":[{"damage_healed":0,"gold_gain":75,"player_choice":"Gather Gold","damage_taken":11,"max_hp_gain":0,"max_hp_loss":0,"event_name":"World of Goop","floor":3,"gold_loss":0},{"cards_removed":["Strike_R"],"damage_healed":0,"gold_gain":0,"player_choice":"Offered Basic","damage_taken":0,"max_hp_gain":0,"max_hp_loss":0,"event_name":"Bonfire Elementals","floor":10,"gold_loss":0}],"is_beta":false,"boss_relics":[],"items_purged_floors":[],"is_endless":false,"potions_floor_spawned":[2,4,13,14],"killed_by":"Slime Boss","ascension_level":12}