{"gold_per_floor":[118,134,134,134,4,4,4,38,38,38,38,58,58,90,90,162,162,132,132,132,132,132,132,132,132,132,132,132,132,132,132,132,132,132,132,7,7,7,7,7,7,7,7,7,7,7,7,7,7,7],"floor_reached":51,"playtime":3786,"items_purged":["Strike_G"],"score":1351,"play_id":"2ceb70f9-652f-4c72-84a4-9a24d816c630","local_time":"20180806230655","is_ascension_mode":true,"campfire_choices":[{"data":"Dagger Spray","floor":6.0,"key":"SMITH"},{"floor":11.0,"key":"REST"},{"data":"A Thousand Cuts","floor":13.0,"key":"SMITH"},{"data":"Dash","floor":15.0,"key":"SMITH"},{"data":"Glass Knife","floor":24.0,"key":"SMITH"},{"data":"Cloak And Dagger","floor":30.0,"key":"SMITH"},{"data":"Survivor","floor":32.0,"key":"SMITH"},{"data":"Defend_G","floor":41.0,"key":"SMITH"},{"floor":45,"key":"REST"},{"floor":47,"key":"REST"},{"floor":49,"key":"REST"}],"neow_cost":"NONE","seed_source_timestamp":1138820719807124,"circlet_count":0,"master_deck":["Defend_G","Defend_G","Defend_G","Defend_G","Defend_G+1","Survivor+1","Neutralize+1","AscendersBane","A Thousand Cuts+1","Cloak And Dagger+1","Dagger Spray+1","After Image","PiercingWail+1","Dash+1","Glass Knife+1","Deadly Poison+1","Dodge and Roll+1","Decay","Dodge and Roll+1","Corpse Explosion+1","Malaise+1","Dagger Spray+1","Madness+1","Madness+1","Cloak And Dagger+1","After Image"],"special_seed":0,"relics":["Ring of the Snake","Toxic Egg 2","Mummified Hand","Regal Pillow","Ectoplasm","Strawberry","Bottled Flame","Meat on the Bone","Pear","Vajra","Astrolabe","Orichalcum","Juzu Bracelet","Pen Nib","Potion Belt"],"potions_floor_usage":[50],"damage_taken":[{"damage":10.0,"enemies":"Small Slimes","floor":1.0,"turns":4.0},{"damage":2.0,"enemies":"Cultist","floor":2.0,"turns":5.0},{"damage":15.0,"enemies":"Lagavulin","floor":8.0,"turns":11.0},{"damage":0.0,"enemies":"2 Louse","floor":12.0,"turns":1.0},{"damage":2.0,"enemies":"Gremlin Nob","floor":14.0,"turns":4.0},{"damage":3.0,"enemies":"The Guardian","floor":16.0,"turns":14.0},{"damage":9.0,"enemies":"2 Thieves","floor":18.0,"turns":3.0},{"damage":5.0,"enemies":"Shell Parasite","floor":19.0,"turns":6.0},{"damage":0.0,"enemies":"Centurion and Healer","floor":20.0,"turns":6.0},{"damage":18.0,"enemies":"Gremlin Leader","floor":23.0,"turns":7.0},{"damage":2.0,"enemies":"Book of Stabbing","floor":25.0,"turns":6.0},{"damage":3.0,"enemies":"Gremlin Leader","floor":28.0,"turns":9.0},{"damage":0.0,"enemies":"Snecko","floor":31.0,"turns":5.0},{"damage":42.0,"enemies":"Automaton","floor":33.0,"turns":13.0},{"damage":2.0,"enemies":"Flame Bruiser 1 Orb","floor":35.0,"turns":4.0},{"damage":0.0,"enemies":"3 Shapes","floor":39.0,"turns":4.0},{"damage":12.0,"enemies":"Nemesis","floor":40.0,"turns":9.0},{"damage":17.0,"enemies":"Sphere and 2 Shapes","floor":42.0,"turns":5.0},{"damage":40,"enemies":"2 Orb Walkers","floor":44,"turns":4},{"damage":38,"enemies":"Nemesis","floor":46,"turns":11},{"damage":32,"enemies":"Transient","floor":48,"turns":5},{"damage":42,"enemies":"Awakened One","floor":50,"turns":21}],"seed_played":"-7283851377723519425","potions_obtained":[{"floor":14.0,"key":"SpeedPotion"},{"floor":20.0,"key":"SpeedPotion"},{"floor":23.0,"key":"FearPotion"},{"floor":28.0,"key":"Block Potion"},{"floor":31.0,"key":"Poison Potion"},{"floor":35.0,"key":"AttackPotion"},{"floor":44,"key":"SteroidPotion"}],"is_trial":false,"path_per_floor":["M","M","?","?","$","R","$","E","T","$","R","M","R","E","R","B",null,"M","M","M","?","?","E","R","E","T","?","E","T","R","M","R","B",null,"M","$","?","?","M","E","R","M","T","E","R","E","R","M","R","B"],"character_chosen":"THE_SILENT","items_purchased":["Cloak And Dagger","Dagger Spray","Fire Potion","Poison Potion"],"campfire_rested":4,"item_purchase_floors":[5,5,5,36],"current_hp_per_floor":[49,47,47,40,40,40,40,25,25,25,44,44,44,42,42,39,59,50,45,45,45,45,34,34,32,32,32,51,51,51,51,51,21,68,66,66,51,51,51,51,51,46,46,18,57,31,70,50,83,53],"gold":7,"neow_bonus":"ONE_RANDOM_RARE_CARD","is_prod":false,"is_daily":false,"chose_seed":false,"campfire_upgraded":7,"win_rate":0,"timestamp":1533560815,"path_taken":["M","M","?","?","$","R","?","E","T","$","R","M","R","E","R","BOSS","M","M","M","?","?","E","R","E","T","?","E","?","R","M","R","BOSS","M","$","?","?","M","E","R","M","T","E","R","E","R","M","R","BOSS"],"build_version":"2018-08-02","purchased_purges":1,"victory":true,"max_hp_per_floor":[66,66,66,66,66,66,66,66,66,66,66,66,66,66,66,66,66,66,66,66,66,66,73,73,73,73,73,83,83,83,83,83,83,83,83,83,83,83,83,83,83,83,83,83,83,83,83,83,83,83],"card_choices":[{"not_picked":["Underhanded Strike","Accuracy","Bane"],"picked":"SKIP","floor":1.0},{"not_picked":["Underhanded Strike","Poisoned Stab"],"picked":"Well Laid Plans","floor":2.0},{"not_picked":["Dagger Spray","Cloak And Dagger"],"picked":"After Image","floor":8.0},{"not_picked":["Prepared+1","Sucker Punch"],"picked":"PiercingWail+1","floor":12.0},{"not_picked":["Concentrate+1","Terror+1"],"picked":"Dash","floor":14.0},{"not_picked":["Doppelganger+1","Die Die Die"],"picked":"Glass Knife","floor":16.0},{"not_picked":["Flechettes","Expertise+1"],"picked":"Deadly Poison+1","floor":18.0},{"not_picked":["Poisoned Stab","Choke","Acrobatics+1"],"picked":"SKIP","floor":19.0},{"not_picked":["Prepared+1","Bane","PiercingWail+1"],"picked":"SKIP","floor":20.0},{"not_picked":["Sucker Punch","Flying Knee","Predator"],"picked":"SKIP","floor":23.0},{"not_picked":["Infinite Blades","Deflect+1"],"picked":"Dodge and Roll+1","floor":25.0},{"not_picked":["Venomology+1","Skewer"],"picked":"Dodge and Roll+1","floor":28.0},{"not_picked":["Terror+1","Blade Dance+1","Accuracy"],"picked":"SKIP","floor":31.0},{"not_picked":["Slice+1","Sucker Punch","Reflex+1"],"picked":"SKIP","floor":35.0},{"not_picked":["Poisoned Stab","PiercingWail+1","Blade Dance+1"],"picked":"SKIP","floor":39.0},{"not_picked":["Crippling Poison+1","Poisoned Stab","Terror+1"],"picked":"SKIP","floor":40.0},{"not_picked":["Concentrate+1","Deadly Poison+1"],"picked":"Cloak And Dagger+1","floor":42.0},{"not_picked":["Skewer","Deflect+1","Prepared+1"],"picked":"SKIP","floor":44},{"not_picked":["Choke+1","Dagger Spray","Poisoned Stab"],"picked":"SKIP","floor":46},{"not_picked":["Reflex+1","Dagger Spray+1"],"picked":"After Image","floor":48}],"player_experience":346758,"relics_obtained":[{"floor":8.0,"key":"Toxic Egg 2"},{"floor":9.0,"key":"Mummified Hand"},{"floor":14.0,"key":"Regal Pillow"},{"floor":23.0,"key":"Strawberry"},{"floor":25.0,"key":"Bottled Flame"},{"floor":26.0,"key":"Meat on the Bone"},{"floor":28.0,"key":"Pear"},{"floor":29.0,"key":"Vajra"},{"floor":40.0,"key":"Orichalcum"},{"floor":43.0,"key":"Juzu Bracelet"},{"floor":44,"key":"Pen Nib"},{"floor":46,"key":"Potion Belt"}],"event_choices":[{"event_name":"Upgrade Shrine","player_choice":"Upgraded","floor":3.0,"damage_taken":0.0},{"event_name":"Golden Wing","player_choice":"Card Removal","floor":4.0,"damage_taken":0.0},{"event_name":"Nest","player_choice":"Stole From Cult","floor":21.0,"damage_taken":0.0},{"event_name":"Drug Dealer","player_choice":"Ignored","floor":22.0,"damage_taken":0.0},{"event_name":"Forgotten Altar","player_choice":"Smashed Altar","floor":27.0,"damage_taken":0.0},{"event_name":"Winding Halls","player_choice":"Embrace Madness","floor":37.0,"damage_taken":0.0},{"event_name":"Falling","player_choice":"Removed Power","floor":38.0,"damage_taken":0.0}],"is_beta":false,"boss_relics":[{"not_picked":["Tiny House","Empty Cage"],"picked":"Ectoplasm"},{"not_picked":["Runic Dome","Eternal Feather"],"picked":"Astrolabe"}],"items_purged_floors":[36],"is_endless":false,"potions_floor_spawned":[14,16,20,23,28,31,35,39,44],"ascension_level":15}