{"gold_per_floor":[113,126,126,139,32,32,78,97,97,272,272,290,322,336,336,438,438,454,329,87,87,97,97,126,140,166,196,196,214,232,242,242,341,341,352,227,240,251,251,251,98,125,198,223,223,236,248,263,263,263],"floor_reached":51,"playtime":4143,"items_purged":["Strike_G","Strike_G","Skewer"],"score":749,"play_id":"84ff9cb1-ebff-457b-8d63-73bad45c7664","local_time":"20190409201823","is_ascension_mode":true,"campfire_choices":[{"data":"Crippling Poison","floor":6,"key":"SMITH"},{"data":"Blur","floor":15,"key":"SMITH"},{"data":"Crippling Poison","floor":23,"key":"SMITH"},{"data":"After Image","floor":28,"key":"SMITH"},{"floor":32,"key":"REST"},{"data":"Catalyst","floor":40,"key":"SMITH"},{"floor":49,"key":"REST"}],"neow_cost":"TEN_PERCENT_HP_LOSS","seed_source_timestamp":1803826386209049,"circlet_count":0,"master_deck":["Survivor","Neutralize","Die Die Die","Caltrops","Blur+1","Neutralize","Well Laid Plans","Crippling Poison+1","After Image+1","Acrobatics","Dodge and Roll","Corpse Explosion","Footwork","Crippling Poison+1","Finisher+1","PiercingWail","Cloak And Dagger+1","Footwork","Adrenaline","Grand Finale","Tactician","Flechettes","Flechettes","Adrenaline","Storm of Steel","Masterful Stab","Catalyst+1","Backflip+1","Dark Shackles","Backflip+1","Catalyst+1"],"relics":["Ring of the Snake","Lantern","Tough Bandages","Whetstone","Cursed Key","Nilry\u0027s Codex","Red Mask","Anchor","Question Card","Pandora\u0027s Box","PreservedInsect","Bottled Flame","Kunai","Girya"],"potions_floor_usage":[13,16,22,29,30,30,33,48,50],"damage_taken":[{"damage":5,"enemies":"Jaw Worm","floor":1,"turns":6},{"damage":0,"enemies":"Cultist","floor":2,"turns":3},{"damage":0,"enemies":"Small Slimes","floor":4,"turns":2},{"damage":1,"enemies":"Blue Slaver","floor":8,"turns":3},{"damage":0,"enemies":"Lots of Slimes","floor":12,"turns":1},{"damage":9,"enemies":"Gremlin Nob","floor":13,"turns":6},{"damage":0,"enemies":"3 Louse","floor":14,"turns":3},{"damage":35,"enemies":"Slime Boss","floor":16,"turns":17},{"damage":1,"enemies":"Shell Parasite","floor":18,"turns":6},{"damage":0,"enemies":"3 Byrds","floor":22,"turns":2},{"damage":0,"enemies":"Masked Bandits","floor":24,"turns":2},{"damage":4,"enemies":"Centurion and Healer","floor":25,"turns":5},{"damage":13,"enemies":"Gremlin Leader","floor":27,"turns":8},{"damage":2,"enemies":"Sentry and Sphere","floor":29,"turns":6},{"damage":0,"enemies":"Shelled Parasite and Fungi","floor":30,"turns":3},{"damage":0,"enemies":"3 Cultists","floor":31,"turns":4},{"damage":33,"enemies":"Collector","floor":33,"turns":13},{"damage":0,"enemies":"3 Darklings","floor":35,"turns":3},{"damage":16,"enemies":"Orb Walker","floor":37,"turns":4},{"damage":17,"enemies":"4 Shapes","floor":38,"turns":3},{"damage":10,"enemies":"Giant Head","floor":42,"turns":8},{"damage":11,"enemies":"Reptomancer","floor":44,"turns":6},{"damage":0,"enemies":"Spire Growth","floor":46,"turns":7},{"damage":0,"enemies":"Writhing Mass","floor":47,"turns":6},{"damage":0,"enemies":"3 Darklings","floor":48,"turns":2},{"damage":45,"enemies":"Awakened One","floor":50,"turns":19}],"seed_played":"-1825882157410950360","potions_obtained":[{"floor":1,"key":"AttackPotion"},{"floor":4,"key":"SkillPotion"},{"floor":8,"key":"EssenceOfSteel"},{"floor":24,"key":"SteroidPotion"},{"floor":27,"key":"SteroidPotion"},{"floor":29,"key":"LiquidBronze"},{"floor":30,"key":"PowerPotion"},{"floor":31,"key":"Regen Potion"},{"floor":37,"key":"FairyPotion"},{"floor":46,"key":"Strength Potion"}],"is_trial":false,"path_per_floor":["M","M","?","M","$","R","T","M","T","?","?","M","E","M","R","B",null,"M","$","$","?","M","R","?","M","T","E","R","M","M","M","R","B",null,"M","$","M","M","?","R","$","E","T","E","?","M","M","M","R","B",null],"character_chosen":"THE_SILENT","items_purchased":["Well Laid Plans","Crippling Poison","Poison Potion","Footwork","Crippling Poison","PreservedInsect"],"campfire_rested":2,"item_purchase_floors":[5,5,19,20,20,41],"current_hp_per_floor":[58,58,58,58,58,58,58,57,57,57,57,57,48,48,48,13,63,62,62,62,46,46,46,46,42,42,29,29,27,27,27,45,27,63,63,63,47,30,30,30,30,20,20,9,9,9,9,9,27,6],"gold":263,"neow_bonus":"THREE_RARE_CARDS","is_prod":false,"is_daily":false,"chose_seed":false,"campfire_upgraded":5,"win_rate":0,"timestamp":1554859103,"path_taken":["M","M","?","?","$","R","?","M","T","?","?","?","E","M","R","BOSS","M","?","$","?","M","R","?","M","T","E","R","?","?","M","R","BOSS","M","$","M","M","?","R","$","E","T","E","?","M","?","M","R","BOSS"],"build_version":"2019-01-23","purchased_purges":3,"victory":true,"max_hp_per_floor":[63,63,63,63,63,63,63,63,63,63,63,63,63,63,63,63,63,63,63,63,63,63,63,63,63,63,63,63,63,63,63,63,63,63,63,63,63,63,63,63,63,63,63,63,63,63,63,63,63,63],"card_choices":[{"not_picked":["Storm of Steel","After Image"],"picked":"Die Die Die","floor":0},{"not_picked":["Backflip","PiercingWail"],"picked":"Caltrops","floor":1},{"not_picked":["Cloak And Dagger","Flechettes"],"picked":"Blur","floor":2},{"not_picked":["Prepared","Slice","Outmaneuver"],"picked":"SKIP","floor":4},{"not_picked":["Dagger Throw","Sucker Punch"],"picked":"After Image","floor":8},{"not_picked":["Escape Plan","Outmaneuver"],"picked":"Acrobatics","floor":12},{"not_picked":["Flechettes","Concentrate"],"picked":"Dodge and Roll","floor":13},{"not_picked":["Choke","Prepared","Terror"],"picked":"SKIP","floor":14},{"not_picked":["Phantasmal Killer","Malaise"],"picked":"Corpse Explosion","floor":16},{"not_picked":["All Out Attack","Reflex","Expertise+1"],"picked":"SKIP","floor":18},{"not_picked":["Flying Knee","Tactician+1","Prepared+1"],"picked":"SKIP","floor":22},{"not_picked":["Eviscerate+1","Setup"],"picked":"Finisher+1","floor":24},{"not_picked":["Sucker Punch+1","Endless Agony+1"],"picked":"PiercingWail","floor":25},{"not_picked":["Flying Knee","Acrobatics+1"],"picked":"Cloak And Dagger+1","floor":27},{"not_picked":["Dagger Spray","Masterful Stab","Underhanded Strike","Tactician"],"picked":"SKIP","floor":29},{"not_picked":["Skewer","Dodge and Roll","Tactician"],"picked":"Footwork","floor":30},{"not_picked":["Poisoned Stab","Caltrops+1","PiercingWail","Infinite Blades"],"picked":"SKIP","floor":31},{"not_picked":["Glass Knife","A Thousand Cuts","Bullet Time"],"picked":"Adrenaline","floor":33},{"not_picked":["Deflect+1","Slice","Skewer+1"],"picked":"Catalyst","floor":35},{"not_picked":["Quick Slash","Calculated Gamble","PiercingWail","Outmaneuver+1"],"picked":"SKIP","floor":37},{"not_picked":["Distraction","Dodge and Roll+1","Acrobatics"],"picked":"Backflip+1","floor":38},{"not_picked":["Mind Blast","Transmutation","Thinking Ahead"],"picked":"Dark Shackles","floor":39},{"not_picked":["Concentrate","Outmaneuver+1","Sucker Punch"],"picked":"Backflip+1","floor":42},{"not_picked":["Finisher+1","Tactician+1","Acrobatics","Envenom"],"picked":"SKIP","floor":44},{"not_picked":["Bane","Calculated Gamble+1","Prepared","Flying Knee"],"picked":"SKIP","floor":46},{"not_picked":["Concentrate+1","Dagger Spray+1","Adrenaline"],"picked":"Catalyst+1","floor":47},{"not_picked":["Eviscerate","Acrobatics+1","Prepared+1","Underhanded Strike"],"picked":"SKIP","floor":48}],"player_experience":220525,"relics_obtained":[{"floor":7,"key":"Lantern"},{"floor":9,"key":"Tough Bandages"},{"floor":13,"key":"Whetstone"},{"floor":21,"key":"Nilry\u0027s Codex"},{"floor":24,"key":"Red Mask"},{"floor":26,"key":"Anchor"},{"floor":27,"key":"Question Card"},{"floor":42,"key":"Bottled Flame"},{"floor":43,"key":"Kunai"},{"floor":44,"key":"Girya"}],"event_choices":[{"damage_healed":0,"gold_gain":0,"player_choice":"1 cards matched","damage_taken":0,"max_hp_gain":0,"max_hp_loss":0,"event_name":"Match and Keep!","floor":3,"gold_loss":0,"cards_obtained":["Neutralize"]},{"damage_healed":0,"gold_gain":175,"player_choice":"AGREE","damage_taken":0,"max_hp_gain":0,"max_hp_loss":0,"event_name":"Liars Game","floor":10,"gold_loss":0,"cards_obtained":["Doubt"]},{"damage_healed":0,"gold_gain":0,"cards_transformed":["Doubt"],"player_choice":"Transformed","damage_taken":0,"max_hp_gain":0,"max_hp_loss":0,"event_name":"Transmorgrifier","floor":11,"gold_loss":0,"cards_obtained":["Shame"]},{"damage_healed":0,"gold_gain":0,"player_choice":"Obtained Book","damage_taken":16,"max_hp_gain":0,"max_hp_loss":0,"event_name":"Cursed Tome","floor":21,"gold_loss":0},{"damage_healed":0,"gold_gain":0,"player_choice":"Fought Bandits","damage_taken":0,"max_hp_gain":0,"max_hp_loss":0,"event_name":"Masked Bandits","floor":24,"gold_loss":0},{"damage_healed":0,"gold_gain":0,"player_choice":"Memory 1","damage_taken":0,"max_hp_gain":0,"max_hp_loss":0,"event_name":"SensoryStone","floor":39,"gold_loss":0},{"cards_removed":["Regret","Shame","Shame"],"damage_healed":0,"gold_gain":0,"player_choice":"Removed Curses","damage_taken":0,"max_hp_gain":0,"max_hp_loss":0,"event_name":"Fountain of Cleansing","floor":45,"gold_loss":0}],"is_beta":false,"boss_relics":[{"not_picked":["Astrolabe","Orrery"],"picked":"Cursed Key"},{"not_picked":["WristBlade","Runic Pyramid"],"picked":"Pandora\u0027s Box"}],"items_purged_floors":[19,20,36],"is_endless":false,"potions_floor_spawned":[1,4,8,24,27,29,30,31,37,46,47],"ascension_level":2}