{"gold_per_floor":[16,35,45,45,45,45,45,45,45,45,58,93,166,166,166,242,242,253,178,18,0,19,19,19,19,88,99,117,136,150,164,164,164],"floor_reached":33,"playtime":1792,"items_purged":[],"score":457,"play_id":"4ce3b3ad-eda4-4215-8fe2-8e3f07c1404c","local_time":"20190407020550","is_ascension_mode":true,"campfire_choices":[{"data":"Infinite Blades","floor":6,"key":"SMITH"},{"data":"Survivor","floor":8,"key":"SMITH"},{"data":"Flying Knee","floor":10,"key":"SMITH"},{"data":"Blade Dance","floor":15,"key":"SMITH"},{"data":"Footwork","floor":23,"key":"SMITH"},{"floor":25,"key":"REST"},{"floor":32,"key":"REST"}],"neow_cost":"NO_GOLD","seed_source_timestamp":44261859494365,"circlet_count":0,"master_deck":["AscendersBane","Defend_G","Defend_G","Defend_G","Strike_G","Strike_G+1","Strike_G","Strike_G+1","Survivor+1","Neutralize","Bandage Up","Finesse","Infinite Blades+1","Sucker Punch","Flying Knee+1","Blade Dance+1","Adrenaline","Phantasmal Killer+1","Footwork+1","Backflip+1","Madness+1","Predator","Adrenaline+1"],"relics":["Ring of the Snake","Ancient Tea Set","Whetstone","Toxic Egg 2","WristBlade","Frozen Egg 2","Singing Bowl"],"potions_floor_usage":[12,16,29,33,33],"damage_taken":[{"damage":0,"enemies":"2 Louse","floor":1,"turns":3},{"damage":0,"enemies":"Small Slimes","floor":2,"turns":4},{"damage":4,"enemies":"Jaw Worm","floor":3,"turns":5},{"damage":6,"enemies":"3 Louse","floor":11,"turns":4},{"damage":18,"enemies":"Gremlin Nob","floor":12,"turns":5},{"damage":38,"enemies":"Slime Boss","floor":16,"turns":11},{"damage":13,"enemies":"Spheric Guardian","floor":18,"turns":4},{"damage":8,"enemies":"Chosen","floor":22,"turns":5},{"damage":14,"enemies":"Snake Plant","floor":27,"turns":4},{"damage":10,"enemies":"Snecko","floor":28,"turns":5},{"damage":23,"enemies":"Shelled Parasite and Fungi","floor":29,"turns":5},{"damage":15,"enemies":"Centurion and Healer","floor":30,"turns":4},{"damage":19,"enemies":"3 Cultists","floor":31,"turns":5},{"damage":30,"enemies":"Champ","floor":33,"turns":10}],"seed_played":"5232664584344621300","potions_obtained":[{"floor":2,"key":"Block Potion"},{"floor":3,"key":"LiquidBronze"},{"floor":27,"key":"EssenceOfSteel"},{"floor":28,"key":"Weak Potion"},{"floor":31,"key":"Block Potion"}],"is_trial":false,"path_per_floor":["M","M","M","?","?","R","$","R","T","R","M","E","T","?","R","B",null,"M","?","$","?","M","R","T","R","T","M","M","M","M","M","R","B"],"character_chosen":"THE_SILENT","items_purchased":["Backflip+1","Madness+1"],"campfire_rested":2,"item_purchase_floors":[20,20],"current_hp_per_floor":[63,66,62,62,55,55,55,55,55,55,53,39,39,39,39,5,51,42,42,42,42,38,38,38,57,57,49,45,28,17,4,26,0],"gold":164,"neow_bonus":"RANDOM_COLORLESS_2","is_prod":false,"is_daily":false,"chose_seed":false,"campfire_upgraded":5,"win_rate":0,"timestamp":1554617150,"path_taken":["M","M","M","?","?","R","$","R","T","R","M","E","?","?","R","BOSS","M","?","$","?","M","R","?","R","T","M","?","M","M","M","R","BOSS"],"build_version":"2019-01-23","purchased_purges":0,"victory":false,"max_hp_per_floor":[66,66,66,66,66,66,66,66,66,66,66,66,66,66,66,66,66,66,66,66,66,66,66,66,66,66,68,70,72,72,74,74,74],"card_choices":[{"not_picked":["Outmaneuver","Reflex"],"picked":"Infinite Blades","floor":1},{"not_picked":["Deadly Poison","Flechettes"],"picked":"Sucker Punch","floor":2},{"not_picked":["Dodge and Roll","Slice"],"picked":"Flying Knee","floor":3},{"not_picked":["Escape Plan","Deflect"],"picked":"Blade Dance","floor":11},{"not_picked":["Quick Slash","Bullet Time"],"picked":"Adrenaline","floor":12},{"not_picked":["Storm of Steel+1","Unload"],"picked":"Phantasmal Killer+1","floor":16},{"not_picked":["Deflect+1","Slice"],"picked":"Footwork","floor":18},{"not_picked":["Sucker Punch","Escape Plan+1"],"picked":"Predator","floor":22},{"not_picked":["Acrobatics+1","Reflex+1","Setup+1"],"picked":"Singing Bowl","floor":27},{"not_picked":["Bouncing Flask+1","Slice","Caltrops+1"],"picked":"Singing Bowl","floor":28},{"not_picked":["Backflip+1","Caltrops+1","Bane"],"picked":"Singing Bowl","floor":29},{"not_picked":["PiercingWail+1","Endless Agony"],"picked":"Adrenaline+1","floor":30},{"not_picked":["Flechettes","Skewer","Dagger Spray"],"picked":"Singing Bowl","floor":31}],"player_experience":924502,"relics_obtained":[{"floor":9,"key":"Ancient Tea Set"},{"floor":12,"key":"Whetstone"},{"floor":13,"key":"Toxic Egg 2"},{"floor":24,"key":"Frozen Egg 2"},{"floor":26,"key":"Singing Bowl"}],"event_choices":[{"cards_removed":["Strike_G"],"damage_healed":0,"gold_gain":0,"player_choice":"Forget","damage_taken":0,"max_hp_gain":0,"max_hp_loss":0,"event_name":"Living Wall","floor":4,"gold_loss":0},{"cards_removed":["Defend_G"],"damage_healed":0,"gold_gain":0,"player_choice":"Card Removal","damage_taken":7,"max_hp_gain":0,"max_hp_loss":0,"event_name":"Golden Wing","floor":5,"gold_loss":0},{"damage_healed":0,"gold_gain":0,"player_choice":"Ignored","damage_taken":0,"max_hp_gain":0,"max_hp_loss":0,"event_name":"Liars Game","floor":14,"gold_loss":0},{"cards_removed":["Defend_G"],"damage_healed":0,"gold_gain":0,"player_choice":"Gave Gold","damage_taken":0,"max_hp_gain":0,"max_hp_loss":0,"event_name":"Beggar","floor":19,"gold_loss":75},{"damage_healed":0,"gold_gain":0,"player_choice":"Paid Fearfully","damage_taken":0,"max_hp_gain":0,"max_hp_loss":0,"event_name":"Masked Bandits","floor":21,"gold_loss":18}],"is_beta":false,"boss_relics":[{"not_picked":["Tiny House","Snecko Eye"],"picked":"WristBlade"}],"items_purged_floors":[],"is_endless":false,"potions_floor_spawned":[2,3,27,28,31],"killed_by":"Champ","ascension_level":17}