{"gold_per_floor":[114,114,129,144,144,144,69,69,94,44,59,74,74,89,89,189,189,204,219,69,69,84,84,139,139,139,214,229,244,259,259,259,359,359,374,374,389,414,114,144,144,159,159,159,174,174,189,189,189,189],"floor_reached":51,"playtime":4735,"items_purged":["Defend_R","Strike_R"],"score":639,"play_id":"65db4561-1e2d-4b53-bfeb-c781d979f173","local_time":"20190225233302","daily_mods":["Allstar","Colorless Cards","Terminal"],"is_ascension_mode":false,"campfire_choices":[{"data":"Apotheosis","floor":6,"key":"SMITH"},{"data":"Finesse","floor":8,"key":"SMITH"},{"data":"Jack Of All Trades","floor":13,"key":"SMITH"},{"data":"Jack Of All Trades","floor":15,"key":"SMITH"},{"data":"Feed","floor":23,"key":"SMITH"},{"data":"Panache","floor":25,"key":"SMITH"},{"floor":32,"key":"REST"},{"data":"Infernal Blade","floor":41,"key":"SMITH"},{"data":"Magnetism","floor":44,"key":"SMITH"},{"data":"Flex","floor":46,"key":"SMITH"},{"data":"Uppercut","floor":49,"key":"SMITH"}],"neow_cost":"","seed_source_timestamp":0,"circlet_count":0,"master_deck":["Strike_R","Strike_R","Strike_R","Defend_R","Defend_R","Bash","Finesse+1","Secret Weapon","Apotheosis+1","Impatience","Panache+1","Rage","Jack Of All Trades+1","Perfected Strike","Jack Of All Trades+1","Feed+1","Anger","Anger","Intimidate+1","Shrug It Off","Flex","Uppercut+1","Metamorphosis","Magnetism+1","Jack Of All Trades+1","Infernal Blade+1","Flex+1","Flex+1","Infernal Blade+1"],"special_seed":17953,"relics":["Burning Blood","GremlinMask","Regal Pillow","White Beast Statue","Vajra","MutagenicStrength","Strawberry","Sundial","Darkstone Periapt","Red Mask","Lizard Tail","Ancient Tea Set","Lee\u0027s Waffle","Centennial Puzzle","Letter Opener"],"potions_floor_usage":[19,24,24,28,30,33,35,40,40,42,47,50,50],"damage_taken":[{"damage":0,"enemies":"Cultist","floor":1,"turns":4},{"damage":0,"enemies":"Small Slimes","floor":3,"turns":4},{"damage":0,"enemies":"Jaw Worm","floor":4,"turns":3},{"damage":0,"enemies":"2 Fungi Beasts","floor":11,"turns":2},{"damage":6,"enemies":"Exordium Thugs","floor":12,"turns":5},{"damage":2,"enemies":"Large Slime","floor":14,"turns":3},{"damage":24,"enemies":"The Guardian","floor":16,"turns":8},{"damage":3,"enemies":"3 Byrds","floor":18,"turns":3},{"damage":4,"enemies":"Shell Parasite","floor":19,"turns":4},{"damage":5,"enemies":"Sentry and Sphere","floor":22,"turns":3},{"damage":5,"enemies":"Book of Stabbing","floor":24,"turns":4},{"damage":10,"enemies":"Snake Plant","floor":28,"turns":2},{"damage":16,"enemies":"Chosen and Byrds","floor":29,"turns":5},{"damage":29,"enemies":"Snecko","floor":30,"turns":6},{"damage":7,"enemies":"Masked Bandits","floor":31,"turns":3},{"damage":31,"enemies":"Automaton","floor":33,"turns":8},{"damage":1,"enemies":"Orb Walker","floor":35,"turns":2},{"damage":36,"enemies":"3 Shapes","floor":37,"turns":6},{"damage":48,"enemies":"Reptomancer","floor":40,"turns":6},{"damage":0,"enemies":"Transient","floor":42,"turns":5},{"damage":3,"enemies":"4 Shapes","floor":45,"turns":2},{"damage":2,"enemies":"Writhing Mass","floor":47,"turns":3},{"damage":91,"enemies":"Awakened One","floor":50,"turns":9}],"seed_played":"3640749256774158397","potions_obtained":[{"floor":3,"key":"LiquidBronze"},{"floor":4,"key":"PowerPotion"},{"floor":12,"key":"Weak Potion"},{"floor":14,"key":"PowerPotion"},{"floor":19,"key":"Block Potion"},{"floor":24,"key":"FearPotion"},{"floor":28,"key":"Poison Potion"},{"floor":29,"key":"BloodPotion"},{"floor":31,"key":"BloodPotion"},{"floor":33,"key":"AttackPotion"},{"floor":35,"key":"Swift Potion"},{"floor":40,"key":"AttackPotion"},{"floor":42,"key":"Swift Potion"},{"floor":45,"key":"Poison Potion"},{"floor":47,"key":"SteroidPotion"}],"is_trial":false,"path_per_floor":["M","?","M","M","?","R","$","R","T","?","M","M","R","M","R","B",null,"M","M","$","?","M","R","E","R","T","T","M","M","M","?","R","B",null,"M","?","M","T","$","E","R","M","T","R","M","R","M","?","R","B",null],"character_chosen":"IRONCLAD","items_purchased":["Vajra","Lee\u0027s Waffle"],"campfire_rested":1,"item_purchase_floors":[20,39],"current_hp_per_floor":[78,77,76,75,74,73,72,71,70,69,68,67,66,65,64,46,62,64,63,62,61,64,63,69,68,67,66,66,56,33,36,69,44,67,66,65,39,39,73,45,45,51,51,51,58,58,62,62,62,20],"gold":189,"neow_bonus":"","is_prod":false,"is_daily":true,"chose_seed":false,"campfire_upgraded":10,"win_rate":0,"timestamp":1551166382,"path_taken":["M","?","M","?","?","R","?","R","T","?","M","M","R","M","R","BOSS","M","M","$","?","M","R","E","R","T","?","M","M","M","?","R","BOSS","M","?","M","?","$","E","R","M","T","R","M","R","M","?","R","BOSS"],"build_version":"2019-01-23","purchased_purges":2,"victory":true,"max_hp_per_floor":[78,77,76,75,74,73,72,71,70,69,68,67,66,65,64,63,62,64,63,62,61,64,63,69,68,67,66,69,68,67,70,69,68,67,66,65,68,67,73,72,71,70,69,68,71,70,69,68,67,66],"card_choices":[{"not_picked":["Twin Strike","Havoc"],"picked":"Rage","floor":1},{"not_picked":["Armaments","Dark Shackles"],"picked":"Jack Of All Trades","floor":3},{"not_picked":["Reckless Charge","Body Slam","Twin Strike"],"picked":"SKIP","floor":4},{"not_picked":["Dropkick","Bloodletting","True Grit"],"picked":"SKIP","floor":11},{"not_picked":["Havoc","Dark Shackles"],"picked":"Perfected Strike","floor":12},{"not_picked":["Havoc","Heavy Blade"],"picked":"Jack Of All Trades","floor":14},{"not_picked":["Violence","Double Tap"],"picked":"Feed","floor":16},{"not_picked":["True Grit","PanicButton+1"],"picked":"Anger","floor":18},{"not_picked":["Fire Breathing","Clothesline","True Grit+1"],"picked":"SKIP","floor":19},{"not_picked":["Iron Wave","Battle Trance"],"picked":"Anger","floor":22},{"not_picked":["Power Through","Iron Wave"],"picked":"Intimidate+1","floor":24},{"not_picked":["Body Slam","Clothesline"],"picked":"Shrug It Off","floor":28},{"not_picked":["Sword Boomerang","Sentinel"],"picked":"Flex","floor":29},{"not_picked":["Havoc","Feel No Pain"],"picked":"Uppercut","floor":30},{"not_picked":["Headbutt","Dark Shackles"],"picked":"Metamorphosis","floor":31},{"not_picked":["Apotheosis","Panache"],"picked":"Magnetism","floor":33},{"not_picked":["Armaments","Hemokinesis+1","Entrench+1"],"picked":"SKIP","floor":35},{"not_picked":["Flex","Blood for Blood+1"],"picked":"Jack Of All Trades+1","floor":37},{"not_picked":["Rupture","Anger+1"],"picked":"Infernal Blade","floor":40},{"not_picked":["Pommel Strike","Second Wind"],"picked":"Flex","floor":42},{"not_picked":["Blind","Thunderclap"],"picked":"Flex+1","floor":45},{"not_picked":["Impervious","Thunderclap","Forethought"],"picked":"SKIP","floor":47}],"player_experience":920577,"relics_obtained":[{"floor":9,"key":"Regal Pillow"},{"floor":24,"key":"Strawberry"},{"floor":26,"key":"Sundial"},{"floor":27,"key":"Darkstone Periapt"},{"floor":31,"key":"Red Mask"},{"floor":38,"key":"Ancient Tea Set"},{"floor":40,"key":"Centennial Puzzle"},{"floor":43,"key":"Letter Opener"}],"event_choices":[{"damage_healed":0,"gold_gain":0,"player_choice":"Trade","damage_taken":0,"relics_obtained":["GremlinMask"],"max_hp_gain":0,"max_hp_loss":0,"event_name":"FaceTrader","floor":2,"gold_loss":0},{"cards_removed":["Defend_R"],"damage_healed":0,"gold_gain":0,"player_choice":"Purged","damage_taken":0,"max_hp_gain":0,"max_hp_loss":0,"event_name":"Purifier","floor":5,"gold_loss":0},{"cards_removed":["Strike_R"],"damage_healed":0,"gold_gain":0,"player_choice":"Card Removal","damage_taken":0,"max_hp_gain":0,"max_hp_loss":0,"event_name":"The Cleric","floor":10,"gold_loss":50},{"damage_healed":0,"gold_gain":0,"player_choice":"Inject Mutagens","damage_taken":0,"relics_obtained":["MutagenicStrength"],"max_hp_gain":0,"max_hp_loss":0,"event_name":"Drug Dealer","floor":21,"gold_loss":0},{"damage_healed":0,"gold_gain":0,"player_choice":"Fought Bandits","damage_taken":0,"max_hp_gain":0,"max_hp_loss":0,"event_name":"Masked Bandits","floor":31,"gold_loss":0},{"damage_healed":0,"gold_gain":0,"player_choice":"Memory 1","damage_taken":0,"max_hp_gain":0,"max_hp_loss":0,"event_name":"SensoryStone","floor":36,"gold_loss":0},{"damage_healed":0,"gold_gain":0,"player_choice":"Copied","damage_taken":0,"max_hp_gain":0,"max_hp_loss":0,"event_name":"Duplicator","floor":48,"gold_loss":0,"cards_obtained":["Infernal Blade"]}],"is_beta":false,"boss_relics":[{"not_picked":["Runic Dome","Orrery"],"picked":"White Beast Statue"},{"not_picked":["Eternal Feather","Mark of Pain"],"picked":"Lizard Tail"}],"items_purged_floors":[7,39],"is_endless":false,"potions_floor_spawned":[3,4,12,14,18,19,22,24,28,29,30,31,33,35,37,40,42,45,47],"ascension_level":0}