{"gold_per_floor":[119,41,55,55,55,90,90,90,90,110,110,140,140,169,169,245,245,265,265,23,35,0,0],"floor_reached":23,"playtime":1132,"items_purged":[],"score":485,"play_id":"f34201cb-e16c-4e8c-89bf-37dea1c5b1de","local_time":"20190116011648","is_ascension_mode":true,"campfire_choices":[{"floor":8,"key":"REST"},{"data":"Zap","floor":11,"key":"SMITH"},{"data":"Defragment","floor":13,"key":"SMITH"},{"data":"Consume","floor":15,"key":"SMITH"}],"neow_cost":"NONE","seed_source_timestamp":477298685567146,"circlet_count":0,"master_deck":["AscendersBane","Strike_B+1","Strike_B","Strike_B","Defend_B","Defend_B","Defend_B","Defend_B+1","Zap+1","Dualcast","Darkness+1","Defragment+1","Cold Snap","Ball Lightning","FTL","Capacitor","Consume+1","Electrodynamics","Leap","Conserve Battery","Fusion"],"relics":["Cracked Core","Bottled Lightning","Mango","Dream Catcher","Pantograph","Cursed Key","Runic Capacitor"],"potions_floor_usage":[6,18,23],"damage_taken":[{"damage":15,"enemies":"2 Louse","floor":1,"turns":2},{"damage":10,"enemies":"Small Slimes","floor":3,"turns":3},{"damage":7,"enemies":"Gremlin Nob","floor":6,"turns":3},{"damage":0,"enemies":"Cultist","floor":10,"turns":3},{"damage":0,"enemies":"Lagavulin","floor":12,"turns":4},{"damage":9,"enemies":"Gremlin Nob","floor":14,"turns":3},{"damage":12,"enemies":"Slime Boss","floor":16,"turns":5},{"damage":25,"enemies":"2 Thieves","floor":18,"turns":3},{"damage":18,"enemies":"Spheric Guardian","floor":21,"turns":5},{"damage":43,"enemies":"Book of Stabbing","floor":23,"turns":4}],"seed_played":"-7647299778133801520","potions_obtained":[{"floor":1,"key":"PowerPotion"},{"floor":6,"key":"Weak Potion"},{"floor":10,"key":"SkillPotion"}],"is_trial":false,"path_per_floor":["M","$","M","?","?","E","?","R","T","M","R","E","R","E","R","B",null,"M","?","$","M","?","E"],"character_chosen":"DEFECT","items_purchased":["Defragment","Runic Capacitor","Conserve Battery"],"campfire_rested":1,"item_purchase_floors":[2,20,20],"current_hp_per_floor":[56,56,46,23,23,16,16,39,53,53,53,53,53,44,44,57,83,58,58,58,40,40,0],"gold":0,"neow_bonus":"TEN_PERCENT_HP_BONUS","is_prod":false,"is_daily":false,"chose_seed":false,"campfire_upgraded":3,"win_rate":0,"timestamp":1547597808,"path_taken":["M","$","M","?","?","E","?","R","T","M","R","E","R","E","R","BOSS","M","?","?","?","?","E"],"build_version":"2019-01-10","purchased_purges":0,"victory":false,"max_hp_per_floor":[78,78,78,78,78,78,78,78,92,92,92,92,92,92,92,92,92,92,92,92,92,92,92],"card_choices":[{"not_picked":["Leap","Ball Lightning"],"picked":"Darkness","floor":1},{"not_picked":["Heatsinks","Consume"],"picked":"Cold Snap","floor":3},{"not_picked":["Sweeping Beam","Steam Power"],"picked":"Ball Lightning","floor":6},{"not_picked":["Gash","Static Discharge"],"picked":"FTL","floor":10},{"not_picked":["Ball Lightning","BootSequence"],"picked":"Capacitor","floor":12},{"not_picked":["BootSequence","Capacitor"],"picked":"Consume","floor":14},{"not_picked":["Machine Learning","Seek"],"picked":"Electrodynamics","floor":16},{"not_picked":["Darkness","Redo"],"picked":"Leap","floor":18},{"not_picked":["Defragment","Consume"],"picked":"Fusion","floor":21}],"player_experience":434338,"relics_obtained":[{"floor":6,"key":"Bottled Lightning"},{"floor":9,"key":"Mango"},{"floor":12,"key":"Dream Catcher"},{"floor":14,"key":"Pantograph"}],"event_choices":[{"damage_healed":0,"gold_gain":0,"player_choice":"Entered Light","damage_taken":23,"max_hp_gain":0,"max_hp_loss":0,"event_name":"Shining Light","floor":4,"gold_loss":0,"cards_upgraded":["Strike_B","Defend_B"]},{"damage_healed":0,"gold_gain":0,"player_choice":"Ignored","damage_taken":0,"max_hp_gain":0,"max_hp_loss":0,"event_name":"Liars Game","floor":5,"gold_loss":0},{"damage_healed":0,"gold_gain":0,"player_choice":"Grow","damage_taken":0,"max_hp_gain":0,"max_hp_loss":0,"event_name":"Living Wall","floor":7,"gold_loss":0,"cards_upgraded":["Darkness"]},{"cards_removed":["Strike_B"],"damage_healed":0,"gold_gain":0,"player_choice":"Offered Basic","damage_taken":0,"max_hp_gain":0,"max_hp_loss":0,"event_name":"Bonfire Elementals","floor":19,"gold_loss":0},{"damage_healed":0,"gold_gain":0,"player_choice":"Paid Fearfully","damage_taken":0,"max_hp_gain":0,"max_hp_loss":0,"event_name":"Masked Bandits","floor":22,"gold_loss":35}],"is_beta":false,"boss_relics":[{"not_picked":["Black Star","Orrery"],"picked":"Cursed Key"}],"items_purged_floors":[],"is_endless":false,"potions_floor_spawned":[1,6,10],"killed_by":"Book of Stabbing","ascension_level":20}