{"gold_per_floor":[116,131,131,148,163,193,205,9,9,9,9,21,21,46,46,142,142,155,155,172,19,31,66,66,80,104,19,47,66,78,78,78,173,173,183,108,108,126,126,161,173,173,225,252,252,271,290,308,308,308],"floor_reached":51,"playtime":2639,"items_purged":["Defend_R"],"score":946,"play_id":"4b6c95f4-091f-4066-aced-20af26efef5c","local_time":"20190418012007","is_ascension_mode":true,"campfire_choices":[{"data":"Inflame","floor":7.0,"key":"SMITH"},{"data":"Bash","floor":10.0,"key":"SMITH"},{"data":"Double Tap","floor":13.0,"key":"SMITH"},{"data":"Flex","floor":15.0,"key":"SMITH"},{"data":"Demon Form","floor":24.0,"key":"SMITH"},{"data":"Madness","floor":32.0,"key":"SMITH"},{"floor":42,"key":"DIG"},{"floor":49,"key":"DIG"}],"neow_cost":"TEN_PERCENT_HP_LOSS","seed_source_timestamp":298158632781921,"circlet_count":0,"master_deck":["Strike_R+1","Defend_R","Defend_R","Bash+1","Pommel Strike","Anger+1","Pummel","Twin Strike","Inflame+1","Double Tap+1","Flex+1","Reaper","Demon Form+1","Madness+1","Shrug It Off","Exhume","Flash of Steel","Apotheosis","Jack Of All Trades","Dual Wield+1"],"special_seed":0,"relics":["Burning Blood","Mango","MawBank","ClockworkSouvenir","Boot","Letter Opener","Empty Cage","Orichalcum","Bottled Lightning","Anchor","Happy Flower","Fusion Hammer","Shovel","Art of War","Lantern","Pear","Dodecahedron"],"potions_floor_usage":[50,50],"damage_taken":[{"damage":5.0,"enemies":"Small Slimes","floor":1.0,"turns":5.0},{"damage":6.0,"enemies":"Jaw Worm","floor":2.0,"turns":3.0},{"damage":0.0,"enemies":"Cultist","floor":4.0,"turns":2.0},{"damage":13.0,"enemies":"Lots of Slimes","floor":5.0,"turns":3.0},{"damage":13.0,"enemies":"Lagavulin","floor":6.0,"turns":4.0},{"damage":0.0,"enemies":"Large Slime","floor":12.0,"turns":2.0},{"damage":17.0,"enemies":"3 Sentries","floor":14.0,"turns":5.0},{"damage":36.0,"enemies":"Hexaghost","floor":16.0,"turns":4.0},{"damage":0.0,"enemies":"Spheric Guardian","floor":18.0,"turns":2.0},{"damage":13.0,"enemies":"3 Byrds","floor":20.0,"turns":5.0},{"damage":16.0,"enemies":"3 Cultists","floor":22.0,"turns":4.0},{"damage":1.0,"enemies":"Gremlin Leader","floor":23.0,"turns":4.0},{"damage":16.0,"enemies":"Snake Plant","floor":25.0,"turns":3.0},{"damage":10.0,"enemies":"Book of Stabbing","floor":28.0,"turns":3.0},{"damage":2.0,"enemies":"Centurion and Healer","floor":29.0,"turns":3.0},{"damage":3.0,"enemies":"Shelled Parasite and Fungi","floor":30.0,"turns":3.0},{"damage":43.0,"enemies":"Champ","floor":33.0,"turns":7.0},{"damage":0.0,"enemies":"Orb Walker","floor":35.0,"turns":2.0},{"damage":26.0,"enemies":"3 Shapes","floor":38.0,"turns":3.0},{"damage":28,"enemies":"Reptomancer","floor":40,"turns":3},{"damage":0,"enemies":"Maw","floor":41,"turns":4},{"damage":0,"enemies":"Nemesis","floor":44,"turns":3},{"damage":6,"enemies":"Jaw Worm Horde","floor":46,"turns":3},{"damage":25,"enemies":"Sphere and 2 Shapes","floor":47,"turns":5},{"damage":21,"enemies":"3 Darklings","floor":48,"turns":5},{"damage":60,"enemies":"Time Eater","floor":50,"turns":6}],"seed_played":"4994091088158725834","potions_obtained":[{"floor":1.0,"key":"Strength Potion"},{"floor":5.0,"key":"Weak Potion"},{"floor":12.0,"key":"SkillPotion"},{"floor":18.0,"key":"SpeedPotion"},{"floor":23.0,"key":"BloodPotion"},{"floor":28.0,"key":"EssenceOfSteel"},{"floor":30.0,"key":"PowerPotion"},{"floor":35.0,"key":"SteroidPotion"},{"floor":44,"key":"Swift Potion"},{"floor":48,"key":"SpeedPotion"}],"is_trial":false,"path_per_floor":["M","M","?","M","M","E","R","$","T","R","?","M","R","E","R","B",null,"M","?","M","$","M","E","R","M","T","$","E","M","M","?","R","B",null,"M","$","?","M","?","E","M","R","T","E","?","M","M","M","R","B",null],"character_chosen":"IRONCLAD","items_purchased":["ClockworkSouvenir","Orichalcum","Madness"],"campfire_rested":0,"item_purchase_floors":[8,21,27],"current_hp_per_floor":[86,86,69,75,68,61,61,61,61,61,61,67,67,56,56,26,86,86,86,79,79,86,86,86,86,86,86,82,86,86,69,69,43,91,91,91,81,61,61,77,83,83,83,99,96,96,77,87,87,45],"gold":308,"neow_bonus":"ONE_RARE_RELIC","is_prod":false,"is_daily":false,"chose_seed":false,"campfire_upgraded":6,"win_rate":0,"timestamp":1555564807,"path_taken":["M","M","?","M","M","E","R","$","T","R","?","M","R","E","R","BOSS","M","?","M","$","?","E","R","M","T","$","E","M","M","?","R","BOSS","M","$","?","M","?","E","M","R","T","E","?","M","M","M","R","BOSS"],"build_version":"2019-01-23","purchased_purges":1,"victory":true,"max_hp_per_floor":[86,86,86,86,86,86,86,86,86,86,86,86,86,86,86,86,86,86,86,86,86,86,86,86,86,86,86,86,86,86,91,91,91,91,91,91,91,91,91,91,91,91,91,101,96,96,96,96,96,96],"card_choices":[{"not_picked":["Sever Soul","Flex"],"picked":"Pommel Strike","floor":1.0},{"not_picked":["Perfected Strike","Clothesline"],"picked":"Anger","floor":2.0},{"not_picked":["Sentinel","Havoc"],"picked":"Pummel","floor":4.0},{"not_picked":["Body Slam","Havoc"],"picked":"Twin Strike","floor":5.0},{"not_picked":["Headbutt","Armaments"],"picked":"Inflame","floor":6.0},{"not_picked":["Spot Weakness","Burning Pact"],"picked":"Double Tap","floor":12.0},{"not_picked":["Clash","Double Tap"],"picked":"Flex","floor":14.0},{"not_picked":["Immolate","Impervious"],"picked":"Reaper","floor":16.0},{"not_picked":["Clothesline","Searing Blow","Sentinel+1"],"picked":"SKIP","floor":18.0},{"not_picked":["Combust","Anger","Twin Strike"],"picked":"SKIP","floor":20.0},{"not_picked":["Intimidate","Perfected Strike+1","Sword Boomerang+1"],"picked":"SKIP","floor":22.0},{"not_picked":["Blood for Blood","Havoc+1","Iron Wave"],"picked":"SKIP","floor":23.0},{"not_picked":["Iron Wave","Entrench+1","Fiend Fire"],"picked":"SKIP","floor":25.0},{"not_picked":["Cleave+1","Sentinel+1","Anger+1"],"picked":"SKIP","floor":28.0},{"not_picked":["Combust+1","Sword Boomerang","True Grit+1"],"picked":"SKIP","floor":29.0},{"not_picked":["Headbutt","Evolve+1"],"picked":"Shrug It Off","floor":30.0},{"not_picked":["Fiend Fire","Barricade"],"picked":"Exhume","floor":33.0},{"not_picked":["Body Slam","Pommel Strike","Anger"],"picked":"SKIP","floor":35.0},{"not_picked":["Deep Breath","Forethought"],"picked":"Flash of Steel","floor":37.0},{"not_picked":["Swift Strike","Finesse"],"picked":"Apotheosis","floor":37.0},{"not_picked":["Purity","Mayhem"],"picked":"Jack Of All Trades","floor":37.0},{"not_picked":["Cleave","Iron Wave","Wild Strike+1"],"picked":"SKIP","floor":38.0},{"not_picked":["Whirlwind+1","Fire Breathing+1","Headbutt"],"picked":"SKIP","floor":40},{"not_picked":["Flex","Iron Wave+1","Headbutt+1"],"picked":"SKIP","floor":41},{"not_picked":["Whirlwind","Fire Breathing"],"picked":"Dual Wield+1","floor":44},{"not_picked":["Searing Blow","Battle Trance","Hemokinesis"],"picked":"SKIP","floor":46},{"not_picked":["Flex","Rupture+1","Battle Trance+1"],"picked":"SKIP","floor":47},{"not_picked":["Thunderclap","Power Through","Anger"],"picked":"SKIP","floor":48}],"player_experience":943963,"relics_obtained":[{"floor":6.0,"key":"MawBank"},{"floor":9.0,"key":"Boot"},{"floor":14.0,"key":"Letter Opener"},{"floor":23.0,"key":"Bottled Lightning"},{"floor":26.0,"key":"Anchor"},{"floor":28.0,"key":"Happy Flower"},{"floor":40,"key":"Shovel"},{"floor":42,"key":"Art of War"},{"floor":43,"key":"Lantern"},{"floor":44,"key":"Pear"},{"floor":49,"key":"Dodecahedron"}],"event_choices":[{"damage_healed":0.0,"max_hp_gain":0.0,"max_hp_loss":0.0,"gold_gain":0.0,"event_name":"Shining Light","player_choice":"Entered Light","floor":3.0,"gold_loss":0.0,"damage_taken":17.0,"cards_upgraded":["Anger","Strike_R"]},{"cards_removed":["Strike_R"],"damage_healed":0.0,"max_hp_gain":0.0,"max_hp_loss":0.0,"gold_gain":0.0,"event_name":"Bonfire Elementals","player_choice":"Offered Basic","floor":11.0,"gold_loss":0.0,"damage_taken":0.0},{"damage_healed":0.0,"max_hp_gain":0.0,"max_hp_loss":0.0,"gold_gain":0.0,"cards_transformed":["Strike_R"],"event_name":"Transmorgrifier","player_choice":"Transformed","floor":19.0,"gold_loss":0.0,"damage_taken":0.0,"cards_obtained":["Demon Form"]},{"damage_healed":0.0,"max_hp_gain":5.0,"max_hp_loss":0.0,"gold_gain":0.0,"event_name":"Forgotten Altar","player_choice":"Shed Blood","floor":31.0,"gold_loss":0.0,"damage_taken":22.0},{"damage_healed":0.0,"max_hp_gain":0.0,"max_hp_loss":0.0,"gold_gain":0.0,"event_name":"SensoryStone","player_choice":"Memory 3","floor":37.0,"gold_loss":0.0,"damage_taken":10.0},{"cards_removed":["Defend_R"],"damage_healed":0.0,"max_hp_gain":0.0,"max_hp_loss":0.0,"gold_gain":0.0,"event_name":"Falling","player_choice":"Removed Skill","floor":39.0,"gold_loss":0.0,"damage_taken":0.0},{"damage_healed":0,"gold_gain":0,"player_choice":"Max HP","damage_taken":0,"max_hp_gain":0,"max_hp_loss":5,"event_name":"Winding Halls","floor":45,"gold_loss":0}],"is_beta":false,"boss_relics":[{"not_picked":["Mark of Pain","Astrolabe"],"picked":"Empty Cage"},{"not_picked":["Pandora\u0027s Box","Velvet Choker"],"picked":"Fusion Hammer"}],"items_purged_floors":[36],"is_endless":false,"potions_floor_spawned":[1,5,12,18,23,28,30,35,40,44,48],"ascension_level":1}