{"gold_per_floor":[111,130,147,157,174,174,204,204,280,313,333,333,364,364,364,468,468,468,393,393,393,393,393,393,393,393,393,393,393,393,393,393,393,393,393,393,393,393,393,393,393,393,393,393,393,393,393,34,34,34],"floor_reached":51,"playtime":6382,"items_purged":["Strike_G","Defend_G"],"score":1403,"play_id":"e13313ef-c39b-493d-827b-08145f29dbe3","local_time":"20180728011531","is_ascension_mode":true,"campfire_choices":[{"data":"Neutralize","floor":6.0,"key":"SMITH"},{"data":"Footwork","floor":8.0,"key":"SMITH"},{"data":"Adrenaline","floor":15.0,"key":"SMITH"},{"data":"Noxious Fumes","floor":28.0,"key":"SMITH"},{"data":"Adrenaline","floor":32.0,"key":"SMITH"},{"data":"Adrenaline","floor":41,"key":"SMITH"},{"data":"Mind Blast","floor":49,"key":"SMITH"}],"neow_cost":"TEN_PERCENT_HP_LOSS","seed_source_timestamp":0,"circlet_count":0,"master_deck":["Defend_G","Defend_G","Defend_G","Strike_G","Strike_G","Strike_G","Survivor","Neutralize+1","Backstab","Footwork+1","Dash","Crippling Poison","Adrenaline+1","Backstab","Regret","Tools of the Trade","Adrenaline+1","Flechettes","Writhe","Cloak And Dagger+1","Noxious Fumes+1","Tactician+1","Prepared+1","Adrenaline+1","Accuracy+1","Die Die Die","Adrenaline+1","Backflip+1","Mind Blast+1","Infinite Blades+1","Caltrops+1","Escape Plan"],"special_seed":0,"relics":["Ring of the Snake","Bottled Flame","Mummified Hand","Dead Branch","Anchor","Pantograph","Darkstone Periapt","Ectoplasm","Strawberry","Paper Crane","Juzu Bracelet","Frozen Egg 2","Bird Faced Urn","Blue Candle","Busted Crown","Mango","Tough Bandages","Pear","Dream Catcher","Matryoshka","Ninja Scroll","Snake Skull"],"potions_floor_usage":[45,46,50,50,50],"damage_taken":[{"damage":0.0,"enemies":"Cultist","floor":1.0,"turns":4.0},{"damage":0.0,"enemies":"Small Slimes","floor":2.0,"turns":3.0},{"damage":8.0,"enemies":"Jaw Worm","floor":3.0,"turns":7.0},{"damage":5.0,"enemies":"Large Slime","floor":4.0,"turns":9.0},{"damage":0.0,"enemies":"Exordium Wildlife","floor":5.0,"turns":4.0},{"damage":1.0,"enemies":"Gremlin Nob","floor":7.0,"turns":4.0},{"damage":0.0,"enemies":"3 Sentries","floor":10.0,"turns":10.0},{"damage":0.0,"enemies":"3 Louse","floor":11.0,"turns":3.0},{"damage":0.0,"enemies":"Gremlin Nob","floor":13.0,"turns":3.0},{"damage":2.0,"enemies":"The Guardian","floor":16.0,"turns":16.0},{"damage":11.0,"enemies":"Spheric Guardian","floor":18.0,"turns":6.0},{"damage":0.0,"enemies":"3 Byrds","floor":21.0,"turns":3.0},{"damage":2.0,"enemies":"Slavers","floor":23.0,"turns":4.0},{"damage":0.0,"enemies":"Slaver and Parasite","floor":24.0,"turns":4.0},{"damage":0.0,"enemies":"Gremlin Leader","floor":25.0,"turns":6.0},{"damage":3.0,"enemies":"Book of Stabbing","floor":27.0,"turns":5.0},{"damage":4.0,"enemies":"Chosen and Byrds","floor":29.0,"turns":4.0},{"damage":0.0,"enemies":"3 Cultists","floor":30.0,"turns":3.0},{"damage":0.0,"enemies":"Slavers","floor":31.0,"turns":3.0},{"damage":9.0,"enemies":"Automaton","floor":33.0,"turns":3.0},{"damage":1,"enemies":"3 Shapes","floor":35,"turns":3},{"damage":1,"enemies":"Flame Bruiser 1 Orb","floor":36,"turns":3},{"damage":2,"floor":37,"turns":3},{"damage":1,"enemies":"Maw","floor":38,"turns":4},{"damage":1,"floor":39,"turns":4},{"damage":3,"enemies":"2 Orb Walkers","floor":40,"turns":3},{"damage":2,"enemies":"Giant Head","floor":42,"turns":3},{"damage":1,"enemies":"2 Orb Walkers","floor":45,"turns":2},{"damage":2,"enemies":"Transient","floor":46,"turns":5},{"damage":1,"enemies":"Flame Bruiser 2 Orb","floor":47,"turns":2},{"damage":2,"enemies":"Donu and Deca","floor":50,"turns":3}],"seed_played":"8177573140949727160","potions_obtained":[{"floor":3.0,"key":"Strength Potion"},{"floor":7.0,"key":"GamblersBrew"},{"floor":10.0,"key":"GhostInAJar"},{"floor":13.0,"key":"GamblersBrew"},{"floor":16.0,"key":"SpeedPotion"},{"floor":23.0,"key":"Ancient Potion"},{"floor":25.0,"key":"Explosive Potion"},{"floor":29.0,"key":"Block Potion"},{"floor":31.0,"key":"GamblersBrew"},{"floor":33.0,"key":"Energy Potion"},{"floor":37,"key":"Ancient Potion"},{"floor":45,"key":"Block Potion"},{"floor":47,"key":"GamblersBrew"}],"is_trial":false,"path_per_floor":["M","M","M","M","M","R","E","R","T","E","M","?","E","T","R","B",null,"M","$","?","M","?","E","M","E","T","E","R","M","M","E","R","B",null,"M","M","?","M","?","E","R","E","T","?","E","M","M","$","R","B"],"character_chosen":"THE_SILENT","items_purchased":["Snake Skull","Caltrops+1","Escape Plan"],"campfire_rested":0,"item_purchase_floors":[48,48,48],"current_hp_per_floor":[63,63,55,50,50,50,49,49,49,49,49,49,49,49,49,61,63,52,52,52,52,65,63,63,63,63,60,60,62,70,76,76,69,74,76,76,90,90,90,99,99,100,100,90,89,100,100,100,100,100],"gold":34,"neow_bonus":"REMOVE_TWO","is_prod":false,"is_daily":false,"chose_seed":false,"campfire_upgraded":7,"win_rate":0,"timestamp":1532704531,"path_taken":["M","M","M","M","?","R","E","R","T","E","M","?","E","?","R","BOSS","M","$","?","M","?","E","M","E","T","E","R","M","M","E","R","BOSS","M","M","?","M","?","E","R","E","T","?","E","M","M","$","R","BOSS"],"build_version":"2018-07-26","purchased_purges":2,"victory":true,"max_hp_per_floor":[63,63,63,63,63,63,63,63,63,63,63,63,63,63,63,63,63,63,63,63,63,76,76,76,76,76,76,76,76,76,76,76,76,76,76,76,90,90,90,100,100,100,100,100,100,100,100,100,100,100],"card_choices":[{"not_picked":["Underhanded Strike","PiercingWail"],"picked":"Backstab","floor":1.0},{"not_picked":["Calculated Gamble","Prepared"],"picked":"Footwork","floor":2.0},{"not_picked":["Heel Hook","Predator"],"picked":"Dash","floor":3.0},{"not_picked":["Sucker Punch","Dodge and Roll","Predator"],"picked":"SKIP","floor":4.0},{"not_picked":["Dodge and Roll","Calculated Gamble"],"picked":"Crippling Poison","floor":5.0},{"not_picked":["Dagger Throw","Poisoned Stab"],"picked":"Adrenaline","floor":7.0},{"not_picked":["Dodge and Roll","Tactician","Sucker Punch"],"picked":"SKIP","floor":10.0},{"not_picked":["Crippling Poison","Setup"],"picked":"Backstab","floor":11.0},{"not_picked":["Storm of Steel","Dagger Throw","Sucker Punch"],"picked":"SKIP","floor":13.0},{"not_picked":["Unload","Corpse Explosion"],"picked":"Tools of the Trade","floor":16.0},{"not_picked":["Riddle With Holes","Concentrate+1","Deadly Poison"],"picked":"SKIP","floor":18.0},{"not_picked":["Bane","Prepared"],"picked":"Flechettes","floor":21.0},{"not_picked":["Dodge and Roll","Prepared"],"picked":"Cloak And Dagger+1","floor":23.0},{"not_picked":["Dagger Spray","Poisoned Stab"],"picked":"Noxious Fumes","floor":24.0},{"not_picked":["Dodge and Roll","Prepared"],"picked":"Tactician+1","floor":25.0},{"not_picked":["Outmaneuver","Deflect"],"picked":"Prepared+1","floor":27.0},{"not_picked":["Caltrops+1","Choke"],"picked":"Adrenaline","floor":29.0},{"not_picked":["Tactician","Skewer"],"picked":"Accuracy+1","floor":30.0},{"not_picked":["Eviscerate","Blur"],"picked":"Die Die Die","floor":31.0},{"not_picked":["Corpse Explosion","Unload"],"picked":"Adrenaline","floor":33.0},{"not_picked":[],"picked":"Backflip+1","floor":35},{"not_picked":["PiercingWail+1"],"picked":"SKIP","floor":36},{"not_picked":["Poisoned Stab"],"picked":"SKIP","floor":38},{"not_picked":["Sucker Punch"],"picked":"SKIP","floor":40},{"not_picked":["Dodge and Roll+1"],"picked":"SKIP","floor":42},{"not_picked":[],"picked":"Mind Blast","floor":44},{"not_picked":["Outmaneuver"],"picked":"SKIP","floor":45},{"not_picked":[],"picked":"Infinite Blades+1","floor":46},{"not_picked":["Poisoned Stab"],"picked":"SKIP","floor":47}],"player_experience":172256,"relics_obtained":[{"floor":7.0,"key":"Bottled Flame"},{"floor":9.0,"key":"Mummified Hand"},{"floor":10.0,"key":"Dead Branch"},{"floor":13.0,"key":"Pantograph"},{"floor":14.0,"key":"Darkstone Periapt"},{"floor":23.0,"key":"Paper Crane"},{"floor":25.0,"key":"Juzu Bracelet"},{"floor":26.0,"key":"Frozen Egg 2"},{"floor":27.0,"key":"Bird Faced Urn"},{"floor":31.0,"key":"Blue Candle"},{"floor":37,"key":"Mango"},{"floor":39,"key":"Tough Bandages"},{"floor":40,"key":"Pear"},{"floor":42,"key":"Dream Catcher"},{"floor":43,"key":"Matryoshka"},{"floor":45,"key":"Ninja Scroll"}],"event_choices":[{"event_name":"Big Fish","player_choice":"Box","floor":12.0,"damage_taken":0.0},{"event_name":"Duplicator","player_choice":"One dupe","floor":20.0,"damage_taken":0.0},{"event_name":"The Mausoleum","player_choice":"Yes","floor":22.0,"damage_taken":0.0},{"event_name":"MindBloom","player_choice":"Fight","floor":37,"damage_taken":0},{"event_name":"Mysterious Sphere","player_choice":"Fight","floor":39,"damage_taken":0},{"event_name":"SensoryStone","player_choice":"Memory 3","floor":44,"damage_taken":0}],"is_beta":false,"boss_relics":[{"not_picked":["Eternal Feather","Velvet Choker"],"picked":"Ectoplasm"},{"not_picked":["HoveringKite","White Beast Statue"],"picked":"Busted Crown"}],"items_purged_floors":[19,48],"is_endless":false,"potions_floor_spawned":[3,7,10,13,16,23,25,29,31,33,36,37,42,45,47],"ascension_level":5}