{"path_per_floor":["M","M","?","?","M","E","R","E","T","$","R","$","R","M","R","B",null,"M","M","$","?","?","R","E","M","T","M","R","M","M","M","R","B",null,"M","M","M","?","M","R"],"character_chosen":"DEFECT","items_purchased":["Toxic Egg 2"],"gold_per_floor":[111,127,127,127,147,174,174,202,255,14,14,14,14,28,28,125,125,145,159,84,0,0,0,28,40,63,80,80,80,98,116,116,216,216,229,240,254,254,266,266,266],"floor_reached":41,"campfire_rested":3,"playtime":8457,"item_purchase_floors":[10],"current_hp_per_floor":[68,67,67,72,69,62,62,37,37,37,37,37,37,27,27,52,73,63,50,50,50,50,50,35,23,23,18,42,42,42,30,54,24,66,66,60,51,51,47,71,0],"items_purged":["Strike_B"],"gold":266,"score":618,"play_id":"5396b662-bc19-4fa6-b173-4413255aeb18","local_time":"20180523232015","is_prod":false,"is_daily":false,"chose_seed":false,"is_ascension_mode":true,"campfire_upgraded":5,"win_rate":0.35,"timestamp":1527110415,"campfire_choices":[{"data":"Dualcast","floor":7,"key":"SMITH"},{"data":"Biased Cognition","floor":11,"key":"SMITH"},{"data":"Turbo","floor":13,"key":"SMITH"},{"data":"Zap","floor":15,"key":"SMITH"},{"data":"Machine Learning","floor":23,"key":"SMITH"},{"floor":28,"key":"REST"},{"floor":32,"key":"REST"},{"floor":40,"key":"REST"}],"path_taken":["M","M","?","?","M","E","R","E","T","$","R","$","R","M","R","BOSS","M","M","$","?","?","R","E","?","T","M","R","M","?","?","R","BOSS","M","?","?","?","M","R","M"],"build_version":"2018-05-22","seed_source_timestamp":372899126827019,"purchased_purges":1,"victory":false,"master_deck":["Strike_B","Strike_B","Strike_B","Defend_B","Defend_B","Defend_B+1","Zap+1","Dualcast+1","Echo Form","Turbo+1","Darkness+1","Leap+1","Biased Cognition+1","Redo+1","Machine Learning+1","Hologram+1","Stack+1","Turbo+1","Hologram+1","Chaos+1","Stack+1","Recycle+1","Hello World","Hologram+1","Chill+1","Creative AI","Double Energy+1"],"max_hp_per_floor":[75,75,75,80,80,80,80,80,80,80,80,80,80,80,80,80,80,80,80,80,80,80,80,80,80,80,80,80,80,80,80,80,80,80,80,80,80,80,80,80,80],"relics":["Cracked Core","Pantograph","Happy Flower","War Paint","Toxic Egg 2","Orrery","Orichalcum","DataDisk","Snecko Eye"],"card_choices":[{"not_picked":["Aggregate","Coolheaded"],"picked":"Turbo","floor":1},{"not_picked":["Skim","Steam"],"picked":"Darkness","floor":2},{"not_picked":["Consume","Doom and Gloom","Blizzard"],"picked":"SKIP","floor":5},{"not_picked":["Barrage","Hologram"],"picked":"Leap","floor":6},{"not_picked":["Barrage","Lockon"],"picked":"Biased Cognition","floor":8},{"not_picked":["Sweeping Beam","Doom and Gloom"],"picked":"Redo+1","floor":14},{"not_picked":["Biased Cognition","Electrodynamics"],"picked":"Machine Learning","floor":16},{"not_picked":["Static Discharge","Streamline"],"picked":"Hologram+1","floor":17},{"not_picked":["Undo+1","Steam+1"],"picked":"Stack+1","floor":17},{"not_picked":["Axe Kick","Ball Lightning"],"picked":"Turbo+1","floor":17},{"not_picked":["Compile Driver","Undo+1"],"picked":"Hologram+1","floor":17},{"not_picked":["Tempest+1","Go for the Eyes"],"picked":"Chaos+1","floor":17},{"not_picked":["Auto Shields+1","Cold Snap"],"picked":"Stack+1","floor":18},{"not_picked":["Conserve Battery+1","White Noise+1"],"picked":"Recycle+1","floor":19},{"not_picked":["Ball Lightning","Beam Cell+1","Gash+1"],"picked":"SKIP","floor":24},{"not_picked":["Storm","White Noise+1","Darkness+1"],"picked":"SKIP","floor":25},{"not_picked":["Static Discharge+1","Rebound"],"picked":"Hologram+1","floor":27},{"not_picked":["Storm+1","Turbo+1"],"picked":"Chill+1","floor":30},{"not_picked":["Streamline+1","Static Discharge+1","Axe Kick"],"picked":"SKIP","floor":31},{"not_picked":["Thunder Strike","Meteor Strike"],"picked":"Creative AI","floor":33},{"not_picked":["Steam+1","Sweeping Beam+1"],"picked":"Double Energy+1","floor":35},{"not_picked":["Tempest+1","Melter+1","Rip and Tear"],"picked":"SKIP","floor":36},{"not_picked":["Go for the Eyes","Axe Kick","Fusion+1"],"picked":"SKIP","floor":37},{"not_picked":["Axe Kick","Thunder Strike","Cold Snap+1"],"picked":"SKIP","floor":39}],"player_experience":79043,"potions_floor_usage":[6,29,41,41,41],"damage_taken":[{"damage":0,"enemies":"2 Louse","floor":1,"turns":2},{"damage":1,"enemies":"Cultist","floor":2,"turns":3},{"damage":3,"enemies":"Jaw Worm","floor":5,"turns":4},{"damage":7,"enemies":"3 Sentries","floor":6,"turns":5},{"damage":25,"enemies":"Gremlin Nob","floor":8,"turns":4},{"damage":10,"enemies":"Lots of Slimes","floor":14,"turns":4},{"damage":0,"enemies":"Slime Boss","floor":16,"turns":5},{"damage":10,"enemies":"3 Byrds","floor":18,"turns":4},{"damage":13,"enemies":"Shell Parasite","floor":19,"turns":5},{"damage":15,"enemies":"Book of Stabbing","floor":24,"turns":6},{"damage":12,"enemies":"Centurion and Healer","floor":25,"turns":7},{"damage":5,"enemies":"Snake Plant","floor":27,"turns":6},{"damage":0,"enemies":"Snecko","floor":29,"turns":2},{"damage":0,"enemies":"3 Cultists","floor":30,"turns":5},{"damage":12,"enemies":"Chosen and Byrds","floor":31,"turns":5},{"damage":55,"enemies":"Automaton","floor":33,"turns":11},{"damage":0,"enemies":"3 Darklings","floor":35,"turns":7},{"damage":6,"enemies":"3 Shapes","floor":36,"turns":6},{"damage":9,"enemies":"3 Darklings","floor":37,"turns":5},{"damage":4,"enemies":"Sphere and 2 Shapes","floor":39,"turns":5},{"damage":73,"enemies":"Transient","floor":41,"turns":4}],"relics_obtained":[{"floor":6,"key":"Pantograph"},{"floor":8,"key":"Happy Flower"},{"floor":9,"key":"War Paint"},{"floor":24,"key":"Orichalcum"},{"floor":26,"key":"DataDisk"}],"event_choices":[{"event_name":"Living Wall","player_choice":"Grow","floor":3,"damage_taken":0},{"event_name":"Big Fish","player_choice":"Donut","floor":4,"damage_taken":0},{"event_name":"Masked Bandits","player_choice":"Paid Bandits 84 gold","floor":21,"damage_taken":0},{"event_name":"Transmorgrifier","player_choice":"Transform","floor":22,"damage_taken":0},{"event_name":"Mysterious Sphere","player_choice":"Ignore","floor":38,"damage_taken":0}],"boss_relics":[{"not_picked":["Inserter","White Beast Statue"],"picked":"Orrery"},{"not_picked":["Astrolabe","Tiny House"],"picked":"Snecko Eye"}],"items_purged_floors":[20],"potions_floor_spawned":[1,2,6,16,18,25,27,31,37],"seed_played":"-2646194156446837008","killed_by":"Transient","ascension_level":6,"potions_obtained":[{"floor":1,"key":"Swift Potion"},{"floor":2,"key":"FearPotion"},{"floor":6,"key":"EssenceOfSteel"},{"floor":16,"key":"SpeedPotion"},{"floor":25,"key":"SmokeBomb"},{"floor":31,"key":"SpeedPotion"}],"is_trial":false}