{"gold_per_floor":[116,291,14,14,34,34,52,83,83,119,139,178,191,235,235,366,366,390,390,28,42,62,62,97,110,182,223,239,114,148,173,173,303,303,318,318,343,359,126,150,188,87,87,87,87,87,120,120,120,120],"floor_reached":51,"playtime":3767,"items_purged":["Doubt","Strike_R+1","Strike_R+1"],"score":974,"play_id":"b2aea688-147b-45e8-bc49-9f83fc331475","local_time":"20180730014850","is_ascension_mode":true,"campfire_choices":[{"data":"Clothesline","floor":6,"key":"SMITH"},{"data":"Demon Form","floor":15,"key":"SMITH"},{"data":"Immolate","floor":23,"key":"SMITH"},{"data":"True Grit","floor":32,"key":"SMITH"},{"data":"Uppercut","floor":46,"key":"SMITH"},{"data":"True Grit","floor":49,"key":"SMITH"}],"neow_cost":"NONE","seed_source_timestamp":457781063309246,"circlet_count":0,"master_deck":["Strike_R+1","Strike_R+1","Strike_R+1","Defend_R+1","Defend_R+1","Defend_R+1","Defend_R+1","Bash","Clothesline+1","Shrug It Off","Dropkick","Clothesline","Twin Strike","Demon Form+1","Reckless Charge","Reaper","Twin Strike","Immolate","Impervious","Feel No Pain+1","Immolate+1","True Grit+1","True Grit+1","Armaments","Power Through+1","Reaper","Shrug It Off+1","Uppercut+1","Inflame","Pummel+1","Disarm+1","Inflame","Heavy Blade","Secret Technique","Flash of Steel","Disarm"],"relics":["Burning Blood","Orichalcum","Golden Idol","Bird Faced Urn","StoneCalendar","Centennial Puzzle","Torii","Anchor","Sozu","Paper Frog","Bag of Marbles","Ornamental Fan","Oddly Smooth Stone","Magic Flower","Eternal Feather","Bag of Preparation","Red Skull","Mummified Hand","Dream Catcher","Du-Vu Doll"],"potions_floor_usage":[50,50],"damage_taken":[{"damage":1,"enemies":"Cultist","floor":1,"turns":3},{"damage":4,"enemies":"Small Slimes","floor":5,"turns":4},{"damage":2,"enemies":"Jaw Worm","floor":7,"turns":4},{"damage":20,"enemies":"Lagavulin","floor":8,"turns":6},{"damage":6,"enemies":"Gremlin Nob","floor":10,"turns":4},{"damage":3,"enemies":"Blue Slaver","floor":11,"turns":3},{"damage":12,"enemies":"3 Sentries","floor":12,"turns":7},{"damage":2,"enemies":"Exordium Thugs","floor":13,"turns":4},{"damage":12,"enemies":"Gremlin Nob","floor":14,"turns":4},{"damage":6,"enemies":"Slime Boss","floor":16,"turns":7},{"damage":1,"enemies":"3 Byrds","floor":18,"turns":5},{"damage":1,"enemies":"Spheric Guardian","floor":21,"turns":3},{"damage":10,"enemies":"Snake Plant","floor":22,"turns":4},{"damage":4,"enemies":"Book of Stabbing","floor":24,"turns":5},{"damage":0,"enemies":"Cultist and Chosen","floor":25,"turns":4},{"damage":21,"enemies":"Gremlin Leader","floor":27,"turns":7},{"damage":0,"enemies":"Snecko","floor":28,"turns":4},{"damage":0,"enemies":"Slavers","floor":30,"turns":1},{"damage":0,"enemies":"Chosen and Byrds","floor":31,"turns":6},{"damage":41,"enemies":"Collector","floor":33,"turns":8},{"damage":40,"enemies":"3 Darklings","floor":35,"turns":4},{"damage":0,"enemies":"Orb Walker","floor":37,"turns":2},{"damage":17,"enemies":"Flame Bruiser 2 Orb","floor":38,"turns":5},{"damage":6,"enemies":"Spire Growth","floor":40,"turns":5},{"damage":1,"enemies":"2 Orb Walkers","floor":41,"turns":2},{"damage":36,"enemies":"Nemesis","floor":47,"turns":5},{"damage":1,"floor":48,"turns":6},{"damage":68,"enemies":"Time Eater","floor":50,"turns":8}],"seed_played":"-4594726342110913147","potions_obtained":[{"floor":5,"key":"Ancient Potion"},{"floor":10,"key":"Weak Potion"},{"floor":11,"key":"SteroidPotion"},{"floor":12,"key":"SneckoOil"},{"floor":13,"key":"Regen Potion"},{"floor":16,"key":"Explosive Potion"}],"is_trial":false,"path_per_floor":["M","?","$","?","M","R","M","E","T","E","M","E","M","E","R","B",null,"M","?","$","M","M","R","E","M","T","E","M","$","E","M","R","B",null,"M","?","M","M","$","M","E","$","T","?","$","R","E","?","R","B"],"character_chosen":"IRONCLAD","items_purchased":["Orichalcum","Shrug It Off","Paper Frog","Inflame","Bag of Preparation","Inflame","Heavy Blade"],"campfire_rested":0,"item_purchase_floors":[3,3,20,39,39,42,42],"current_hp_per_floor":[88,88,88,66,68,68,72,58,58,58,61,57,69,63,63,79,88,88,88,88,88,88,88,88,88,88,73,88,88,88,88,88,56,88,77,77,86,88,88,88,88,88,88,78,78,88,72,88,88,71],"gold":120,"neow_bonus":"TEN_PERCENT_HP_BONUS","is_prod":false,"is_daily":false,"chose_seed":false,"campfire_upgraded":6,"win_rate":0,"timestamp":1532879330,"path_taken":["M","?","$","?","M","R","M","E","T","E","?","E","M","E","R","BOSS","M","?","?","?","M","R","E","M","T","E","?","$","E","M","R","BOSS","M","?","M","M","$","M","E","$","T","?","?","R","E","?","R","BOSS"],"build_version":"2018-07-26","purchased_purges":3,"victory":true,"max_hp_per_floor":[88,88,88,88,88,88,88,88,88,88,88,88,88,88,88,88,88,88,88,88,88,88,88,88,88,88,88,88,88,88,88,88,88,88,88,88,88,88,88,88,88,88,88,88,88,88,88,88,88,88],"card_choices":[{"not_picked":["Headbutt","Pommel Strike"],"picked":"Clothesline","floor":1},{"not_picked":["Flex","Perfected Strike"],"picked":"Dropkick","floor":5},{"not_picked":["Rupture","Headbutt"],"picked":"Clothesline","floor":7},{"not_picked":["Clothesline","Perfected Strike"],"picked":"Twin Strike","floor":8},{"not_picked":["Rampage","Feel No Pain"],"picked":"Demon Form","floor":10},{"not_picked":["Perfected Strike","Anger"],"picked":"Reckless Charge","floor":11},{"not_picked":["Feel No Pain","Iron Wave"],"picked":"Reaper","floor":12},{"not_picked":["Havoc","Cleave"],"picked":"Twin Strike","floor":13},{"not_picked":["Iron Wave","Armaments"],"picked":"Immolate","floor":14},{"not_picked":["Barricade","Fiend Fire"],"picked":"Impervious","floor":16},{"not_picked":["Flex","Infernal Blade","Pommel Strike"],"picked":"SKIP","floor":18},{"not_picked":["Thunderclap","True Grit"],"picked":"Feel No Pain+1","floor":21},{"not_picked":["Clothesline","Evolve"],"picked":"Immolate","floor":22},{"not_picked":["Juggernaut","Perfected Strike"],"picked":"True Grit","floor":24},{"not_picked":["Perfected Strike","Wild Strike","Headbutt"],"picked":"SKIP","floor":25},{"not_picked":["Headbutt+1","Pommel Strike"],"picked":"True Grit","floor":27},{"not_picked":["Barricade","Shrug It Off"],"picked":"Armaments","floor":28},{"not_picked":["Dark Embrace","Dual Wield","Rage"],"picked":"SKIP","floor":30},{"not_picked":["Body Slam","Feel No Pain"],"picked":"Power Through+1","floor":31},{"not_picked":["Exhume","Double Tap"],"picked":"Reaper","floor":33},{"not_picked":["Body Slam","Armaments"],"picked":"Shrug It Off+1","floor":35},{"not_picked":["Pommel Strike+1","Hemokinesis"],"picked":"Uppercut","floor":37},{"not_picked":["Sword Boomerang+1","Twin Strike","Fire Breathing+1"],"picked":"SKIP","floor":38},{"not_picked":["Pommel Strike","Carnage"],"picked":"Pummel+1","floor":40},{"not_picked":["Immolate","Armaments"],"picked":"Disarm+1","floor":41},{"not_picked":["Panache","Dramatic Entrance"],"picked":"Secret Technique","floor":44},{"not_picked":["Deep Breath","Panacea"],"picked":"Flash of Steel","floor":44},{"not_picked":["Clash+1","Havoc+1","Cleave"],"picked":"SKIP","floor":47},{"not_picked":["Sword Boomerang","Ghostly Armor"],"picked":"Disarm","floor":48}],"player_experience":266457,"relics_obtained":[{"floor":8,"key":"Bird Faced Urn"},{"floor":9,"key":"StoneCalendar"},{"floor":10,"key":"Centennial Puzzle"},{"floor":12,"key":"Torii"},{"floor":14,"key":"Anchor"},{"floor":24,"key":"Bag of Marbles"},{"floor":26,"key":"Ornamental Fan"},{"floor":27,"key":"Oddly Smooth Stone"},{"floor":30,"key":"Magic Flower"},{"floor":41,"key":"Red Skull"},{"floor":43,"key":"Mummified Hand"},{"floor":47,"key":"Dream Catcher"},{"floor":48,"key":"Du-Vu Doll"}],"event_choices":[{"event_name":"Liars Game","player_choice":"agreed","floor":2,"damage_taken":0},{"event_name":"Golden Idol","player_choice":"Take Damage","floor":4,"damage_taken":0},{"event_name":"Back to Basics","player_choice":"Simplicity","floor":19,"damage_taken":0},{"event_name":"The Lab","player_choice":"Got Potions","floor":36,"damage_taken":0},{"event_name":"SensoryStone","player_choice":"Memory 3","floor":44,"damage_taken":0},{"event_name":"MindBloom","player_choice":"Fight","floor":48,"damage_taken":0}],"is_beta":false,"boss_relics":[{"not_picked":["Calling Bell","Philosopher\u0027s Stone"],"picked":"Sozu"},{"not_picked":["Runic Pyramid","Black Star"],"picked":"Eternal Feather"}],"items_purged_floors":[3,20,29],"is_endless":false,"potions_floor_spawned":[5,10,11,12,13,16,22,24,31,37,38,40,47],"ascension_level":4}