{"gold_per_floor":[116,127,138,153,167,167,201,216,216,216,216,141,168,183,183,287,287,297,297,197,211,221,221,221,221,221,236,111,138,157,176,176,176],"floor_reached":33,"playtime":2022,"items_purged":["Defend_R","Defend_R","Strike_R"],"score":321,"play_id":"7916cb31-b1d5-4a63-ba7c-5e0452bdc15a","local_time":"20190209215523","is_ascension_mode":true,"campfire_choices":[{"data":"Bash","floor":6,"key":"SMITH"},{"data":"Rage","floor":11,"key":"SMITH"},{"data":"Body Slam","floor":15,"key":"SMITH"},{"floor":23,"key":"REST"},{"floor":32,"key":"REST"}],"neow_cost":"TEN_PERCENT_HP_LOSS","seed_source_timestamp":30030273189455,"circlet_count":0,"master_deck":["Strike_R","Strike_R+1","Defend_R","Bash+1","Rage+1","Clash+1","Body Slam+1","Dropkick"],"relics":["Burning Blood","Whetstone","Blue Candle","CultistMask","Frozen Egg 2","White Beast Statue","Toxic Egg 2","Dodecahedron"],"potions_floor_usage":[13,16,21,27,29,29,29,30,30,31,31,33,33,33,33,33],"damage_taken":[{"damage":10,"enemies":"Jaw Worm","floor":1,"turns":4},{"damage":0,"enemies":"Cultist","floor":2,"turns":3},{"damage":0,"enemies":"Small Slimes","floor":3,"turns":4},{"damage":10,"enemies":"3 Louse","floor":4,"turns":4},{"damage":2,"enemies":"Large Slime","floor":5,"turns":5},{"damage":0,"enemies":"Gremlin Nob","floor":7,"turns":3},{"damage":7,"enemies":"Blue Slaver","floor":8,"turns":3},{"damage":3,"enemies":"Lagavulin","floor":13,"turns":3},{"damage":0,"enemies":"3 Louse","floor":14,"turns":2},{"damage":47,"enemies":"Slime Boss","floor":16,"turns":11},{"damage":0,"enemies":"Spheric Guardian","floor":18,"turns":3},{"damage":15,"enemies":"2 Thieves","floor":21,"turns":3},{"damage":27,"enemies":"Centurion and Healer","floor":22,"turns":5},{"damage":22,"enemies":"Snake Plant","floor":27,"turns":3},{"damage":11,"enemies":"Gremlin Leader","floor":29,"turns":4},{"damage":0,"enemies":"Shelled Parasite and Fungi","floor":30,"turns":4},{"damage":0,"enemies":"3 Cultists","floor":31,"turns":3},{"damage":70,"enemies":"Automaton","floor":33,"turns":6}],"seed_played":"-107804622931956795","potions_obtained":[{"floor":2,"key":"LiquidBronze"},{"floor":4,"key":"FearPotion"},{"floor":5,"key":"PowerPotion"},{"floor":18,"key":"Energy Potion"},{"floor":21,"key":"Explosive Potion"},{"floor":22,"key":"Ancient Potion"},{"floor":27,"key":"SpeedPotion"},{"floor":29,"key":"EntropicBrew"},{"floor":30,"key":"Explosive Potion"},{"floor":31,"key":"SkillPotion"}],"is_trial":false,"path_per_floor":["M","M","M","M","M","R","E","M","T","?","R","$","E","M","R","B",null,"M","?","$","M","M","R","?","?","T","M","$","E","M","M","R","B"],"character_chosen":"IRONCLAD","items_purchased":[],"campfire_rested":2,"item_purchase_floors":[],"current_hp_per_floor":[68,72,72,68,72,72,72,71,71,71,71,71,72,72,72,31,72,72,72,72,63,42,63,63,50,50,34,34,29,35,41,64,0],"gold":176,"neow_bonus":"REMOVE_TWO","is_prod":false,"is_daily":false,"chose_seed":false,"campfire_upgraded":3,"win_rate":0,"timestamp":1549767323,"path_taken":["M","M","M","M","M","R","E","M","T","?","R","$","E","?","R","BOSS","M","?","$","M","M","R","?","?","T","M","$","E","M","M","R","BOSS"],"build_version":"2019-01-23","purchased_purges":3,"victory":false,"max_hp_per_floor":[72,72,72,72,72,72,72,72,72,72,72,72,72,72,72,72,72,72,72,72,72,72,72,72,77,77,77,77,77,77,77,77,77],"card_choices":[{"not_picked":["Clothesline","Headbutt"],"picked":"Rage","floor":1},{"not_picked":["Flame Barrier","Power Through","Burning Pact"],"picked":"SKIP","floor":2},{"not_picked":["Blood for Blood","Corruption","Warcry"],"picked":"SKIP","floor":3},{"not_picked":["Clothesline","Cleave"],"picked":"Clash","floor":4},{"not_picked":["Havoc","Rupture","Reckless Charge"],"picked":"SKIP","floor":5},{"not_picked":["Flame Barrier","Berserk","Rupture"],"picked":"SKIP","floor":7},{"not_picked":["Armaments","Rupture","Sword Boomerang"],"picked":"SKIP","floor":8},{"not_picked":["Feel No Pain","Clothesline","Sword Boomerang"],"picked":"SKIP","floor":13},{"not_picked":["Disarm","Havoc"],"picked":"Body Slam","floor":14},{"not_picked":["Headbutt","Anger","Sever Soul+1"],"picked":"SKIP","floor":18},{"not_picked":["Warcry","Seeing Red+1","Shockwave"],"picked":"SKIP","floor":21},{"not_picked":["Clash","Second Wind","Corruption+1"],"picked":"SKIP","floor":22},{"not_picked":["Juggernaut+1","Flex+1","Pommel Strike"],"picked":"SKIP","floor":27},{"not_picked":["Pommel Strike","Cleave"],"picked":"Dropkick","floor":29},{"not_picked":["Heavy Blade","Fire Breathing+1","Pommel Strike"],"picked":"SKIP","floor":30},{"not_picked":["Cleave","Iron Wave","Rage+1"],"picked":"SKIP","floor":31}],"player_experience":767935,"relics_obtained":[{"floor":7,"key":"Whetstone"},{"floor":9,"key":"Blue Candle"},{"floor":13,"key":"Frozen Egg 2"},{"floor":26,"key":"Toxic Egg 2"},{"floor":29,"key":"Dodecahedron"}],"event_choices":[{"damage_healed":0,"gold_gain":0,"player_choice":"Trade","damage_taken":0,"relics_obtained":["CultistMask"],"max_hp_gain":0,"max_hp_loss":0,"event_name":"FaceTrader","floor":10,"gold_loss":0},{"damage_healed":0,"gold_gain":0,"player_choice":"Ignored","damage_taken":0,"max_hp_gain":0,"max_hp_loss":0,"event_name":"The Mausoleum","floor":19,"gold_loss":0},{"cards_removed":["Strike_R"],"damage_healed":0,"gold_gain":0,"player_choice":"Elegance","damage_taken":0,"max_hp_gain":0,"max_hp_loss":0,"event_name":"Back to Basics","floor":24,"gold_loss":0},{"damage_healed":0,"gold_gain":0,"player_choice":"Shed Blood","damage_taken":18,"max_hp_gain":5,"max_hp_loss":0,"event_name":"Forgotten Altar","floor":25,"gold_loss":0}],"is_beta":false,"boss_relics":[{"not_picked":["Coffee Dripper","Fusion Hammer"],"picked":"White Beast Statue"}],"items_purged_floors":[12,20,28],"is_endless":false,"potions_floor_spawned":[2,4,5,7,18,21,22,27,29,30,31],"killed_by":"Automaton","ascension_level":1}