{"gold_per_floor":[115,140,65,76,1,1,32,32,100,100,123,147,166,179,179,269,269,285,308,322,338,55,55,71,121,146,146,167,167,167,180,180,276,276,295,295,314,314],"floor_reached":38,"playtime":3105,"items_purged":["Defend_G"],"score":703,"play_id":"b25915e6-bb38-45c4-ad4c-2a8a37728275","local_time":"20190330005521","is_ascension_mode":true,"campfire_choices":[{"data":"Neutralize","floor":6.0,"key":"SMITH"},{"data":"Survivor","floor":10.0,"key":"SMITH"},{"data":"Noxious Fumes","floor":15.0,"key":"SMITH"},{"floor":23.0,"key":"REST"},{"floor":30.0,"key":"REST"},{"floor":32.0,"key":"REST"}],"neow_cost":"TEN_PERCENT_HP_LOSS","seed_source_timestamp":264143205762154,"circlet_count":0,"master_deck":["AscendersBane","Defend_G+1","Defend_G+1","Strike_G+1","Strike_G+1","Survivor+1","Neutralize+1","PiercingWail","Quick Slash","Heel Hook","Noxious Fumes+1","Backflip","Deadly Poison","Dagger Spray","Envenom","Acrobatics","Backflip","Leg Sweep","Mayhem","Night Terror","Quick Slash","Terror","Dodge and Roll","Bullet Time","Bane"],"special_seed":0,"relics":["Ring of the Snake","Torii","Regal Pillow","Pantograph","Golden Idol","Blue Candle","Snecko Eye","Oddly Smooth Stone","Empty Cage"],"potions_floor_usage":[],"damage_taken":[{"damage":1.0,"enemies":"Cultist","floor":1.0,"turns":5.0},{"damage":1.0,"enemies":"Small Slimes","floor":4.0,"turns":5.0},{"damage":29.0,"enemies":"Lagavulin","floor":7.0,"turns":7.0},{"damage":1.0,"enemies":"2 Louse","floor":11.0,"turns":3.0},{"damage":1.0,"enemies":"Looter","floor":12.0,"turns":3.0},{"damage":2.0,"enemies":"Red Slaver","floor":13.0,"turns":3.0},{"damage":3.0,"enemies":"Gremlin Gang","floor":14.0,"turns":5.0},{"damage":3.0,"enemies":"Hexaghost","floor":16.0,"turns":10.0},{"damage":8.0,"enemies":"Chosen","floor":18.0,"turns":5.0},{"damage":15.0,"enemies":"Spheric Guardian","floor":19.0,"turns":6.0},{"damage":2.0,"enemies":"Centurion and Healer","floor":20.0,"turns":8.0},{"damage":7.0,"enemies":"Snake Plant","floor":21.0,"turns":5.0},{"damage":41.0,"enemies":"3 Cultists","floor":24.0,"turns":7.0},{"damage":1.0,"enemies":"Snecko","floor":28.0,"turns":6.0},{"damage":21.0,"enemies":"Shelled Parasite and Fungi","floor":31.0,"turns":3.0},{"damage":23.0,"enemies":"Champ","floor":33.0,"turns":9.0},{"damage":24.0,"enemies":"3 Darklings","floor":35.0,"turns":5.0},{"damage":18,"enemies":"3 Shapes","floor":37,"turns":5},{"damage":13,"enemies":"Spire Growth","floor":38,"turns":5}],"seed_played":"6029999481807586984","potions_obtained":[{"floor":1.0,"key":"AttackPotion"},{"floor":13.0,"key":"SteroidPotion"},{"floor":14.0,"key":"Weak Potion"},{"floor":16.0,"key":"Weak Potion"},{"floor":20.0,"key":"GamblersBrew"},{"floor":21.0,"key":"Swift Potion"},{"floor":28.0,"key":"FearPotion"},{"floor":31.0,"key":"Strength Potion"},{"floor":37,"key":"Fire Potion"}],"is_trial":false,"path_per_floor":["M","T","$","M","?","R","E","?","T","R","M","M","M","M","R","B",null,"M","M","M","M","$","R","M","?","T","?","M","?","R","M","R","B",null,"M","?","M","M"],"character_chosen":"THE_SILENT","items_purchased":["Leg Sweep","Mayhem"],"campfire_rested":3,"item_purchase_floors":[22,22],"current_hp_per_floor":[58,58,58,57,57,57,28,28,28,28,27,26,24,21,21,43,51,43,28,26,19,19,50,9,9,9,9,8,8,39,18,49,31,48,24,24,6,0],"gold":314,"neow_bonus":"ONE_RARE_RELIC","is_prod":false,"is_daily":false,"chose_seed":false,"campfire_upgraded":3,"win_rate":0,"timestamp":1553921721,"path_taken":["M","?","$","M","?","R","E","?","T","R","M","M","M","M","R","BOSS","M","M","M","M","$","R","M","?","T","?","M","?","R","M","R","BOSS","M","?","M","?"],"build_version":"2019-01-23","purchased_purges":1,"victory":false,"max_hp_per_floor":[60,60,60,60,60,60,60,54,54,54,54,54,54,54,54,54,54,54,54,54,54,54,54,54,54,54,54,54,54,54,54,54,54,54,54,54,54,54],"card_choices":[{"not_picked":["Bouncing Flask","Flying Knee"],"picked":"PiercingWail","floor":1.0},{"not_picked":["Outmaneuver","Dodge and Roll"],"picked":"Quick Slash","floor":4.0},{"not_picked":["Deflect","Prepared"],"picked":"Heel Hook","floor":7.0},{"not_picked":["Dagger Spray","Die Die Die"],"picked":"Noxious Fumes","floor":11.0},{"not_picked":["Cloak And Dagger","Poisoned Stab"],"picked":"Backflip","floor":12.0},{"not_picked":["Flechettes","Underhanded Strike"],"picked":"Deadly Poison","floor":13.0},{"not_picked":["Outmaneuver","Slice"],"picked":"Dagger Spray","floor":14.0},{"not_picked":["Night Terror","Burst"],"picked":"Envenom","floor":16.0},{"not_picked":["Deflect","Flying Knee"],"picked":"Acrobatics","floor":18.0},{"not_picked":["Dodge and Roll","Setup","Caltrops"],"picked":"SKIP","floor":19.0},{"not_picked":["Deadly Poison","Prepared"],"picked":"Backflip","floor":20.0},{"not_picked":["PiercingWail","Cloak And Dagger","All Out Attack"],"picked":"SKIP","floor":21.0},{"not_picked":["Slice+1","Prepared"],"picked":"Night Terror","floor":24.0},{"not_picked":["Acrobatics","Outmaneuver","Deadly Poison"],"picked":"SKIP","floor":28.0},{"not_picked":["PiercingWail+1","Flying Knee"],"picked":"Dodge and Roll","floor":31.0},{"not_picked":["Die Die Die","After Image"],"picked":"Bullet Time","floor":33.0},{"not_picked":["Acrobatics","Poisoned Stab+1"],"picked":"Bane","floor":35.0},{"not_picked":["Dodge and Roll","PiercingWail+1","Acrobatics"],"picked":"SKIP","floor":37}],"player_experience":907562,"relics_obtained":[{"floor":2.0,"key":"Regal Pillow"},{"floor":7.0,"key":"Pantograph"},{"floor":9.0,"key":"Blue Candle"},{"floor":26.0,"key":"Oddly Smooth Stone"}],"event_choices":[{"cards_removed":["Strike_G"],"damage_healed":0.0,"max_hp_gain":0.0,"max_hp_loss":0.0,"gold_gain":0.0,"event_name":"The Cleric","player_choice":"Card Removal","floor":5.0,"gold_loss":75.0,"damage_taken":0.0},{"damage_healed":0.0,"max_hp_gain":0.0,"max_hp_loss":6.0,"gold_gain":0.0,"event_name":"Golden Idol","player_choice":"Lose Max HP","floor":8.0,"gold_loss":0.0,"damage_taken":0.0,"relics_obtained":["Golden Idol"]},{"damage_healed":0.0,"max_hp_gain":0.0,"max_hp_loss":0.0,"gold_gain":50.0,"event_name":"Nest","player_choice":"Stole From Cult","floor":25.0,"gold_loss":0.0,"damage_taken":0.0},{"damage_healed":0.0,"max_hp_gain":0.0,"max_hp_loss":0.0,"gold_gain":0.0,"cards_transformed":["Strike_G","Strike_G"],"event_name":"Drug Dealer","player_choice":"Became Test Subject","floor":27.0,"gold_loss":0.0,"damage_taken":0.0,"cards_obtained":["Quick Slash","Terror"]},{"damage_healed":0.0,"max_hp_gain":0.0,"max_hp_loss":0.0,"gold_gain":0.0,"event_name":"Back to Basics","player_choice":"Simplicity","floor":29.0,"gold_loss":0.0,"damage_taken":0.0,"cards_upgraded":["Defend_G","Defend_G","Defend_G","Defend_G","Strike_G","Strike_G"]},{"damage_healed":0.0,"max_hp_gain":0.0,"max_hp_loss":0.0,"gold_gain":0.0,"event_name":"Match and Keep!","player_choice":"0 cards matched","floor":36.0,"gold_loss":0.0,"damage_taken":0.0,"cards_obtained":[]}],"is_beta":false,"boss_relics":[{"not_picked":["Runic Pyramid","Eternal Feather"],"picked":"Snecko Eye"},{"not_picked":["Pandora\u0027s Box","White Beast Statue"],"picked":"Empty Cage"}],"items_purged_floors":[3],"is_endless":false,"potions_floor_spawned":[1,13,14,16,20,21,28,31,37],"killed_by":"Spire Growth","ascension_level":17}