{"gold_per_floor":[109,109,134,157,185,197,209,236,248,260,285,297,324,351,363,476,488,511,147,147,157,57,82,100,114,164,164,183,183,183],"floor_reached":30,"playtime":1355,"items_purged":["Strike_B","Strike_B"],"score":283,"play_id":"76c0f90d-3a70-47b8-8bfd-88f3caf906ac","local_time":"20190418225526","is_ascension_mode":true,"campfire_choices":[{"data":"Zap","floor":7,"key":"SMITH"},{"data":"Streamline","floor":10,"key":"SMITH"},{"floor":12,"key":"REST"},{"floor":15,"key":"REST"},{"data":"Sweeping Beam","floor":27,"key":"SMITH"},{"data":"Buffer","floor":29,"key":"SMITH"}],"neow_cost":"TEN_PERCENT_HP_LOSS","seed_source_timestamp":85673574227412,"circlet_count":0,"master_deck":["Strike_B","Defend_B","Defend_B","Defend_B","Defend_B","Zap+1","Dualcast","Genetic Algorithm","Cold Snap","Cold Snap","Conserve Battery","Streamline+1","FTL","Gash","Buffer+1","Reinforced Body+1","Sweeping Beam+1","Normality","Fission","Sweeping Beam","Ball Lightning+1","Pain"],"relics":["Cracked Core","WingedGreaves","MawBank","Cables","Cursed Key","ClockworkSouvenir","Ginger","Thread and Needle","Orichalcum"],"potions_floor_usage":[16,16,16,23],"damage_taken":[{"damage":9,"enemies":"2 Louse","floor":1,"turns":3},{"damage":1,"enemies":"Cultist","floor":3,"turns":4},{"damage":2,"enemies":"Small Slimes","floor":4,"turns":4},{"damage":31,"enemies":"Gremlin Gang","floor":5,"turns":6},{"damage":7,"enemies":"Large Slime","floor":8,"turns":6},{"damage":0,"enemies":"Blue Slaver","floor":11,"turns":3},{"damage":0,"enemies":"Looter","floor":13,"turns":3},{"damage":14,"enemies":"Large Slime","floor":14,"turns":4},{"damage":21,"enemies":"The Guardian","floor":16,"turns":11},{"damage":13,"enemies":"Shell Parasite","floor":18,"turns":6},{"damage":0,"enemies":"Spheric Guardian","floor":21,"turns":3},{"damage":22,"enemies":"Slavers","floor":23,"turns":7},{"damage":23,"enemies":"Snecko","floor":24,"turns":5},{"damage":0,"enemies":"Centurion and Healer","floor":25,"turns":8},{"damage":2,"enemies":"Cultist and Chosen","floor":28,"turns":5},{"damage":8,"enemies":"Snake Plant","floor":30,"turns":4}],"seed_played":"1785434107395481619","potions_obtained":[{"floor":3,"key":"Swift Potion"},{"floor":4,"key":"Weak Potion"},{"floor":8,"key":"Swift Potion"},{"floor":18,"key":"AttackPotion"},{"floor":24,"key":"Ancient Potion"},{"floor":25,"key":"Weak Potion"}],"is_trial":false,"path_per_floor":["M","?","M","M","M","?","R","M","T","R","M","R","M","M","R","B",null,"M","$","T","M","$","E","M","M","T","R","M","R","M"],"character_chosen":"DEFECT","items_purchased":["Sweeping Beam","ClockworkSouvenir","Poison Potion"],"campfire_rested":2,"item_purchase_floors":[19,19,19],"current_hp_per_floor":[59,47,46,44,13,13,13,6,6,6,6,26,26,12,32,11,68,55,55,55,55,55,33,10,10,10,10,8,8,0],"gold":183,"neow_bonus":"ONE_RARE_RELIC","is_prod":false,"is_daily":false,"chose_seed":false,"campfire_upgraded":4,"win_rate":0,"timestamp":1555646126,"path_taken":["M","?","M","M","M","?","R","M","T","R","?","R","M","M","R","BOSS","M","$","?","?","?","E","M","?","T","R","M","R","M"],"build_version":"2019-01-23","purchased_purges":2,"victory":false,"max_hp_per_floor":[68,68,68,68,68,68,68,68,68,68,68,68,68,68,68,68,68,68,68,68,68,68,68,68,68,68,68,68,68,68],"card_choices":[{"not_picked":["Barrage","Recycle"],"picked":"Genetic Algorithm","floor":1},{"not_picked":["Genetic Algorithm","Redo"],"picked":"Cold Snap","floor":3},{"not_picked":["Chill","Rip and Tear"],"picked":"Cold Snap","floor":4},{"not_picked":["Coolheaded","Stack"],"picked":"Conserve Battery","floor":5},{"not_picked":["Hologram","Core Surge"],"picked":"Streamline","floor":8},{"not_picked":["Streamline","Conserve Battery"],"picked":"FTL","floor":11},{"not_picked":["Redo","Turbo","Stack"],"picked":"SKIP","floor":13},{"not_picked":["Cold Snap","Compile Driver"],"picked":"Gash","floor":14},{"not_picked":["Machine Learning","Echo Form"],"picked":"Buffer","floor":16},{"not_picked":["Rebound","Redo"],"picked":"Reinforced Body+1","floor":18},{"not_picked":["Barrage+1","Double Energy","Auto Shields"],"picked":"SKIP","floor":21},{"not_picked":["Cold Snap","Rebound"],"picked":"Fission","floor":23},{"not_picked":["Lockon","Auto Shields"],"picked":"Sweeping Beam","floor":24},{"not_picked":["Coolheaded+1","Stack+1"],"picked":"Ball Lightning+1","floor":25},{"not_picked":["Double Energy","Steam+1","Turbo"],"picked":"SKIP","floor":28}],"player_experience":234176,"relics_obtained":[{"floor":9,"key":"Cables"},{"floor":20,"key":"Ginger"},{"floor":23,"key":"Thread and Needle"},{"floor":26,"key":"Orichalcum"}],"event_choices":[{"damage_healed":0,"gold_gain":0,"player_choice":"Success","damage_taken":12,"relics_obtained":["MawBank"],"max_hp_gain":0,"max_hp_loss":0,"event_name":"Scrap Ooze","floor":2,"gold_loss":0},{"cards_removed":["Strike_B"],"damage_healed":0,"gold_gain":0,"player_choice":"Offered Basic","damage_taken":0,"max_hp_gain":0,"max_hp_loss":0,"event_name":"Bonfire Elementals","floor":6,"gold_loss":0}],"is_beta":false,"boss_relics":[{"not_picked":["Pandora\u0027s Box","Black Star"],"picked":"Cursed Key"}],"items_purged_floors":[19,22],"is_endless":false,"potions_floor_spawned":[3,4,8,14,18,24,25],"killed_by":"Snake Plant","ascension_level":3}