{"gold_per_floor":[111,127,127,140,43,84,11,31,54,54,73,93,193,212,212,335,335,335,335,335,335,151,151,151,151,151,151,151,151,151,151,151,151,151,151,151,151,151,151,151,151,151,151,151,151,151,26,26,26,26],"floor_reached":51,"playtime":7014,"items_purged":["Defend_G","Writhe","Strike_G"],"score":756,"play_id":"6e59eedd-41d9-499b-94fe-4571fa15f209","local_time":"20180725193345","is_ascension_mode":false,"campfire_choices":[{"floor":10.0,"key":"REST"},{"data":"Footwork","floor":15.0,"key":"SMITH"},{"data":"Adrenaline","floor":24.0,"key":"SMITH"},{"data":"Backstab","floor":27.0,"key":"SMITH"},{"data":"Glass Knife","floor":30.0,"key":"SMITH"},{"data":"Noxious Fumes","floor":32.0,"key":"SMITH"},{"data":"Leg Sweep","floor":41,"key":"SMITH"},{"data":"Mind Blast","floor":49,"key":"SMITH"}],"neow_cost":"NONE","seed_source_timestamp":0,"circlet_count":0,"master_deck":["Defend_G","Defend_G","Defend_G","Defend_G","Strike_G","Strike_G","Strike_G","Strike_G","Survivor+1","Neutralize","Footwork+1","Dodge and Roll","Blur","Poisoned Stab","Adrenaline+1","Noxious Fumes+1","All Out Attack","Dash","Leg Sweep+1","Blade Dance","Dash","Glass Knife+1","Backflip","Backstab+1","Blur","Prepared","Backflip","Dagger Throw+1","Crippling Poison+1","PiercingWail+1","Tools of the Trade","Dagger Spray+1","Sucker Punch","PiercingWail+1","Footwork+1","Backstab+1","Backflip+1","Quick Slash+1","Flash of Steel","Mind Blast+1","Mind Blast","Escape Plan"],"special_seed":0,"relics":["Ring of the Snake","Golden Idol","Dream Catcher","Bag of Marbles","Ectoplasm","Strawberry","Bottled Lightning","Du-Vu Doll","Ancient Tea Set","Philosopher\u0027s Stone","Bag of Preparation","Paper Crane","Boot"],"potions_floor_usage":[44,45,50,50],"damage_taken":[{"damage":0.0,"enemies":"Cultist","floor":1.0,"turns":4.0},{"damage":0.0,"enemies":"2 Louse","floor":2.0,"turns":4.0},{"damage":0.0,"enemies":"Jaw Worm","floor":4.0,"turns":7.0},{"damage":25.0,"enemies":"Lagavulin","floor":6.0,"turns":12.0},{"damage":0.0,"enemies":"2 Fungi Beasts","floor":8.0,"turns":4.0},{"damage":1.0,"enemies":"Exordium Thugs","floor":11.0,"turns":4.0},{"damage":0.0,"enemies":"Red Slaver","floor":12.0,"turns":4.0},{"damage":0.0,"enemies":"Looter","floor":14.0,"turns":4.0},{"damage":14.0,"enemies":"Slime Boss","floor":16.0,"turns":12.0},{"damage":0.0,"enemies":"Spheric Guardian","floor":18.0,"turns":6.0},{"damage":8.0,"enemies":"Slavers","floor":23.0,"turns":6.0},{"damage":0.0,"enemies":"3 Byrds","floor":25.0,"turns":5.0},{"damage":0.0,"enemies":"3 Cultists","floor":28.0,"turns":6.0},{"damage":0.0,"enemies":"Cultist and Chosen","floor":31.0,"turns":4.0},{"damage":44.0,"enemies":"Automaton","floor":33.0,"turns":13.0},{"damage":18.0,"enemies":"Flame Bruiser 1 Orb","floor":35.0,"turns":6.0},{"damage":0.0,"enemies":"3 Darklings","floor":37.0,"turns":4.0},{"damage":0.0,"enemies":"Spire Growth","floor":38.0,"turns":5.0},{"damage":0.0,"enemies":"Maw","floor":39.0,"turns":9.0},{"damage":0,"enemies":"Nemesis","floor":40,"turns":7},{"damage":0,"enemies":"Flame Bruiser 2 Orb","floor":42,"turns":1},{"damage":0,"enemies":"2 Orb Walkers","floor":44,"turns":4},{"damage":0,"enemies":"Transient","floor":45,"turns":5},{"damage":0,"enemies":"3 Darklings","floor":48,"turns":1},{"damage":12,"enemies":"Awakened One","floor":50,"turns":15}],"seed_played":"-6490933102408188031","potions_obtained":[{"floor":1.0,"key":"Fire Potion"},{"floor":4.0,"key":"SkillPotion"},{"floor":6.0,"key":"Weak Potion"},{"floor":14.0,"key":"Weak Potion"},{"floor":25.0,"key":"Regen Potion"},{"floor":31.0,"key":"Fire Potion"},{"floor":37.0,"key":"LiquidBronze"},{"floor":40,"key":"Ancient Potion"},{"floor":44,"key":"Fire Potion"}],"is_trial":false,"path_per_floor":["M","M","?","M","$","E","$","M","T","R","M","M","?","M","R","B",null,"M","?","?","?","$","E","R","M","T","R","M","T","R","M","R","B",null,"M","?","M","M","M","E","R","M","T","E","M","?","$","M","R","B"],"character_chosen":"THE_SILENT","items_purchased":["Poisoned Stab","Noxious Fumes","Blur","Prepared"],"campfire_rested":1,"item_purchase_floors":[5,7,22,22],"current_hp_per_floor":[70,70,53,53,53,28,28,28,28,49,48,48,48,48,48,34,70,70,70,77,77,77,69,69,69,69,69,69,69,69,77,77,33,77,59,67,67,67,67,67,67,67,67,67,67,57,57,57,57,45],"gold":26,"neow_bonus":"UPGRADE_CARD","is_prod":false,"is_daily":false,"chose_seed":false,"campfire_upgraded":7,"win_rate":0,"timestamp":1532511225,"path_taken":["M","?","?","M","?","E","$","M","T","R","M","?","?","M","R","BOSS","M","?","?","?","$","E","R","M","T","R","?","?","R","M","R","BOSS","M","?","?","M","M","E","R","M","T","E","M","?","?","M","R","BOSS"],"build_version":"2018-07-19v2","purchased_purges":3,"victory":true,"max_hp_per_floor":[70,70,70,70,70,70,70,70,70,70,70,70,70,70,70,70,70,70,70,77,77,77,77,77,77,77,77,77,77,77,77,77,77,77,77,67,67,67,67,67,67,67,67,67,67,67,67,67,67,67],"card_choices":[{"not_picked":["Blade Dance","Backflip"],"picked":"Footwork","floor":1.0},{"not_picked":["Blade Dance","Underhanded Strike"],"picked":"Dodge and Roll","floor":2.0},{"not_picked":["Endless Agony","Escape Plan"],"picked":"Blur","floor":4.0},{"not_picked":["Leg Sweep","Cloak And Dagger"],"picked":"Adrenaline","floor":6.0},{"not_picked":["Bane","Deadly Poison"],"picked":"All Out Attack","floor":8.0},{"not_picked":["Dagger Throw","All Out Attack"],"picked":"Dash","floor":10.0},{"not_picked":["Deadly Poison","Bane"],"picked":"Leg Sweep","floor":11.0},{"not_picked":["Bane","Flying Knee"],"picked":"Blade Dance","floor":12.0},{"not_picked":["Dagger Spray","PiercingWail"],"picked":"Dash","floor":14.0},{"not_picked":["Phantasmal Killer","Doppelganger"],"picked":"Glass Knife","floor":16.0},{"not_picked":["Predator","Accuracy"],"picked":"Backflip","floor":18.0},{"not_picked":["Deadly Poison","Accuracy"],"picked":"Backflip","floor":23.0},{"not_picked":["Dodge and Roll","Dagger Spray+1"],"picked":"Dagger Throw+1","floor":25.0},{"not_picked":["Endless Agony","Dagger Spray+1"],"picked":"Crippling Poison+1","floor":28.0},{"not_picked":["Cloak And Dagger","Acrobatics+1"],"picked":"PiercingWail+1","floor":31.0},{"not_picked":["Night Terror","Bullet Time"],"picked":"Tools of the Trade","floor":33.0},{"not_picked":["Tactician","Reflex"],"picked":"Dagger Spray+1","floor":35.0},{"not_picked":["Deflect","Outmaneuver"],"picked":"Sucker Punch","floor":37.0},{"not_picked":["Caltrops","Dagger Spray"],"picked":"PiercingWail+1","floor":38.0},{"not_picked":["Dagger Throw+1","Outmaneuver+1"],"picked":"Footwork+1","floor":39},{"not_picked":["Catalyst+1","Slice+1"],"picked":"Backstab+1","floor":40},{"not_picked":["Slice","Dodge and Roll+1"],"picked":"Backflip+1","floor":42},{"not_picked":["Corpse Explosion","Sucker Punch","Caltrops"],"picked":"SKIP","floor":44},{"not_picked":["Calculated Gamble+1","Bane+1"],"picked":"Quick Slash+1","floor":45},{"not_picked":["Jack Of All Trades","Transmutation"],"picked":"Flash of Steel","floor":46},{"not_picked":["Purity","Good Instincts"],"picked":"Mind Blast","floor":46},{"not_picked":["Dark Shackles","Blind"],"picked":"Mind Blast","floor":46},{"not_picked":["Poisoned Stab","PiercingWail+1"],"picked":"Escape Plan","floor":48}],"player_experience":77007,"relics_obtained":[{"floor":6.0,"key":"Dream Catcher"},{"floor":9.0,"key":"Bag of Marbles"},{"floor":23.0,"key":"Bottled Lightning"},{"floor":26.0,"key":"Du-Vu Doll"},{"floor":29.0,"key":"Ancient Tea Set"},{"floor":40,"key":"Bag of Preparation"},{"floor":43,"key":"Paper Crane"},{"floor":44,"key":"Boot"}],"event_choices":[{"event_name":"Golden Idol","player_choice":"Take Damage","floor":3.0,"damage_taken":0.0},{"event_name":"Wheel of Change","player_choice":"Gold","floor":13.0,"damage_taken":0.0},{"event_name":"The Library","player_choice":"Read","floor":19.0,"damage_taken":0.0},{"event_name":"The Mausoleum","player_choice":"Yes","floor":20.0,"damage_taken":0.0},{"event_name":"Golden Shrine","player_choice":"Pray","floor":21.0,"damage_taken":0.0},{"event_name":"The Moai Head","player_choice":"Heal","floor":36.0,"damage_taken":0.0},{"event_name":"SensoryStone","player_choice":"Memory 3","floor":46,"damage_taken":0}],"is_beta":false,"boss_relics":[{"not_picked":["White Beast Statue","Astrolabe"],"picked":"Ectoplasm"},{"not_picked":["Empty Cage","Tiny House"],"picked":"Philosopher\u0027s Stone"}],"items_purged_floors":[5,22,47],"is_endless":false,"potions_floor_spawned":[1,4,6,14,25,31,37,40,42,44],"ascension_level":0}