{"gold_per_floor":[111,130,305,22,34,67,67,67,67,83,93,93,193,210,210,308,308,324,374,94,105,42,42,42],"floor_reached":24,"playtime":1609,"items_purged":["Doubt","Defend_R","Strike_R"],"score":245,"play_id":"aa5aa982-034d-400b-8c07-be5696ccf7b4","local_time":"20190210142305","is_ascension_mode":true,"campfire_choices":[{"data":"Metallicize","floor":8,"key":"SMITH"},{"data":"Rage","floor":12,"key":"SMITH"},{"data":"Pommel Strike","floor":15,"key":"SMITH"},{"data":"Defend_R","floor":23,"key":"SMITH"}],"neow_cost":"NONE","seed_source_timestamp":254560485622798,"circlet_count":0,"master_deck":["Strike_R","Strike_R","Strike_R","Strike_R","Defend_R","Defend_R","Defend_R+1","Bash+1","Pommel Strike+1","Metallicize+1","Reaper","Rage+1","Spot Weakness"],"relics":["Burning Blood","Membership Card","Shuriken","Happy Flower","Philosopher\u0027s Stone","Singing Bowl","TheAbacus"],"potions_floor_usage":[16,18,21,24],"damage_taken":[{"damage":6,"enemies":"Jaw Worm","floor":1,"turns":4},{"damage":0,"enemies":"2 Louse","floor":2,"turns":2},{"damage":5,"enemies":"Small Slimes","floor":5,"turns":4},{"damage":38,"enemies":"3 Sentries","floor":6,"turns":12},{"damage":14,"enemies":"3 Louse","floor":10,"turns":4},{"damage":28,"enemies":"Exordium Thugs","floor":11,"turns":6},{"damage":1,"enemies":"Exordium Wildlife","floor":14,"turns":3},{"damage":78,"enemies":"Hexaghost","floor":16,"turns":13},{"damage":33,"enemies":"Spheric Guardian","floor":18,"turns":6},{"damage":10,"enemies":"Chosen","floor":21,"turns":5},{"damage":57,"enemies":"Book of Stabbing","floor":24,"turns":5}],"seed_played":"-4545195472168018653","potions_obtained":[{"floor":1,"key":"Strength Potion"},{"floor":14,"key":"Poison Potion"},{"floor":16,"key":"AttackPotion"},{"floor":21,"key":"SkillPotion"}],"is_trial":false,"path_per_floor":["M","M","?","$","M","E","?","R","T","M","M","R","?","M","R","B",null,"M","?","$","M","$","R","E"],"character_chosen":"IRONCLAD","items_purchased":["Membership Card","Singing Bowl","TheAbacus"],"campfire_rested":0,"item_purchase_floors":[4,20,20],"current_hp_per_floor":[80,80,80,80,80,48,74,74,74,78,63,63,63,76,76,8,62,35,35,35,39,39,39,0],"gold":42,"neow_bonus":"UPGRADE_CARD","is_prod":false,"is_daily":false,"chose_seed":false,"campfire_upgraded":4,"win_rate":0,"timestamp":1549837385,"path_taken":["M","M","?","$","M","E","?","R","T","M","M","R","?","?","R","BOSS","M","?","$","M","?","R","E"],"build_version":"2019-01-23","purchased_purges":3,"victory":false,"max_hp_per_floor":[80,80,80,80,80,80,80,80,80,80,80,80,80,80,80,80,80,80,80,80,82,82,82,82],"card_choices":[{"not_picked":["Dual Wield","Burning Pact"],"picked":"Pommel Strike","floor":1},{"not_picked":["Entrench","Twin Strike","Perfected Strike"],"picked":"SKIP","floor":2},{"not_picked":["Pommel Strike","Whirlwind"],"picked":"Metallicize","floor":5},{"not_picked":["Thunderclap","Iron Wave"],"picked":"Reaper","floor":6},{"not_picked":["Seeing Red","Sword Boomerang","Heavy Blade"],"picked":"SKIP","floor":10},{"not_picked":["Entrench","Shrug It Off"],"picked":"Rage","floor":11},{"not_picked":["Shockwave","Rupture","Intimidate"],"picked":"SKIP","floor":14},{"not_picked":["Cleave","Headbutt"],"picked":"Spot Weakness","floor":18},{"not_picked":["Reckless Charge","Blood for Blood+1","Intimidate"],"picked":"Singing Bowl","floor":21}],"player_experience":671794,"relics_obtained":[{"floor":6,"key":"Shuriken"},{"floor":9,"key":"Happy Flower"}],"event_choices":[{"damage_healed":0,"gold_gain":175,"player_choice":"AGREE","damage_taken":0,"max_hp_gain":0,"max_hp_loss":0,"event_name":"Liars Game","floor":3,"gold_loss":0,"cards_obtained":["Doubt"]},{"damage_healed":26,"gold_gain":0,"player_choice":"Banana","damage_taken":0,"max_hp_gain":0,"max_hp_loss":0,"event_name":"Big Fish","floor":7,"gold_loss":0},{"damage_healed":0,"gold_gain":100,"player_choice":"Pray","damage_taken":0,"max_hp_gain":0,"max_hp_loss":0,"event_name":"Golden Shrine","floor":13,"gold_loss":0},{"damage_healed":0,"gold_gain":100,"player_choice":"Bet on Murderer","damage_taken":0,"max_hp_gain":0,"max_hp_loss":0,"event_name":"The Joust","floor":19,"gold_loss":50}],"is_beta":false,"boss_relics":[{"not_picked":["Busted Crown","Ectoplasm"],"picked":"Philosopher\u0027s Stone"}],"items_purged_floors":[4,20,22],"is_endless":false,"potions_floor_spawned":[1,14,16,21],"killed_by":"Book of Stabbing","ascension_level":5}