{"gold_per_floor":[111,123,139,139,158,158,183,195,207,247,280,309,333,50,50,153,153,136,136,153,172,189,189,219,219,219,245,65,96,115,115,115,212,212,223,223,223,242,260,289,289,341,367,393,70,70,87,0,0,0],"floor_reached":51,"playtime":4869,"items_purged":["Strike_R","Writhe"],"score":859,"play_id":"d3dd385a-d651-454d-a340-65fefaa7fba9","local_time":"20180729012113","is_ascension_mode":true,"campfire_choices":[{"data":"Bash","floor":6,"key":"SMITH"},{"data":"Uppercut","floor":8,"key":"SMITH"},{"data":"Clothesline","floor":15,"key":"SMITH"},{"data":"Inflame","floor":23,"key":"SMITH"},{"data":"Uppercut","floor":25,"key":"SMITH"},{"data":"1","floor":32,"key":"LIFT"},{"data":"2","floor":41,"key":"LIFT"},{"data":"3","floor":49,"key":"LIFT"}],"neow_cost":"NONE","seed_source_timestamp":368638048063960,"circlet_count":0,"master_deck":["Strike_R+1","Strike_R+1","Strike_R+1","Strike_R+1","Defend_R+1","Defend_R+1","Defend_R+1","Defend_R+1","Bash+1","Ghostly Armor+1","Clothesline+1","Clothesline+1","Feel No Pain+1","Uppercut+1","Rampage+1","Shrug It Off+1","Headbutt+1","Metallicize+1","Reaper+1","Cleave+1","Shrug It Off+1","Inflame+1","Sword Boomerang+1","Uppercut+1","Shockwave+1","Offering+1","Shrug It Off+1","Whirlwind+1","Fiend Fire+1","Madness+1","Madness","True Grit+1","Metallicize","Battle Trance","Inflame"],"relics":["Burning Blood","Bag of Preparation","MawBank","Anchor","Matryoshka","Odd Mushroom","Happy Flower","Sozu","Self Forming Clay","Regal Pillow","Shuriken","Girya","Orichalcum","Gremlin Horn","Fusion Hammer","Mark of the Bloom","War Paint","Turnip","Bag of Marbles","Oddly Smooth Stone","Boot","Strawberry","Potion Belt","Red Mask"],"potions_floor_usage":[7,7,11,16,24,27],"damage_taken":[{"damage":9,"enemies":"Jaw Worm","floor":1,"turns":4},{"damage":6,"enemies":"Cultist","floor":2,"turns":4},{"damage":3,"enemies":"Small Slimes","floor":3,"turns":4},{"damage":46,"enemies":"Exordium Thugs","floor":5,"turns":7},{"damage":30,"enemies":"Gremlin Nob","floor":7,"turns":6},{"damage":10,"enemies":"3 Sentries","floor":10,"turns":9},{"damage":9,"floor":11,"turns":5},{"damage":2,"enemies":"Blue Slaver","floor":12,"turns":4},{"damage":5,"enemies":"Gremlin Gang","floor":13,"turns":8},{"damage":20,"enemies":"Slime Boss","floor":16,"turns":9},{"damage":16,"enemies":"2 Thieves","floor":18,"turns":4},{"damage":0,"enemies":"Chosen","floor":20,"turns":4},{"damage":22,"enemies":"Snake Plant","floor":21,"turns":5},{"damage":0,"enemies":"3 Cultists","floor":22,"turns":5},{"damage":28,"enemies":"Gremlin Leader","floor":24,"turns":6},{"damage":24,"enemies":"Slavers","floor":27,"turns":8},{"damage":18,"enemies":"Book of Stabbing","floor":29,"turns":5},{"damage":9,"enemies":"Snecko","floor":30,"turns":4},{"damage":29,"enemies":"Champ","floor":33,"turns":10},{"damage":8,"enemies":"3 Shapes","floor":35,"turns":3},{"damage":0,"enemies":"Flame Bruiser 1 Orb","floor":38,"turns":2},{"damage":0,"enemies":"Sphere and 2 Shapes","floor":39,"turns":3},{"damage":24,"enemies":"Giant Head","floor":40,"turns":8},{"damage":0,"floor":42,"turns":3},{"damage":15,"enemies":"Nemesis","floor":44,"turns":3},{"damage":0,"enemies":"Flame Bruiser 2 Orb","floor":47,"turns":2},{"damage":12,"enemies":"Awakened One","floor":50,"turns":7}],"seed_played":"105304543100710710","potions_obtained":[{"floor":1,"key":"Weak Potion"},{"floor":3,"key":"FearPotion"},{"floor":4,"key":"Energy Potion"},{"floor":5,"key":"Regen Potion"},{"floor":10,"key":"Regen Potion"},{"floor":13,"key":"SteroidPotion"},{"floor":16,"key":"Regen Potion"}],"is_trial":false,"path_per_floor":["M","M","M","?","M","R","E","R","T","E","?","M","M","$","R","B",null,"M","?","M","M","M","R","E","R","T","E","$","E","M","?","R","B",null,"M","?","?","M","M","E","R","?","T","E","$","T","M","?","R","B"],"character_chosen":"IRONCLAD","items_purchased":["Happy Flower","Metallicize","Offering","Shrug It Off","Strawberry","Inflame"],"campfire_rested":0,"item_purchase_floors":[14,14,28,28,45,45],"current_hp_per_floor":[77,77,80,80,40,40,31,31,31,27,36,40,41,41,41,27,80,70,55,61,45,51,51,65,65,65,52,52,50,57,57,57,44,85,85,85,74,74,74,50,50,50,50,35,35,35,35,35,35,23],"gold":0,"neow_bonus":"RANDOM_COMMON_RELIC","is_prod":false,"is_daily":false,"chose_seed":false,"campfire_upgraded":5,"win_rate":0,"timestamp":1532791273,"path_taken":["M","M","M","?","M","R","E","R","T","E","?","M","M","$","R","BOSS","M","?","M","M","M","R","E","R","T","E","$","E","M","?","R","BOSS","M","?","?","M","?","E","R","?","T","E","$","?","M","?","R","BOSS"],"build_version":"2018-07-26","purchased_purges":2,"victory":true,"max_hp_per_floor":[80,80,80,80,80,80,80,80,80,80,80,80,80,80,80,80,80,80,85,85,85,85,85,85,85,85,85,85,85,85,85,85,85,85,85,85,85,85,85,85,85,85,85,85,92,92,92,92,92,92],"card_choices":[{"not_picked":["Warcry","Fire Breathing"],"picked":"Ghostly Armor","floor":1},{"not_picked":["Anger","Armaments"],"picked":"Clothesline","floor":2},{"not_picked":["Heavy Blade","Iron Wave"],"picked":"Clothesline","floor":3},{"not_picked":["Flex","Demon Form"],"picked":"Feel No Pain","floor":5},{"not_picked":["Blood for Blood","Iron Wave"],"picked":"Uppercut","floor":7},{"not_picked":["Dropkick","Carnage"],"picked":"Rampage","floor":10},{"not_picked":["Blood for Blood","Dropkick"],"picked":"Shrug It Off","floor":11},{"not_picked":["Thunderclap","Uppercut","Seeing Red"],"picked":"SKIP","floor":12},{"not_picked":["Burning Pact","Fire Breathing"],"picked":"Headbutt","floor":13},{"not_picked":["Barricade","Exhume"],"picked":"Reaper","floor":16},{"not_picked":["Intimidate","Headbutt"],"picked":"Cleave","floor":18},{"not_picked":["Sever Soul","Metallicize"],"picked":"Shrug It Off+1","floor":20},{"not_picked":["Burning Pact","Evolve+1"],"picked":"Inflame","floor":21},{"not_picked":["Sentinel+1","Anger"],"picked":"Sword Boomerang","floor":22},{"not_picked":["Perfected Strike","Clash"],"picked":"Uppercut","floor":24},{"not_picked":["Clash","Warcry+1"],"picked":"Shockwave","floor":27},{"not_picked":["Cleave","Wild Strike"],"picked":"Whirlwind","floor":29},{"not_picked":["Shockwave+1","Headbutt+1","Clothesline"],"picked":"SKIP","floor":30},{"not_picked":["Exhume","Feed"],"picked":"Fiend Fire","floor":33},{"not_picked":["Havoc","Rage+1","Thunderclap+1"],"picked":"SKIP","floor":35},{"not_picked":["Feel No Pain+1","Evolve+1"],"picked":"True Grit","floor":38},{"not_picked":["Anger","Infernal Blade"],"picked":"Metallicize","floor":39},{"not_picked":["Shockwave+1","Wild Strike"],"picked":"Battle Trance","floor":40},{"not_picked":["Perfected Strike","Clothesline+1","Wild Strike"],"picked":"SKIP","floor":44},{"not_picked":["Reaper","Sever Soul","Thunderclap+1"],"picked":"SKIP","floor":47}],"player_experience":216534,"relics_obtained":[{"floor":7,"key":"MawBank"},{"floor":9,"key":"Anchor"},{"floor":10,"key":"Matryoshka"},{"floor":11,"key":"Odd Mushroom"},{"floor":24,"key":"Self Forming Clay"},{"floor":26,"key":"Regal Pillow"},{"floor":26,"key":"Shuriken"},{"floor":27,"key":"Girya"},{"floor":29,"key":"Orichalcum"},{"floor":40,"key":"War Paint"},{"floor":42,"key":"Turnip"},{"floor":43,"key":"Bag of Marbles"},{"floor":43,"key":"Oddly Smooth Stone"},{"floor":44,"key":"Boot"},{"floor":46,"key":"Potion Belt"}],"event_choices":[{"event_name":"The Lab","player_choice":"Got Potions","floor":4,"damage_taken":0},{"event_name":"Mushrooms","player_choice":"Fought Mushrooms","floor":11,"damage_taken":0},{"event_name":"Forgotten Altar","player_choice":"Shed Blood","floor":19,"damage_taken":0},{"event_name":"The Mausoleum","player_choice":"Yes","floor":31,"damage_taken":0},{"event_name":"MindBloom","player_choice":"Upgrade","floor":36,"damage_taken":0},{"event_name":"Winding Halls","player_choice":"Embrace Madness","floor":37,"damage_taken":0},{"event_name":"Mysterious Sphere","player_choice":"Fight","floor":42,"damage_taken":0},{"event_name":"Tomb of Lord Red Mask","player_choice":"Paid","floor":48,"damage_taken":0}],"is_beta":false,"boss_relics":[{"not_picked":["Black Blood","Runic Cube"],"picked":"Sozu"},{"not_picked":["Astrolabe","Runic Pyramid"],"picked":"Fusion Hammer"}],"items_purged_floors":[14,45],"is_endless":false,"potions_floor_spawned":[1,3,5,10,13,16,21,24,27,29,33,35,40,42],"ascension_level":3}