{"gold_per_floor":[114,187,187,198,212,212,244,272,284,315,359,371,533,102,102,102],"floor_reached":16,"playtime":970,"items_purged":["Doubt"],"score":220,"play_id":"8f9017d9-987a-4135-8c92-0bac9ca5a91d","local_time":"20190116220825","is_ascension_mode":true,"campfire_choices":[{"data":"Streamline","floor":6.0,"key":"SMITH"},{"data":"Zap","floor":12,"key":"SMITH"},{"data":"Coolheaded","floor":15,"key":"SMITH"}],"neow_cost":"NONE","seed_source_timestamp":552541266584462,"circlet_count":0,"master_deck":["AscendersBane","Strike_B","Strike_B","Strike_B","Strike_B","Defend_B","Defend_B","Defend_B","Defend_B","Zap+1","Dualcast","All For One","Gash","Coolheaded+1","Streamline+1","Reprogram","Go for the Eyes","Steam Power","Capacitor"],"special_seed":0,"relics":["Cracked Core","MawBank","Bag of Preparation","Molten Egg 2","Ornamental Fan"],"potions_floor_usage":[11],"damage_taken":[{"damage":4.0,"enemies":"Small Slimes","floor":1.0,"turns":3.0},{"damage":0.0,"enemies":"Cultist","floor":4.0,"turns":3.0},{"damage":0.0,"enemies":"2 Louse","floor":5.0,"turns":3.0},{"damage":6.0,"enemies":"3 Sentries","floor":7.0,"turns":7.0},{"damage":10.0,"enemies":"Large Slime","floor":8.0,"turns":5.0},{"damage":0.0,"enemies":"Exordium Thugs","floor":10.0,"turns":4.0},{"damage":19,"enemies":"Lagavulin","floor":11,"turns":4},{"damage":30,"enemies":"Hexaghost","floor":16,"turns":9}],"seed_played":"7815020972250243005","potions_obtained":[{"floor":3.0,"key":"Dexterity Potion"},{"floor":3.0,"key":"EssenceOfSteel"},{"floor":10.0,"key":"Strength Potion"}],"is_trial":false,"path_per_floor":["M","?","?","M","M","R","E","M","T","M","E","R","?","$","R","B"],"character_chosen":"DEFECT","items_purchased":["Ornamental Fan","Capacitor"],"campfire_rested":0,"item_purchase_floors":[14,14],"current_hp_per_floor":[60,60,60,60,60,60,54,44,44,44,25,25,25,25,25,0],"gold":102,"neow_bonus":"ONE_RANDOM_RARE_CARD","is_prod":false,"is_daily":false,"chose_seed":false,"campfire_upgraded":3,"win_rate":0,"timestamp":1547672905,"path_taken":["M","?","?","M","M","R","E","M","T","?","E","R","?","$","R","BOSS"],"build_version":"2019-01-10","purchased_purges":1,"victory":false,"max_hp_per_floor":[71,71,71,71,71,71,71,71,71,71,71,71,71,71,71,71],"card_choices":[{"not_picked":["Redo","Loop"],"picked":"Gash","floor":1.0},{"not_picked":["Barrage","Storm"],"picked":"Coolheaded","floor":4.0},{"not_picked":["Rebound","Sweeping Beam"],"picked":"Streamline","floor":5.0},{"not_picked":["Sweeping Beam","Cold Snap"],"picked":"Reprogram","floor":7.0},{"not_picked":["Beam Cell","Cold Snap"],"picked":"Go for the Eyes","floor":8.0},{"not_picked":["Stack","Steam"],"picked":"Steam Power","floor":10.0},{"not_picked":["Loop","Cold Snap","Rip and Tear"],"picked":"SKIP","floor":11}],"player_experience":454162,"relics_obtained":[{"floor":7.0,"key":"MawBank"},{"floor":9.0,"key":"Bag of Preparation"},{"floor":11,"key":"Molten Egg 2"}],"event_choices":[{"damage_healed":0.0,"max_hp_gain":0.0,"max_hp_loss":0.0,"gold_gain":73.0,"event_name":"Golden Wing","player_choice":"Gained Gold","floor":2.0,"gold_loss":0.0,"damage_taken":0.0},{"damage_healed":0.0,"max_hp_gain":0.0,"max_hp_loss":0.0,"gold_gain":0.0,"event_name":"Lab","player_choice":"Got Potions","floor":3.0,"gold_loss":0.0,"damage_taken":0.0},{"damage_healed":0,"gold_gain":150,"player_choice":"AGREE","damage_taken":0,"max_hp_gain":0,"max_hp_loss":0,"event_name":"Liars Game","floor":13,"gold_loss":0,"cards_obtained":["Doubt"]}],"is_beta":false,"boss_relics":[],"items_purged_floors":[14],"is_endless":false,"potions_floor_spawned":[4,5,10],"killed_by":"Hexaghost","ascension_level":20}