{"gold_per_floor":[109,109,124,147,157,157,189,189,189,204,204,224,249,249,249,328,328,339,41,61,81,81,81,114,114,114,148,198,198,4,33,33,105,105,119,138,44,56,56,56,82,82,82,102,122,152,152,183,183,183],"floor_reached":51,"playtime":3412,"items_purged":["Outmaneuver","Choke"],"score":1521,"play_id":"6fb1d1ed-1e51-418a-b4bc-d8364a5c83dd","local_time":"20180807012237","is_ascension_mode":true,"campfire_choices":[{"data":"Neutralize","floor":6.0,"key":"SMITH"},{"data":"Deadly Poison","floor":8.0,"key":"SMITH"},{"data":"Dagger Spray","floor":11.0,"key":"SMITH"},{"data":"Poisoned Stab","floor":15.0,"key":"SMITH"},{"data":"Cloak And Dagger","floor":23.0,"key":"SMITH"},{"floor":29,"key":"REST"},{"data":"Dodge and Roll","floor":32,"key":"SMITH"},{"data":"Cloak And Dagger","floor":40,"key":"SMITH"},{"data":"Dodge and Roll","floor":42,"key":"SMITH"},{"data":"Deflect","floor":47,"key":"SMITH"},{"data":"Thinking Ahead","floor":49,"key":"SMITH"}],"neow_cost":"NONE","seed_source_timestamp":1147749987862174,"circlet_count":0,"master_deck":["Survivor","Neutralize+1","AscendersBane","Flying Knee","Deadly Poison+1","Backstab","Backflip","Poisoned Stab+1","Dagger Spray+1","Cloak And Dagger+1","After Image","Flying Knee","Endless Agony","Endless Agony","Dagger Throw","Deadly Poison","Cloak And Dagger+1","Terror","Deflect+1","PiercingWail","Backflip","Well Laid Plans","Noxious Fumes","Dodge and Roll+1","Adrenaline","Deflect+1","Dodge and Roll+1","Footwork","Backflip","Thinking Ahead+1","Deflect+1"],"special_seed":0,"relics":["Ring of the Snake","Bronze Scales","The Courier","Mercury Hourglass","Shuriken","Meat on the Bone","Pandora\u0027s Box","Singing Bowl","Kunai","Happy Flower","Incense Burner","Letter Opener","Busted Crown","Oddly Smooth Stone","Du-Vu Doll","Mango","Anchor"],"potions_floor_usage":[24,27,31,36,41,50,50],"damage_taken":[{"damage":0.0,"enemies":"2 Louse","floor":1.0,"turns":4.0},{"damage":0.0,"enemies":"Jaw Worm","floor":3.0,"turns":6.0},{"damage":0.0,"enemies":"Cultist","floor":5.0,"turns":3.0},{"damage":7.0,"enemies":"Lagavulin","floor":7.0,"turns":5.0},{"damage":0.0,"enemies":"2 Fungi Beasts","floor":10.0,"turns":3.0},{"damage":0.0,"enemies":"Blue Slaver","floor":12.0,"turns":3.0},{"damage":18.0,"enemies":"Gremlin Nob","floor":13.0,"turns":3.0},{"damage":18.0,"enemies":"Hexaghost","floor":16.0,"turns":7.0},{"damage":0.0,"enemies":"3 Byrds","floor":18.0,"turns":2.0},{"damage":3.0,"enemies":"Spheric Guardian","floor":20.0,"turns":3.0},{"damage":6.0,"enemies":"Centurion and Healer","floor":21.0,"turns":5.0},{"damage":11,"enemies":"Gremlin Leader","floor":24,"turns":3},{"damage":7,"enemies":"Book of Stabbing","floor":27,"turns":3},{"damage":6,"enemies":"Slavers","floor":31,"turns":3},{"damage":0,"enemies":"Automaton","floor":33,"turns":9},{"damage":7,"enemies":"3 Shapes","floor":35,"turns":3},{"damage":0,"enemies":"Orb Walker","floor":36,"turns":3},{"damage":0,"enemies":"Spire Growth","floor":38,"turns":4},{"damage":0,"enemies":"2 Orb Walkers","floor":41,"turns":4},{"damage":0,"enemies":"Transient","floor":44,"turns":5},{"damage":0,"enemies":"4 Shapes","floor":45,"turns":3},{"damage":14,"enemies":"Nemesis","floor":46,"turns":3},{"damage":3,"enemies":"2 Orb Walkers","floor":48,"turns":2},{"damage":38,"enemies":"Awakened One","floor":50,"turns":15}],"seed_played":"647705711676925363","potions_obtained":[{"floor":5.0,"key":"AttackPotion"},{"floor":10.0,"key":"Ancient Potion"},{"floor":16.0,"key":"Strength Potion"},{"floor":21.0,"key":"Poison Potion"},{"floor":27,"key":"Strength Potion"},{"floor":33,"key":"Poison Potion"},{"floor":35,"key":"Fruit Juice"},{"floor":38,"key":"LiquidBronze"},{"floor":45,"key":"Energy Potion"},{"floor":46,"key":"Regen Potion"}],"is_trial":false,"path_per_floor":["M","?","M","T","M","R","E","R","T","M","R","M","E","?","R","B",null,"M","$","M","M","?","R","E","?","T","E","?","R","$","E","R","B",null,"M","M","$","M","?","R","E","R","T","M","M","E","R","E","R","B"],"character_chosen":"THE_SILENT","items_purchased":["Singing Bowl","Deflect","Well Laid Plans","Noxious Fumes","Dodge and Roll","Footwork"],"campfire_rested":1,"item_purchase_floors":[19,19,30,30,37,37],"current_hp_per_floor":[59,59,59,59,59,59,52,52,52,52,52,52,34,29,29,23,55,55,55,52,48,48,48,37,37,37,44,37,58,58,52,52,52,66,59,66,66,66,60,60,62,62,62,64,64,66,66,65,65,54],"gold":183,"neow_bonus":"TRANSFORM_CARD","is_prod":false,"is_daily":false,"chose_seed":false,"campfire_upgraded":10,"win_rate":0,"timestamp":1533568957,"path_taken":["M","?","M","?","M","R","E","R","T","?","R","M","E","?","R","BOSS","M","$","M","M","?","R","E","?","T","E","?","R","$","E","R","BOSS","M","M","$","M","?","R","E","R","T","M","M","E","R","E","R","BOSS"],"build_version":"2018-08-02","purchased_purges":2,"victory":true,"max_hp_per_floor":[66,66,66,66,66,66,66,66,66,66,66,66,66,66,66,66,66,66,66,66,68,68,68,68,68,68,70,70,70,70,70,70,70,70,70,77,77,77,81,81,83,83,83,85,85,101,101,103,103,103],"card_choices":[{"not_picked":["Blade Dance","PiercingWail"],"picked":"Deadly Poison","floor":1.0},{"not_picked":["Deadly Poison","Bane"],"picked":"Backstab","floor":3.0},{"not_picked":["Blade Dance","Reflex"],"picked":"Backflip","floor":5.0},{"not_picked":["Masterful Stab","Slice"],"picked":"Poisoned Stab","floor":7.0},{"not_picked":["Dagger Throw","Terror"],"picked":"Dagger Spray","floor":10.0},{"not_picked":["Masterful Stab","Quick Slash","Dagger Throw"],"picked":"SKIP","floor":12.0},{"not_picked":["Bane","Backflip"],"picked":"Cloak And Dagger","floor":13.0},{"not_picked":["Night Terror","Glass Knife"],"picked":"After Image","floor":16.0},{"not_picked":["Acrobatics","Bane","Underhanded Strike"],"picked":"SKIP","floor":18.0},{"not_picked":["Setup","Infinite Blades"],"picked":"PiercingWail","floor":20.0},{"not_picked":["Masterful Stab","PiercingWail","Sucker Punch"],"picked":"Singing Bowl","floor":21.0},{"not_picked":["Escape Plan","Venomology"],"picked":"Backflip","floor":24},{"not_picked":["Underhanded Strike","All Out Attack+1","Outmaneuver+1"],"picked":"Singing Bowl","floor":27},{"not_picked":["Dash","Dagger Spray"],"picked":"Dodge and Roll","floor":31},{"not_picked":["Tools of the Trade","Die Die Die"],"picked":"Adrenaline","floor":33},{"not_picked":[],"picked":"Deflect+1","floor":35},{"not_picked":["Deflect"],"picked":"Singing Bowl","floor":36},{"not_picked":[],"picked":"Backflip","floor":38},{"not_picked":["Blind"],"picked":"Singing Bowl","floor":39},{"not_picked":["Enlightenment"],"picked":"Singing Bowl","floor":39},{"not_picked":[],"picked":"Thinking Ahead","floor":39},{"not_picked":["Skewer"],"picked":"Singing Bowl","floor":41},{"not_picked":["Caltrops"],"picked":"Singing Bowl","floor":44},{"not_picked":[],"picked":"Deflect+1","floor":45},{"not_picked":["Quick Slash"],"picked":"Singing Bowl","floor":46},{"not_picked":["Accuracy+1"],"picked":"Singing Bowl","floor":48}],"player_experience":354204,"relics_obtained":[{"floor":4.0,"key":"Bronze Scales"},{"floor":7.0,"key":"The Courier"},{"floor":9.0,"key":"Mercury Hourglass"},{"floor":13.0,"key":"Shuriken"},{"floor":24,"key":"Kunai"},{"floor":26,"key":"Happy Flower"},{"floor":27,"key":"Incense Burner"},{"floor":31,"key":"Letter Opener"},{"floor":41,"key":"Oddly Smooth Stone"},{"floor":43,"key":"Du-Vu Doll"},{"floor":46,"key":"Mango"},{"floor":48,"key":"Anchor"}],"event_choices":[{"event_name":"Liars Game","player_choice":"disagreed","floor":2.0,"damage_taken":0.0},{"event_name":"Scrap Ooze","player_choice":"success","floor":14.0,"damage_taken":5.0},{"event_name":"Drug Dealer","player_choice":"Ignored","floor":22.0,"damage_taken":0.0},{"event_name":"Vampires","player_choice":"Ignored","floor":25,"damage_taken":0},{"event_name":"FaceTrader","player_choice":"Touch","floor":28,"damage_taken":0},{"event_name":"SensoryStone","player_choice":"Memory 3","floor":39,"damage_taken":0}],"is_beta":false,"boss_relics":[{"not_picked":["WristBlade","Empty Cage"],"picked":"Pandora\u0027s Box"},{"not_picked":["Tiny House","Runic Pyramid"],"picked":"Busted Crown"}],"items_purged_floors":[19,30],"is_endless":false,"potions_floor_spawned":[5,10,16,21,27,33,35,38,45,46,48],"ascension_level":15}