{"gold_per_floor":[115,115,130,55,55,55,81,81,130,140,159,172,72,72,72,174,174,186,186,186,1,35,35,71,71,150,75,92,168,168,195,195,317,317,361,361,421,521,147,147,147,172,199,199,274,315,315,373,373,398,398,398,49,104,104],"floor_reached":56,"playtime":3609,"items_purged":["Strike_R","Strike_R","Strike_R","Defend_R"],"score":1574,"play_id":"fb603bf9-f4fa-4baa-b2ff-38a15664ce62","local_time":"20190211130114","is_ascension_mode":true,"campfire_choices":[{"data":"Bash","floor":6,"key":"SMITH"},{"data":"Thunderclap","floor":8,"key":"SMITH"},{"data":"Pommel Strike","floor":15,"key":"SMITH"},{"data":"HandOfGreed","floor":23,"key":"SMITH"},{"data":"Clothesline","floor":25,"key":"SMITH"},{"data":"Demon Form","floor":30,"key":"SMITH"},{"data":"Spot Weakness","floor":32,"key":"SMITH"},{"floor":40,"key":"RECALL"},{"data":"Defend_R","floor":44,"key":"SMITH"},{"floor":47,"key":"REST"},{"floor":49,"key":"REST"},{"data":"Heavy Blade","floor":52,"key":"SMITH"}],"neow_cost":"NONE","seed_source_timestamp":334027629539176,"circlet_count":0,"master_deck":["Defend_R+1","Bash+1","Inflame+1","Thunderclap+1","Pommel Strike+1","Reaper+1","Flex+1","Necronomicurse","HandOfGreed+1","Spot Weakness+1","Clothesline+1","Demon Form+1","Battle Trance+1","Heavy Blade+1","Anger+1"],"relics":["Burning Blood","Self Forming Clay","Anchor","Empty Cage","Necronomicon","Frozen Egg 2","Juzu Bracelet","Lizard Tail","Torii","Dodecahedron","Singing Bowl","Boot","Calipers","Bottled Flame","TheAbacus","Mercury Hourglass"],"potions_floor_usage":[16,18,28,45,45,50,50,50],"damage_taken":[{"damage":3,"enemies":"2 Louse","floor":1,"turns":3},{"damage":4,"enemies":"Small Slimes","floor":3,"turns":4},{"damage":30,"enemies":"Lagavulin","floor":7,"turns":5},{"damage":1,"enemies":"Cultist","floor":10,"turns":3},{"damage":2,"enemies":"3 Louse","floor":11,"turns":3},{"damage":1,"enemies":"Looter","floor":12,"turns":2},{"damage":49,"enemies":"The Guardian","floor":16,"turns":10},{"damage":24,"enemies":"3 Byrds","floor":18,"turns":5},{"damage":2,"enemies":"Chosen","floor":22,"turns":3},{"damage":10,"enemies":"Snecko","floor":24,"turns":3},{"damage":9,"enemies":"Snake Plant","floor":28,"turns":2},{"damage":13,"enemies":"Slavers","floor":29,"turns":5},{"damage":38,"enemies":"Gremlin Leader","floor":31,"turns":4},{"damage":90,"enemies":"Collector","floor":33,"turns":7},{"damage":25,"enemies":"3 Darklings","floor":35,"turns":6},{"damage":13,"enemies":"3 Shapes","floor":37,"turns":4},{"damage":36,"enemies":"Mind Bloom Boss Battle","floor":38,"turns":4},{"damage":8,"enemies":"Nemesis","floor":42,"turns":7},{"damage":36,"enemies":"2 Orb Walkers","floor":45,"turns":5},{"damage":31,"enemies":"Spire Growth","floor":46,"turns":4},{"damage":76,"enemies":"Reptomancer","floor":48,"turns":7},{"damage":48,"enemies":"Donu and Deca","floor":50,"turns":5},{"damage":48,"enemies":"Shield and Spear","floor":54,"turns":5},{"damage":83,"enemies":"The Heart","floor":55,"turns":9}],"seed_played":"7941885612924974723","potions_obtained":[{"floor":1,"key":"SmokeBomb"},{"floor":3,"key":"Ancient Potion"},{"floor":10,"key":"SkillPotion"},{"floor":16,"key":"Block Potion"},{"floor":24,"key":"SteroidPotion"},{"floor":29,"key":"SteroidPotion"},{"floor":33,"key":"Strength Potion"},{"floor":38,"key":"Strength Potion"},{"floor":46,"key":"PowerPotion"},{"floor":48,"key":"Weak Potion"}],"is_trial":false,"path_per_floor":["M","?","M","$","?","R","E","R","T","M","M","M","$","?","R","B",null,"M","?","?","$","M","R","M","R","T","?","M","E","R","E","R","B",null,"M","$","M","?","$","R","?","E","T","R","?","M","R","E","R","B",null,"R","$","E","B",null],"character_chosen":"IRONCLAD","items_purchased":["HandOfGreed","Dodecahedron","TheAbacus"],"campfire_rested":2,"item_purchase_floors":[21,39,53],"current_hp_per_floor":[88,81,83,83,83,83,59,59,59,64,68,73,73,78,78,35,79,70,54,54,54,74,74,89,89,89,89,86,93,93,93,93,51,83,93,93,93,70,70,70,70,94,94,94,90,65,94,71,97,97,97,97,97,87,42],"gold":104,"neow_bonus":"TEN_PERCENT_HP_BONUS","is_prod":false,"is_daily":false,"chose_seed":false,"campfire_upgraded":9,"win_rate":0,"timestamp":1549918874,"path_taken":["M","?","M","$","?","R","E","R","T","?","M","M","$","?","R","BOSS","M","?","?","$","M","R","?","R","T","?","M","E","R","E","R","BOSS","M","$","M","?","$","R","?","E","T","R","?","M","R","E","R","BOSS","R","$","E","BOSS"],"build_version":"2019-01-23","purchased_purges":4,"victory":true,"max_hp_per_floor":[88,88,88,88,88,88,88,88,88,88,88,88,88,93,93,93,93,93,93,93,93,93,93,93,93,93,93,93,93,93,93,93,93,93,93,93,93,93,93,93,93,95,95,95,97,97,97,97,97,97,97,97,97,99,99],"card_choices":[{"not_picked":["Rupture","Power Through"],"picked":"Inflame","floor":1},{"not_picked":["Body Slam","True Grit","Second Wind"],"picked":"SKIP","floor":3},{"not_picked":["Body Slam","Corruption"],"picked":"Thunderclap","floor":7},{"not_picked":["Rupture","Sever Soul","Headbutt"],"picked":"SKIP","floor":10},{"not_picked":["Wild Strike","Headbutt","Sentinel"],"picked":"SKIP","floor":11},{"not_picked":["Blood for Blood","Whirlwind"],"picked":"Pommel Strike","floor":12},{"not_picked":["Impervious","Limit Break"],"picked":"Reaper","floor":16},{"not_picked":["Thunderclap","Body Slam"],"picked":"Flex+1","floor":18},{"not_picked":["Perfected Strike","Sentinel"],"picked":"Spot Weakness","floor":22},{"not_picked":["Perfected Strike","Disarm"],"picked":"Clothesline","floor":24},{"not_picked":["Body Slam","Cleave+1"],"picked":"Demon Form","floor":28},{"not_picked":["Fiend Fire","Whirlwind","Rage"],"picked":"SKIP","floor":29},{"not_picked":["Power Through","Thunderclap+1","Anger"],"picked":"SKIP","floor":31},{"not_picked":["Fire Breathing+1","Pommel Strike"],"picked":"Battle Trance+1","floor":35},{"not_picked":["Headbutt","Anger","Warcry"],"picked":"SKIP","floor":37},{"not_picked":["Searing Blow","Heavy Blade","Spot Weakness"],"picked":"Singing Bowl","floor":42},{"not_picked":["True Grit","Power Through","Clothesline+1"],"picked":"Singing Bowl","floor":45},{"not_picked":["Thunderclap","Entrench+1"],"picked":"Heavy Blade","floor":46},{"not_picked":["Havoc","Body Slam"],"picked":"Anger+1","floor":48},{"not_picked":["Shrug It Off+1","Sword Boomerang","Perfected Strike+1"],"picked":"Singing Bowl","floor":54}],"player_experience":742465,"relics_obtained":[{"floor":7,"key":"Self Forming Clay"},{"floor":9,"key":"Anchor"},{"floor":19,"key":"Necronomicon"},{"floor":29,"key":"Frozen Egg 2"},{"floor":31,"key":"Juzu Bracelet"},{"floor":38,"key":"Torii"},{"floor":42,"key":"Singing Bowl"},{"floor":43,"key":"Boot"},{"floor":45,"key":"Calipers"},{"floor":48,"key":"Bottled Flame"},{"floor":54,"key":"Mercury Hourglass"}],"event_choices":[{"cards_removed":["Defend_R"],"damage_healed":0,"gold_gain":0,"player_choice":"Card Removal","damage_taken":7,"max_hp_gain":0,"max_hp_loss":0,"event_name":"Golden Wing","floor":2,"gold_loss":0},{"damage_healed":0,"gold_gain":0,"player_choice":"Upgraded","damage_taken":0,"max_hp_gain":0,"max_hp_loss":0,"event_name":"Upgrade Shrine","floor":5,"gold_loss":0,"cards_upgraded":["Inflame"]},{"damage_healed":0,"gold_gain":0,"player_choice":"Donut","damage_taken":0,"max_hp_gain":5,"max_hp_loss":0,"event_name":"Big Fish","floor":14,"gold_loss":0},{"damage_healed":0,"gold_gain":0,"player_choice":"Obtained Book","damage_taken":16,"max_hp_gain":0,"max_hp_loss":0,"event_name":"Cursed Tome","floor":19,"gold_loss":0},{"damage_healed":0,"gold_gain":0,"player_choice":"Upgraded","damage_taken":0,"max_hp_gain":0,"max_hp_loss":0,"event_name":"Upgrade Shrine","floor":20,"gold_loss":0,"cards_upgraded":["Reaper"]},{"cards_removed":["Strike_R"],"damage_healed":0,"gold_gain":0,"player_choice":"Gave Gold","damage_taken":0,"max_hp_gain":0,"max_hp_loss":0,"event_name":"Beggar","floor":27,"gold_loss":75},{"damage_healed":0,"gold_gain":0,"player_choice":"Fight","damage_taken":0,"max_hp_gain":0,"max_hp_loss":0,"event_name":"MindBloom","floor":38,"gold_loss":0},{"damage_healed":0,"gold_gain":0,"player_choice":"Ignored","damage_taken":0,"max_hp_gain":0,"max_hp_loss":0,"event_name":"SecretPortal","floor":41,"gold_loss":0},{"damage_healed":0,"gold_gain":0,"player_choice":"Fight","damage_taken":0,"max_hp_gain":0,"max_hp_loss":0,"event_name":"Mysterious Sphere","floor":45,"gold_loss":0}],"is_beta":false,"boss_relics":[{"not_picked":["Runic Cube","Mark of Pain"],"picked":"Empty Cage"},{"not_picked":["Coffee Dripper","Pandora\u0027s Box"],"picked":"Lizard Tail"}],"items_purged_floors":[4,13,39,53],"is_endless":false,"potions_floor_spawned":[1,3,10,16,24,29,33,38,46,48],"ascension_level":5}