{"gold_per_floor":[110,110,41,58,78,104,118,149,185,197,238,250,280,292,304,419,431,461,487,137,156,156,156,183,198,198,198,129,154,173,188,188,288,288,303,50,50,50,50,50,3,3,3,16,42,42,69,84,84,84,84,84,9,37,37],"floor_reached":55,"playtime":12410,"items_purged":["Defend_G+1"],"score":846,"play_id":"3011878a-34b3-4079-85f5-c33b4a4c9110","local_time":"20190420093056","is_ascension_mode":true,"campfire_choices":[{"floor":10.0,"key":"REST"},{"floor":15.0,"key":"RECALL"},{"data":"Deadly Poison","floor":23.0,"key":"SMITH"},{"data":"Catalyst","floor":32.0,"key":"SMITH"},{"data":"Envenom","floor":40.0,"key":"SMITH"},{"data":"Deadly Poison","floor":42.0,"key":"SMITH"},{"data":"Footwork","floor":46.0,"key":"SMITH"},{"data":"Footwork","floor":49.0,"key":"SMITH"},{"data":"Footwork","floor":52.0,"key":"SMITH"}],"neow_cost":"NONE","seed_source_timestamp":0,"circlet_count":0,"master_deck":["Defend_G+1","Defend_G+1","Defend_G+1","Defend_G+1","Strike_G+1","Strike_G+1","Strike_G+1","Strike_G+1","Survivor","Neutralize","Footwork+1","Footwork+1","Dagger Throw","Deadly Poison+1","Deadly Poison+1","Slice","Finisher+1","Footwork+1","Adrenaline","Outmaneuver+1","Dagger Spray+1","Leg Sweep","Backstab","Catalyst+1","Slice+1","Catalyst+1","Backflip+1","Adrenaline","Envenom+1","Dagger Spray","Dagger Spray","Madness","Madness","Catalyst+1","Cloak And Dagger","Finisher+1","Deadly Poison+1","Poisoned Stab+1","Leg Sweep+1","Night Terror"],"special_seed":0,"relics":["Ring of the Serpent","Mercury Hourglass","MawBank","Oddly Smooth Stone","FaceOfCleric","Bottled Lightning","Dodecahedron","Bottled Flame","Meat on the Bone","Runic Pyramid","Toy Ornithopter","Mummified Hand","Gremlin Horn","Boot","Shuriken"],"potions_floor_usage":[],"damage_taken":[{"damage":1.0,"enemies":"2 Louse","floor":1.0,"turns":3.0},{"damage":0.0,"enemies":"Small Slimes","floor":4.0,"turns":6.0},{"damage":0.0,"enemies":"Cultist","floor":5.0,"turns":4.0},{"damage":48.0,"enemies":"Gremlin Nob","floor":6.0,"turns":7.0},{"damage":1.0,"enemies":"Red Slaver","floor":7.0,"turns":4.0},{"damage":9.0,"enemies":"3 Sentries","floor":8.0,"turns":8.0},{"damage":9.0,"enemies":"Lagavulin","floor":11.0,"turns":7.0},{"damage":0.0,"enemies":"2 Fungi Beasts","floor":13.0,"turns":3.0},{"damage":13.0,"enemies":"The Guardian","floor":16.0,"turns":13.0},{"damage":0.0,"enemies":"Chosen","floor":18.0,"turns":5.0},{"damage":8.0,"enemies":"Spheric Guardian","floor":19.0,"turns":4.0},{"damage":18.0,"enemies":"Shelled Parasite and Fungi","floor":21.0,"turns":5.0},{"damage":16.0,"enemies":"Gremlin Leader","floor":24.0,"turns":4.0},{"damage":21.0,"enemies":"Sentry and Sphere","floor":25.0,"turns":8.0},{"damage":9.0,"enemies":"Book of Stabbing","floor":29.0,"turns":4.0},{"damage":3.0,"enemies":"Snake Plant","floor":30.0,"turns":3.0},{"damage":6.0,"enemies":"Centurion and Healer","floor":31.0,"turns":6.0},{"damage":26.0,"enemies":"Automaton","floor":33.0,"turns":9.0},{"damage":0.0,"enemies":"Orb Walker","floor":35.0,"turns":3.0},{"damage":0.0,"enemies":"3 Darklings","floor":44.0,"turns":2.0},{"damage":6.0,"enemies":"Giant Head","floor":45.0,"turns":6.0},{"damage":26.0,"enemies":"Reptomancer","floor":47.0,"turns":3.0},{"damage":0.0,"enemies":"Sphere and 2 Shapes","floor":48.0,"turns":5.0},{"damage":64.0,"enemies":"Awakened One","floor":50.0,"turns":16.0},{"damage":38.0,"enemies":"Shield and Spear","floor":54.0,"turns":6.0},{"damage":56,"enemies":"The Heart","floor":55,"turns":3}],"seed_played":"-6412333809269696013","potions_obtained":[{"floor":1.0,"key":"GamblersBrew"},{"floor":4.0,"key":"SneckoOil"},{"floor":5.0,"key":"SmokeBomb"},{"floor":13.0,"key":"Ancient Potion"},{"floor":18.0,"key":"Weak Potion"},{"floor":19.0,"key":"Swift Potion"},{"floor":30.0,"key":"Swift Potion"},{"floor":33.0,"key":"Explosive Potion"},{"floor":35.0,"key":"Explosive Potion"},{"floor":45.0,"key":"SpeedPotion"}],"is_trial":false,"path_per_floor":["M","?","$","M","M","E","M","E","T","R","E","?","M","?","R","B",null,"M","M","$","M","?","R","E","M","T","?","$","E","M","M","R","B",null,"M","$","?","?","?","R","$","R","T","M","E","R","E","M","R","B",null,"R","$","E","B"],"character_chosen":"THE_SILENT","items_purchased":["Footwork","Bottled Lightning","Leg Sweep","Backstab","Catalyst","Toy Ornithopter","Dagger Spray","Cloak And Dagger"],"campfire_rested":1,"item_purchase_floors":[3,20,20,20,28,36,36,41],"current_hp_per_floor":[76,61,61,61,61,13,12,3,3,26,17,17,17,17,17,5,78,79,72,72,55,55,55,40,20,20,20,20,12,22,29,29,16,87,88,88,77,77,77,77,77,77,77,89,84,84,59,65,65,14,93,93,93,56,0],"gold":37,"neow_bonus":"TEN_PERCENT_HP_BONUS","is_prod":false,"is_daily":false,"chose_seed":false,"campfire_upgraded":7,"win_rate":0,"timestamp":1555777856,"path_taken":["M","?","$","M","M","E","M","E","T","R","E","?","M","?","R","BOSS","M","?","?","M","?","R","E","M","T","?","?","E","M","?","R","BOSS","M","?","?","?","?","R","$","R","T","?","E","R","E","M","R","BOSS","R","$","E","BOSS"],"build_version":"2019-01-23","purchased_purges":1,"victory":false,"max_hp_per_floor":[77,77,77,77,77,77,77,77,77,77,77,77,77,77,77,78,78,79,80,80,81,81,81,82,83,83,83,83,84,85,86,86,87,87,88,88,88,88,88,88,88,88,88,89,90,90,91,92,92,93,93,93,93,94,94],"card_choices":[{"not_picked":["Flying Knee","Poisoned Stab"],"picked":"Footwork","floor":1.0},{"not_picked":["Reflex","Backflip","Flying Knee"],"picked":"SKIP","floor":4.0},{"not_picked":["Sucker Punch","Quick Slash"],"picked":"Dagger Throw","floor":5.0},{"not_picked":["Underhanded Strike","Caltrops"],"picked":"Deadly Poison","floor":6.0},{"not_picked":["Flying Knee","Grand Finale"],"picked":"Deadly Poison","floor":7.0},{"not_picked":["Caltrops","Prepared"],"picked":"Slice","floor":8.0},{"not_picked":["Dagger Spray","Flying Knee"],"picked":"Finisher","floor":11.0},{"not_picked":["Dodge and Roll","Cloak And Dagger"],"picked":"Footwork","floor":13.0},{"not_picked":["Malaise","Wraith Form v2"],"picked":"Adrenaline","floor":16.0},{"not_picked":["Sucker Punch","Bane"],"picked":"Outmaneuver+1","floor":18.0},{"not_picked":["Underhanded Strike+1","Prepared"],"picked":"Dagger Spray+1","floor":19.0},{"not_picked":["Reflex","Outmaneuver"],"picked":"Catalyst+1","floor":21.0},{"not_picked":["Well Laid Plans","Setup+1"],"picked":"Slice+1","floor":24.0},{"not_picked":["Accuracy","Dagger Throw+1","Backflip"],"picked":"SKIP","floor":25.0},{"not_picked":["Riddle With Holes","Prepared","Underhanded Strike"],"picked":"SKIP","floor":29.0},{"not_picked":["Dagger Spray","Dagger Throw"],"picked":"Backflip+1","floor":30.0},{"not_picked":["Blade Dance","Sucker Punch"],"picked":"Adrenaline","floor":31.0},{"not_picked":["A Thousand Cuts","Wraith Form v2"],"picked":"Envenom","floor":33.0},{"not_picked":["Choke+1","Prepared+1"],"picked":"Dagger Spray","floor":35.0},{"not_picked":["Deflect+1","Terror"],"picked":"Finisher+1","floor":44.0},{"not_picked":["Blade Dance+1","Blur"],"picked":"Deadly Poison+1","floor":45.0},{"not_picked":["Sucker Punch","PiercingWail+1"],"picked":"Poisoned Stab+1","floor":47.0},{"not_picked":["Prepared+1","Quick Slash+1"],"picked":"Leg Sweep+1","floor":48.0},{"not_picked":["Underhanded Strike","Dodge and Roll"],"picked":"Night Terror","floor":54.0}],"player_experience":570885,"relics_obtained":[{"floor":6.0,"key":"Mercury Hourglass"},{"floor":8.0,"key":"MawBank"},{"floor":11.0,"key":"Oddly Smooth Stone"},{"floor":24.0,"key":"Dodecahedron"},{"floor":26.0,"key":"Bottled Flame"},{"floor":29.0,"key":"Meat on the Bone"},{"floor":43.0,"key":"Mummified Hand"},{"floor":45.0,"key":"Gremlin Horn"},{"floor":47.0,"key":"Boot"},{"floor":54.0,"key":"Shuriken"}],"event_choices":[{"damage_healed":0.0,"max_hp_gain":0.0,"max_hp_loss":0.0,"gold_gain":0.0,"event_name":"Shining Light","player_choice":"Entered Light","floor":2.0,"gold_loss":0.0,"damage_taken":15.0,"cards_upgraded":["Defend_G","Defend_G"]},{"damage_healed":0.0,"max_hp_gain":0.0,"max_hp_loss":0.0,"gold_gain":0.0,"event_name":"Living Wall","player_choice":"Grow","floor":12.0,"gold_loss":0.0,"damage_taken":0.0,"cards_upgraded":["Finisher"]},{"damage_healed":0.0,"max_hp_gain":0.0,"max_hp_loss":0.0,"gold_gain":0.0,"event_name":"FaceTrader","player_choice":"Trade","floor":14.0,"gold_loss":0.0,"damage_taken":0.0,"relics_obtained":["FaceOfCleric"]},{"damage_healed":0.0,"max_hp_gain":0.0,"max_hp_loss":0.0,"gold_gain":0.0,"event_name":"Beggar","player_choice":"Ignored","floor":22.0,"gold_loss":0.0,"damage_taken":0.0},{"damage_healed":0.0,"max_hp_gain":0.0,"max_hp_loss":0.0,"gold_gain":0.0,"event_name":"Back to Basics","player_choice":"Simplicity","floor":27.0,"gold_loss":0.0,"damage_taken":0.0,"cards_upgraded":["Defend_G","Defend_G","Defend_G","Strike_G","Strike_G","Strike_G","Strike_G","Strike_G"]},{"damage_healed":0.0,"max_hp_gain":0.0,"max_hp_loss":0.0,"gold_gain":0.0,"event_name":"Winding Halls","player_choice":"Embrace Madness","floor":37.0,"gold_loss":0.0,"damage_taken":11.0,"cards_obtained":["Madness","Madness"]},{"cards_removed":["Strike_G"],"damage_healed":0.0,"max_hp_gain":0.0,"max_hp_loss":0.0,"gold_gain":0.0,"event_name":"Falling","player_choice":"Removed Attack","floor":38.0,"gold_loss":0.0,"damage_taken":0.0},{"damage_healed":0.0,"max_hp_gain":0.0,"max_hp_loss":0.0,"gold_gain":0.0,"event_name":"Duplicator","player_choice":"Copied","floor":39.0,"gold_loss":0.0,"damage_taken":0.0,"cards_obtained":["Catalyst"]}],"is_beta":false,"boss_relics":[{"not_picked":["Fusion Hammer","Tiny House"],"picked":"Ring of the Serpent"},{"not_picked":["Sozu","Lizard Tail"],"picked":"Runic Pyramid"}],"items_purged_floors":[53],"is_endless":false,"potions_floor_spawned":[1,4,5,13,18,19,30,33,35,45],"killed_by":"The Heart","ascension_level":1}