{"gold_per_floor":[109,129,144,94,94,94,122,122,122,153,169,194,205,130,130,226,226,237,249,267,192,192,217,217,217],"floor_reached":25,"playtime":2145,"items_purged":["Regret"],"score":277,"play_id":"9ca75394-891c-45ad-8377-b352232cc7e6","local_time":"20180728230553","is_ascension_mode":true,"campfire_choices":[{"data":"Bash","floor":6,"key":"SMITH"},{"data":"True Grit","floor":8,"key":"SMITH"},{"data":"Body Slam","floor":15,"key":"SMITH"},{"data":"Body Slam","floor":24,"key":"SMITH"}],"neow_cost":"NONE","seed_source_timestamp":363266822624563,"circlet_count":0,"master_deck":["Strike_R","Strike_R","Strike_R","Defend_R","Defend_R","Defend_R","Defend_R","Bash+1","True Grit+1","Cleave","Shrug It Off","Armaments","Body Slam+1","Ghostly Armor","Pommel Strike","Wild Strike","Fiend Fire","Clothesline+1","Power Through","Clothesline+1","Body Slam+1","Metallicize"],"relics":["Burning Blood","Red Skull","Pear","Boot","Dodecahedron","Prayer Wheel","Kunai","Coffee Dripper","Turnip"],"potions_floor_usage":[10,16,18,20,23],"damage_taken":[{"damage":9,"enemies":"2 Louse","floor":1,"turns":4},{"damage":12,"enemies":"Jaw Worm","floor":2,"turns":3},{"damage":3,"enemies":"Small Slimes","floor":3,"turns":3},{"damage":44,"enemies":"Gremlin Nob","floor":7,"turns":5},{"damage":18,"enemies":"Lagavulin","floor":10,"turns":6},{"damage":5,"enemies":"3 Louse","floor":11,"turns":3},{"damage":26,"enemies":"Gremlin Nob","floor":12,"turns":4},{"damage":3,"enemies":"Blue Slaver","floor":13,"turns":4},{"damage":13,"enemies":"The Guardian","floor":16,"turns":9},{"damage":7,"enemies":"Shell Parasite","floor":18,"turns":4},{"damage":8,"enemies":"Spheric Guardian","floor":19,"turns":4},{"damage":22,"enemies":"Snecko","floor":20,"turns":5},{"damage":67,"enemies":"Gremlin Leader","floor":23,"turns":7},{"damage":11,"enemies":"Snake Plant","floor":25,"turns":2}],"seed_played":"3446811296501246380","potions_obtained":[{"floor":2,"key":"SteroidPotion"},{"floor":7,"key":"LiquidBronze"},{"floor":10,"key":"Swift Potion"},{"floor":12,"key":"AttackPotion"},{"floor":16,"key":"EssenceOfSteel"},{"floor":18,"key":"SkillPotion"},{"floor":23,"key":"Ancient Potion"}],"is_trial":false,"path_per_floor":["M","M","M","?","?","R","E","R","T","E","M","E","M","$","R","B",null,"M","M","M","?","?","E","R"],"character_chosen":"IRONCLAD","items_purchased":[],"campfire_rested":0,"item_purchase_floors":[],"current_hp_per_floor":[77,71,74,74,84,84,46,46,46,34,35,15,18,18,18,11,90,89,87,71,71,71,10,10,0],"gold":217,"neow_bonus":"RANDOM_COMMON_RELIC","is_prod":false,"is_daily":false,"chose_seed":false,"campfire_upgraded":4,"win_rate":0,"timestamp":1532783153,"path_taken":["M","M","M","?","?","R","E","R","T","E","M","E","M","?","R","BOSS","M","M","M","?","?","E","R","M"],"build_version":"2018-07-26","purchased_purges":1,"victory":false,"max_hp_per_floor":[80,80,80,80,90,90,90,90,90,90,90,90,90,90,90,90,90,90,90,90,90,90,90,90,90],"card_choices":[{"not_picked":["Burning Pact","Clash"],"picked":"True Grit","floor":1},{"not_picked":["Intimidate","Anger"],"picked":"Cleave","floor":2},{"not_picked":["Pommel Strike","True Grit"],"picked":"Shrug It Off","floor":3},{"not_picked":["Reckless Charge","Pommel Strike"],"picked":"Armaments","floor":7},{"not_picked":["Headbutt","Immolate"],"picked":"Body Slam","floor":10},{"not_picked":["Sword Boomerang","Iron Wave"],"picked":"Ghostly Armor","floor":11},{"not_picked":["Clash","Rupture","Infernal Blade"],"picked":"SKIP","floor":11},{"not_picked":["Havoc","Clash"],"picked":"Pommel Strike","floor":12},{"not_picked":["Evolve","Headbutt"],"picked":"Wild Strike","floor":13},{"not_picked":["Twin Strike","Heavy Blade","Anger"],"picked":"SKIP","floor":13},{"not_picked":["Reaper","Limit Break"],"picked":"Fiend Fire","floor":16},{"not_picked":["Dropkick","Clash"],"picked":"Clothesline+1","floor":18},{"not_picked":["Clash","Corruption+1","Carnage+1"],"picked":"SKIP","floor":18},{"not_picked":["Shrug It Off","Flame Barrier"],"picked":"Power Through","floor":19},{"not_picked":["Armaments","Perfected Strike"],"picked":"Clothesline+1","floor":19},{"not_picked":["Anger","Perfected Strike","Blood for Blood+1"],"picked":"SKIP","floor":20},{"not_picked":["Anger","Clash","Havoc"],"picked":"SKIP","floor":20},{"not_picked":["Bludgeon","Uppercut"],"picked":"Metallicize","floor":23}],"player_experience":211430,"relics_obtained":[{"floor":7,"key":"Boot"},{"floor":9,"key":"Dodecahedron"},{"floor":10,"key":"Prayer Wheel"},{"floor":12,"key":"Kunai"},{"floor":23,"key":"Turnip"}],"event_choices":[{"event_name":"The Cleric","player_choice":"Card Removal","floor":4,"damage_taken":0},{"event_name":"Big Fish","player_choice":"Box","floor":5,"damage_taken":0},{"event_name":"Beggar","player_choice":"Gave Gold","floor":21,"damage_taken":0},{"event_name":"The Library","player_choice":"Read","floor":22,"damage_taken":0}],"is_beta":false,"boss_relics":[{"not_picked":["Black Star","Mark of Pain"],"picked":"Coffee Dripper"}],"items_purged_floors":[14],"is_endless":false,"potions_floor_spawned":[2,7,10,12,16,18,23],"killed_by":"Snake Plant","ascension_level":3}