{"gold_per_floor":[119,44,44,62,86,122,122,157,195,172,200,245,257,16,16,135,135,156,156,168,187,187,187,187,187],"floor_reached":25,"playtime":1398,"items_purged":["Strike_R","Strike_R"],"score":339,"play_id":"82c123f9-a8eb-4b16-b207-377eb31a3118","local_time":"20190415014759","is_ascension_mode":true,"campfire_choices":[{"data":"Bash","floor":7,"key":"SMITH"},{"floor":13,"key":"REST"},{"data":"Cleave","floor":15,"key":"SMITH"},{"data":"Shrug It Off","floor":23,"key":"SMITH"},{"floor":24,"key":"REST"}],"neow_cost":"NONE","seed_source_timestamp":41999146074918,"circlet_count":0,"master_deck":["AscendersBane","Strike_R+1","Strike_R+1","Defend_R","Defend_R","Bash+1","Cleave+1","Shrug It Off+1","Shrug It Off","Feed","Twin Strike","Impervious","Iron Wave","Clash+1","Infernal Blade+1","Juggernaut+1"],"relics":["Burning Blood","Whetstone","Ancient Tea Set","MawBank","Bag of Preparation","WingedGreaves","Oddly Smooth Stone","Astrolabe","Nloth\u0027s Gift"],"potions_floor_usage":[6,12,18,20],"damage_taken":[{"damage":8,"enemies":"Jaw Worm","floor":1,"turns":4},{"damage":0,"enemies":"Small Slimes","floor":4,"turns":3},{"damage":6,"enemies":"Cultist","floor":5,"turns":3},{"damage":27,"enemies":"Gremlin Nob","floor":6,"turns":4},{"damage":39,"enemies":"3 Sentries","floor":8,"turns":11},{"damage":2,"enemies":"2 Fungi Beasts","floor":11,"turns":3},{"damage":26,"enemies":"Lagavulin","floor":12,"turns":7},{"damage":44,"enemies":"Slime Boss","floor":16,"turns":15},{"damage":1,"enemies":"3 Byrds","floor":18,"turns":3},{"damage":21,"enemies":"Shell Parasite","floor":20,"turns":5},{"damage":22,"enemies":"Cultist and Chosen","floor":21,"turns":6},{"damage":61,"enemies":"Book of Stabbing","floor":25,"turns":6}],"seed_played":"7330977692973233455","potions_obtained":[{"floor":4,"key":"Strength Potion"},{"floor":5,"key":"EssenceOfSteel"},{"floor":12,"key":"LiquidBronze"},{"floor":16,"key":"SkillPotion"},{"floor":21,"key":"Ancient Potion"}],"is_trial":false,"path_per_floor":["M","$","?","M","M","E","R","E","T","?","M","E","R","$","R","B",null,"M","?","M","M","?","R","R","E"],"character_chosen":"IRONCLAD","items_purchased":["Oddly Smooth Stone"],"campfire_rested":2,"item_purchase_floors":[14],"current_hp_per_floor":[70,70,70,74,74,53,53,23,23,42,46,26,49,49,49,11,61,69,69,54,41,41,41,65,4],"gold":187,"neow_bonus":"RANDOM_COMMON_RELIC","is_prod":false,"is_daily":false,"chose_seed":false,"campfire_upgraded":3,"win_rate":0,"timestamp":1555307279,"path_taken":["M","$","?","M","M","E","R","E","T","?","M","E","R","$","R","BOSS","M","?","M","?","?","R","R","E"],"build_version":"2019-01-23","purchased_purges":2,"victory":false,"max_hp_per_floor":[80,80,74,74,74,74,74,77,77,77,77,77,77,77,77,77,77,80,80,80,83,83,83,83,83],"card_choices":[{"not_picked":["Shrug It Off","Heavy Blade"],"picked":"Cleave","floor":1},{"not_picked":["Flame Barrier","Flex"],"picked":"Shrug It Off","floor":4},{"not_picked":["Cleave","Clash"],"picked":"Shrug It Off","floor":5},{"not_picked":["True Grit","Whirlwind"],"picked":"Feed","floor":6},{"not_picked":["Perfected Strike","Rampage"],"picked":"Twin Strike","floor":8},{"not_picked":["True Grit","Headbutt"],"picked":"Impervious","floor":11},{"not_picked":["Hemokinesis","Anger"],"picked":"Iron Wave","floor":12},{"not_picked":["Flame Barrier","Warcry","Anger"],"picked":"SKIP","floor":18},{"not_picked":["Bloodletting+1","Battle Trance+1","Uppercut"],"picked":"SKIP","floor":20},{"not_picked":["Flex","Clothesline+1","Feel No Pain"],"picked":"SKIP","floor":21}],"player_experience":938266,"relics_obtained":[{"floor":6,"key":"Ancient Tea Set"},{"floor":8,"key":"MawBank"},{"floor":9,"key":"Bag of Preparation"},{"floor":12,"key":"WingedGreaves"}],"event_choices":[{"damage_healed":0,"gold_gain":0,"player_choice":"Lose Max HP","damage_taken":0,"relics_obtained":["Golden Idol"],"max_hp_gain":0,"max_hp_loss":6,"event_name":"Golden Idol","floor":3,"gold_loss":0},{"damage_healed":19,"gold_gain":0,"player_choice":"Healed","damage_taken":0,"max_hp_gain":0,"max_hp_loss":0,"event_name":"The Cleric","floor":10,"gold_loss":35},{"damage_healed":0,"gold_gain":0,"player_choice":"Traded Relic","damage_taken":0,"relics_obtained":["Nloth\u0027s Gift"],"max_hp_gain":0,"max_hp_loss":0,"event_name":"N\u0027loth","floor":19,"relics_lost":["Golden Idol"],"gold_loss":0},{"damage_healed":0,"gold_gain":0,"player_choice":"Ignored","damage_taken":0,"max_hp_gain":0,"max_hp_loss":0,"event_name":"Vampires","floor":22,"gold_loss":0}],"is_beta":false,"boss_relics":[{"not_picked":["Busted Crown","Fusion Hammer"],"picked":"Astrolabe"}],"items_purged_floors":[2,14],"is_endless":false,"potions_floor_spawned":[4,5,12,16,21],"killed_by":"Book of Stabbing","ascension_level":11}