{"gold_per_floor":[114,129,79,154,169,199,214,214,264,264,214,229,244,274,274,374,374,389,121,136,151,166,166,166,196,271,271,301,301,301,301,301,401,401,416,416,46,76,91,91,121,151,151,166,181,211,211,226,226,226],"floor_reached":51,"playtime":5667,"items_purged":["Force Field"],"score":1065,"play_id":"a68c369f-7164-41e1-abdf-8e5404d80af6","local_time":"20190307000306","daily_mods":["Insanity","Time Dilation","DeadlyEvents"],"is_ascension_mode":false,"campfire_choices":[{"data":"Redo","floor":8,"key":"SMITH"},{"data":"Redo","floor":10,"key":"SMITH"},{"data":"Steam Power","floor":15,"key":"SMITH"},{"data":"Loop","floor":23,"key":"SMITH"},{"data":"Skim","floor":27,"key":"SMITH"},{"data":"Tempest","floor":30,"key":"SMITH"},{"data":"Genetic Algorithm","floor":32,"key":"SMITH"},{"floor":40,"key":"REST"},{"data":"Turbo","floor":47,"key":"SMITH"},{"floor":49,"key":"REST"}],"neow_cost":"","seed_source_timestamp":0,"circlet_count":0,"master_deck":["Redo+1","Lockon","Cold Snap","Melter","Ball Lightning","Redo+1","Go for the Eyes","Turbo","Sweeping Beam","Sweeping Beam","Loop+1","Conserve Battery","Turbo+1","Stack","Sunder","Cold Snap","Tempest+1","Cold Snap","Turbo+1","Consume+1","Hello World","Hello World","Streamline","Coolheaded","Streamline","Genetic Algorithm+1","Steam","Sweeping Beam","Streamline","Steam","Double Energy","Streamline","Tempest","Conserve Battery","Coolheaded","Defragment","Loop","Skim+1","Gash","Ball Lightning","Steam","Steam Power+1","Leap","Stack","Streamline","Compile Driver","Conserve Battery","Beam Cell","Capacitor","Undo+1","Coolheaded+1","Coolheaded+1","Gash","BootSequence+1","Loop","Creative AI","Chill+1","Defragment","Capacitor+1","Hologram+1","Consume+1","Electrodynamics+1","Steam Power+1","Steam Power+1","Loop+1","Turbo+1","Hologram+1","Skim+1","Coolheaded+1","Conserve Battery+1","Capacitor+1","Turbo+1"],"special_seed":17962,"relics":["Cracked Core","Toxic Egg 2","DataDisk","Smiling Mask","Calipers","Sozu","Runic Capacitor","Kunai","Frozen Egg 2","Bottled Lightning","Philosopher\u0027s Stone","Ice Cream","Ornamental Fan","War Paint","Letter Opener","Sundial","Meat on the Bone"],"potions_floor_usage":[7,16,50],"damage_taken":[{"damage":0,"enemies":"Small Slimes","floor":1,"turns":2},{"damage":5,"enemies":"Jaw Worm","floor":2,"turns":2},{"damage":0,"enemies":"Cultist","floor":5,"turns":2},{"damage":36,"enemies":"Gremlin Nob","floor":6,"turns":5},{"damage":4,"enemies":"Blue Slaver","floor":7,"turns":4},{"damage":5,"enemies":"Exordium Thugs","floor":12,"turns":4},{"damage":0,"enemies":"2 Fungi Beasts","floor":13,"turns":2},{"damage":8,"enemies":"3 Sentries","floor":14,"turns":4},{"damage":10,"enemies":"Hexaghost","floor":16,"turns":6},{"damage":0,"enemies":"2 Thieves","floor":18,"turns":3},{"damage":0,"enemies":"Spheric Guardian","floor":20,"turns":3},{"damage":2,"enemies":"Centurion and Healer","floor":21,"turns":3},{"damage":0,"enemies":"Sentry and Sphere","floor":22,"turns":3},{"damage":7,"enemies":"Slavers","floor":25,"turns":4},{"damage":9,"enemies":"Book of Stabbing","floor":28,"turns":6},{"damage":5,"enemies":"Automaton","floor":33,"turns":10},{"damage":0,"enemies":"3 Darklings","floor":35,"turns":4},{"damage":39,"enemies":"Reptomancer","floor":38,"turns":7},{"damage":0,"enemies":"3 Shapes","floor":39,"turns":3},{"damage":0,"enemies":"Nemesis","floor":41,"turns":5},{"damage":0,"enemies":"Giant Head","floor":42,"turns":6},{"damage":0,"enemies":"Maw","floor":44,"turns":5},{"damage":0,"enemies":"Sphere and 2 Shapes","floor":45,"turns":2},{"damage":0,"enemies":"Reptomancer","floor":46,"turns":5},{"damage":0,"enemies":"3 Darklings","floor":48,"turns":3},{"damage":0,"enemies":"Donu and Deca","floor":50,"turns":6}],"seed_played":"-6414622860042854824","potions_obtained":[{"floor":2,"key":"Regen Potion"},{"floor":6,"key":"GamblersBrew"},{"floor":7,"key":"SpeedPotion"},{"floor":13,"key":"Regen Potion"}],"is_trial":false,"path_per_floor":["M","M","?","T","M","E","M","R","T","R","$","M","M","E","R","B",null,"M","$","M","M","M","R","$","E","T","R","E","?","R","?","R","B",null,"M","?","$","E","M","R","E","E","T","M","M","E","R","M","R","B",null],"character_chosen":"DEFECT","items_purchased":["Runic Capacitor","Defragment","Ice Cream","Steam Power+1"],"campfire_rested":2,"item_purchase_floors":[19,19,37,37],"current_hp_per_floor":[75,70,70,70,70,34,42,42,42,42,42,37,37,29,29,34,75,75,75,75,73,73,73,73,66,66,66,57,57,57,57,57,52,75,75,75,75,36,36,58,58,58,58,58,58,58,58,58,75,75],"gold":226,"neow_bonus":"","is_prod":false,"is_daily":true,"chose_seed":false,"campfire_upgraded":8,"win_rate":0,"timestamp":1551945786,"path_taken":["M","M","?","?","?","E","M","R","T","R","$","M","M","?","R","BOSS","M","$","M","M","M","R","$","E","T","R","E","?","R","?","R","BOSS","M","?","$","?","?","R","E","?","T","?","M","E","R","M","R","BOSS"],"build_version":"2019-01-23","purchased_purges":1,"victory":true,"max_hp_per_floor":[75,75,75,75,75,75,75,75,75,75,75,75,75,75,75,75,75,75,75,75,75,75,75,75,75,75,75,75,75,75,75,75,75,75,75,75,75,75,75,75,75,75,75,75,75,75,75,75,75,75],"card_choices":[{"not_picked":["Fusion","Cold Snap"],"picked":"Beam Cell","floor":1},{"not_picked":["Chill","Sunder"],"picked":"Capacitor","floor":2},{"not_picked":["Skim+1","Cold Snap"],"picked":"Undo+1","floor":5},{"not_picked":["Turbo+1","Melter"],"picked":"Coolheaded+1","floor":6},{"not_picked":["Scrape","Reprogram+1"],"picked":"Coolheaded+1","floor":7},{"not_picked":["Beam Cell","Ball Lightning"],"picked":"Gash","floor":12},{"not_picked":["Seek+1","Beam Cell"],"picked":"BootSequence+1","floor":13},{"not_picked":["Multi-Cast+1","Sweeping Beam"],"picked":"Loop","floor":14},{"not_picked":["All For One","Thunder Strike"],"picked":"Creative AI","floor":16},{"not_picked":["Steam+1","Coolheaded+1"],"picked":"Chill+1","floor":18},{"not_picked":["Reinforced Body+1","Go for the Eyes"],"picked":"Capacitor+1","floor":20},{"not_picked":["Cold Snap","Ball Lightning"],"picked":"Hologram+1","floor":21},{"not_picked":["Leap+1","Go for the Eyes","Loop"],"picked":"SKIP","floor":22},{"not_picked":["Gash+1","Lockon"],"picked":"Consume+1","floor":25},{"not_picked":["Turbo+1","Coolheaded+1","Machine Learning+1"],"picked":"SKIP","floor":28},{"not_picked":["Seek+1","Meteor Strike"],"picked":"Electrodynamics+1","floor":33},{"not_picked":["Loop+1","Melter"],"picked":"Steam Power+1","floor":35},{"not_picked":["Barrage+1","Leap+1"],"picked":"Loop+1","floor":38},{"not_picked":["Sweeping Beam+1","Glacier+1"],"picked":"Turbo+1","floor":39},{"not_picked":["Redo+1","Auto Shields+1"],"picked":"Hologram+1","floor":41},{"not_picked":["Sweeping Beam+1","Glacier+1"],"picked":"Skim+1","floor":42},{"not_picked":["Gash+1","Scrape"],"picked":"Coolheaded+1","floor":44},{"not_picked":["Self Repair+1","Gash"],"picked":"Conserve Battery+1","floor":45},{"not_picked":["Barrage","Rainbow+1"],"picked":"Capacitor+1","floor":46},{"not_picked":["Coolheaded+1","Stack+1"],"picked":"Turbo+1","floor":48}],"player_experience":1124931,"relics_obtained":[{"floor":4,"key":"Toxic Egg 2"},{"floor":6,"key":"DataDisk"},{"floor":9,"key":"Smiling Mask"},{"floor":14,"key":"Calipers"},{"floor":25,"key":"Kunai"},{"floor":26,"key":"Frozen Egg 2"},{"floor":28,"key":"Bottled Lightning"},{"floor":38,"key":"Ornamental Fan"},{"floor":41,"key":"War Paint"},{"floor":42,"key":"Letter Opener"},{"floor":43,"key":"Sundial"},{"floor":46,"key":"Meat on the Bone"}],"event_choices":[{"cards_removed":["Compile Driver"],"damage_healed":0,"gold_gain":0,"player_choice":"Card Removal","damage_taken":0,"max_hp_gain":0,"max_hp_loss":0,"event_name":"The Cleric","floor":3,"gold_loss":50},{"cards_removed":["Redo"],"damage_healed":0,"gold_gain":0,"player_choice":"Elegance","damage_taken":0,"max_hp_gain":0,"max_hp_loss":0,"event_name":"Back to Basics","floor":29,"gold_loss":0},{"damage_healed":0,"gold_gain":0,"player_choice":"Ignored","damage_taken":0,"max_hp_gain":0,"max_hp_loss":0,"event_name":"Beggar","floor":31,"gold_loss":0},{"damage_healed":0,"gold_gain":0,"player_choice":"Ignored","damage_taken":0,"max_hp_gain":0,"max_hp_loss":0,"event_name":"SecretPortal","floor":36,"gold_loss":0}],"is_beta":false,"boss_relics":[{"not_picked":["Velvet Choker","Orrery"],"picked":"Sozu"},{"not_picked":["Cursed Key","Snecko Eye"],"picked":"Philosopher\u0027s Stone"}],"items_purged_floors":[11],"is_endless":false,"potions_floor_spawned":[2,6,7,13,20,25,35,38,44,46,48],"ascension_level":0}