{"gold_per_floor":[117,134,134,144,162,162,162,179,179,179,2,27,42,52,52,154,154,166,166,180,180,180],"floor_reached":22,"playtime":2238,"items_purged":[],"score":197,"play_id":"23ad6ab7-f6df-491a-9314-ba375d2cb9ad","local_time":"20190209232916","is_ascension_mode":true,"campfire_choices":[{"data":"Anger","floor":6,"key":"SMITH"},{"data":"Bash","floor":10,"key":"SMITH"},{"data":"Mayhem","floor":15,"key":"SMITH"}],"neow_cost":"NONE","seed_source_timestamp":35446238823777,"circlet_count":0,"master_deck":["Strike_R","Strike_R","Strike_R","Strike_R","Defend_R","Defend_R","Defend_R","Defend_R","Bash+1","Battle Trance","Pommel Strike","Twin Strike","Anger+1","Flame Barrier","Mayhem+1","Berserk","Disarm","Feed","Good Instincts","Shrug It Off+1"],"relics":["Burning Blood"],"potions_floor_usage":[8,12,12,12,16,18,21],"damage_taken":[{"damage":1,"enemies":"Cultist","floor":1,"turns":3},{"damage":6,"enemies":"Jaw Worm","floor":2,"turns":3},{"damage":7,"enemies":"Small Slimes","floor":4,"turns":3},{"damage":1,"enemies":"2 Fungi Beasts","floor":5,"turns":3},{"damage":17,"enemies":"Gremlin Gang","floor":8,"turns":4},{"damage":6,"enemies":"Gremlin Nob","floor":12,"turns":3},{"damage":7,"enemies":"Blue Slaver","floor":13,"turns":2},{"damage":5,"enemies":"Looter","floor":14,"turns":3},{"damage":26,"enemies":"The Guardian","floor":16,"turns":9},{"damage":21,"enemies":"Spheric Guardian","floor":18,"turns":5},{"damage":15,"enemies":"Chosen","floor":20,"turns":6},{"damage":45,"enemies":"Colosseum Slavers","floor":21,"turns":7},{"damage":22,"enemies":"Snake Plant","floor":22,"turns":6}],"seed_played":"-4273103397150552657","potions_obtained":[{"floor":2,"key":"SpeedPotion"},{"floor":5,"key":"Poison Potion"},{"floor":8,"key":"EntropicBrew"},{"floor":16,"key":"SpeedPotion"},{"floor":18,"key":"FairyPotion"}],"is_trial":false,"path_per_floor":["M","M","?","M","M","R","?","M","T","R","$","E","M","M","R","B",null,"M","?","M","?","M"],"character_chosen":"IRONCLAD","items_purchased":["Mayhem"],"campfire_rested":0,"item_purchase_floors":[11],"current_hp_per_floor":[80,80,80,79,80,80,80,69,69,69,69,69,68,69,69,49,80,65,49,40,17,0],"gold":180,"neow_bonus":"TRANSFORM_CARD","is_prod":false,"is_daily":false,"chose_seed":false,"campfire_upgraded":3,"win_rate":0,"timestamp":1549772956,"path_taken":["M","?","?","M","?","R","?","M","T","R","$","E","M","M","R","BOSS","M","?","?","?","M"],"build_version":"2019-01-23","purchased_purges":0,"victory":false,"max_hp_per_floor":[80,80,80,80,80,80,80,80,80,80,80,80,80,80,80,80,80,80,80,80,83,83],"card_choices":[{"not_picked":["True Grit","Havoc"],"picked":"Pommel Strike","floor":1},{"not_picked":["Clash","Carnage"],"picked":"Twin Strike","floor":2},{"not_picked":["Thunderclap","Blood for Blood"],"picked":"Anger","floor":4},{"not_picked":["Headbutt","Sword Boomerang"],"picked":"Flame Barrier","floor":5},{"not_picked":["Perfected Strike","Dual Wield","Power Through"],"picked":"SKIP","floor":8},{"not_picked":["Corruption","Wild Strike","Seeing Red"],"picked":"SKIP","floor":12},{"not_picked":["Armaments","Iron Wave"],"picked":"Berserk","floor":13},{"not_picked":["Headbutt","Sentinel"],"picked":"Disarm","floor":14},{"not_picked":["Impervious","Offering"],"picked":"Feed","floor":16},{"not_picked":["Dropkick","Thunderclap+1","Blood for Blood"],"picked":"SKIP","floor":18},{"not_picked":["Pommel Strike","Warcry+1"],"picked":"Shrug It Off+1","floor":20}],"player_experience":773254,"relics_obtained":[],"event_choices":[{"damage_healed":0,"gold_gain":0,"player_choice":"Ignored","damage_taken":0,"max_hp_gain":0,"max_hp_loss":0,"event_name":"WeMeetAgain","floor":3,"gold_loss":0},{"damage_healed":0,"gold_gain":0,"player_choice":"Searched \u00270\u0027 times","damage_taken":0,"max_hp_gain":0,"max_hp_loss":0,"event_name":"Dead Adventurer","floor":7,"gold_loss":0},{"damage_healed":0,"gold_gain":0,"player_choice":"CARD ","damage_taken":16,"max_hp_gain":0,"max_hp_loss":0,"event_name":"Knowing Skull","floor":19,"potions_obtained":[],"gold_loss":0,"cards_obtained":["Good Instincts"]},{"damage_healed":0,"gold_gain":0,"player_choice":"Fight","damage_taken":0,"max_hp_gain":0,"max_hp_loss":0,"event_name":"Colosseum","floor":21,"gold_loss":0},{"damage_healed":0,"gold_gain":0,"player_choice":"Fled From Nobs","damage_taken":0,"max_hp_gain":0,"max_hp_loss":0,"event_name":"Colosseum","floor":21,"gold_loss":0}],"is_beta":false,"boss_relics":[{"not_picked":["Black Star","Runic Cube","Orrery"]}],"items_purged_floors":[],"is_endless":false,"potions_floor_spawned":[2,5,8,16,18],"killed_by":"Snake Plant","ascension_level":1}