{"gold_per_floor":[109,109,122,141,141,170,170,135,184,184,194,209,209,235,247,355,367,397,421,433,445,457],"floor_reached":22,"playtime":1446,"items_purged":[],"score":193,"play_id":"e8b31b08-9691-4321-82f5-298c5941074b","local_time":"20181229154652","is_ascension_mode":true,"campfire_choices":[{"data":"Neutralize","floor":7,"key":"SMITH"},{"data":"Survivor","floor":10,"key":"SMITH"},{"data":"Footwork","floor":13,"key":"SMITH"},{"data":"Poisoned Stab","floor":15,"key":"SMITH"}],"neow_cost":"NONE","seed_source_timestamp":745855995626671,"circlet_count":0,"master_deck":["Defend_G","Defend_G","Defend_G","Defend_G","Defend_G","Strike_G","Strike_G","Strike_G","Strike_G","Survivor+1","Neutralize+1","Acrobatics","Poisoned Stab+1","Outmaneuver","Flying Knee","Footwork+1","Envenom","Escape Plan","Noxious Fumes"],"relics":["Ring of the Snake","NeowsBlessing","Bronze Scales","Happy Flower","MawBank","Black Star","Nilry\u0027s Codex"],"potions_floor_usage":[6,16,16,18,22],"damage_taken":[{"damage":0,"enemies":"2 Louse","floor":1,"turns":1},{"damage":0,"enemies":"Cultist","floor":3,"turns":1},{"damage":0,"enemies":"Small Slimes","floor":4,"turns":1},{"damage":39,"enemies":"3 Sentries","floor":6,"turns":10},{"damage":1,"enemies":"Blue Slaver","floor":11,"turns":4},{"damage":0,"enemies":"Exordium Wildlife","floor":12,"turns":3},{"damage":43,"enemies":"Slime Boss","floor":16,"turns":13},{"damage":15,"enemies":"2 Thieves","floor":18,"turns":5},{"damage":2,"enemies":"3 Byrds","floor":19,"turns":3},{"damage":18,"enemies":"Colosseum Slavers","floor":22,"turns":5},{"damage":51,"enemies":"Colosseum Nobs","floor":22,"turns":6}],"seed_played":"5933842835881949973","potions_obtained":[{"floor":1,"key":"SkillPotion"},{"floor":6,"key":"Fire Potion"},{"floor":11,"key":"PowerPotion"},{"floor":16,"key":"Swift Potion"},{"floor":18,"key":"PowerPotion"}],"is_trial":false,"path_per_floor":["M","?","M","M","?","E","R","?","T","R","M","M","R","T","R","B",null,"M","M","?","?","?"],"character_chosen":"THE_SILENT","items_purchased":[],"campfire_rested":0,"item_purchase_floors":[],"current_hp_per_floor":[70,70,70,70,75,36,36,54,54,54,53,53,53,53,53,10,75,60,58,42,67,0],"gold":457,"neow_bonus":"THREE_ENEMY_KILL","is_prod":false,"is_daily":false,"chose_seed":false,"campfire_upgraded":4,"win_rate":0,"timestamp":1546127212,"path_taken":["M","?","?","M","?","E","R","?","T","R","M","M","R","?","R","BOSS","M","M","?","?","?"],"build_version":"2018-12-20","purchased_purges":0,"victory":false,"max_hp_per_floor":[70,70,70,70,75,75,75,75,75,75,75,75,75,75,75,75,75,75,75,75,75,75],"card_choices":[{"not_picked":["Riddle With Holes","Skewer","PiercingWail"],"picked":"SKIP","floor":1},{"not_picked":["Crippling Poison","Finisher"],"picked":"Acrobatics","floor":3},{"not_picked":["Choke","Dagger Spray"],"picked":"Poisoned Stab","floor":4},{"not_picked":["All Out Attack","Escape Plan"],"picked":"Outmaneuver","floor":6},{"not_picked":["Deflect","Die Die Die"],"picked":"Flying Knee","floor":11},{"not_picked":["Terror","Acrobatics"],"picked":"Footwork","floor":12},{"not_picked":["Night Terror","Bullet Time"],"picked":"Envenom","floor":16},{"not_picked":["Bane","Blade Dance"],"picked":"Escape Plan","floor":18},{"not_picked":["Flying Knee","Sucker Punch"],"picked":"Noxious Fumes","floor":19}],"player_experience":462060,"relics_obtained":[{"floor":6,"key":"Bronze Scales"},{"floor":9,"key":"Happy Flower"},{"floor":14,"key":"MawBank"},{"floor":20,"key":"Nilry\u0027s Codex"}],"event_choices":[{"cards_removed":["Strike_G"],"damage_healed":0,"gold_gain":0,"player_choice":"Offered Basic","damage_taken":0,"max_hp_gain":0,"max_hp_loss":0,"event_name":"Bonfire Elementals","floor":2,"gold_loss":0},{"damage_healed":0,"gold_gain":0,"player_choice":"Donut","damage_taken":0,"max_hp_gain":5,"max_hp_loss":0,"event_name":"Big Fish","floor":5,"gold_loss":0},{"damage_healed":18,"gold_gain":0,"player_choice":"Healed","damage_taken":0,"max_hp_gain":0,"max_hp_loss":0,"event_name":"The Cleric","floor":8,"gold_loss":35},{"damage_healed":0,"gold_gain":0,"player_choice":"Obtained Book","damage_taken":16,"max_hp_gain":0,"max_hp_loss":0,"event_name":"Cursed Tome","floor":20,"gold_loss":0},{"damage_healed":25,"gold_gain":0,"player_choice":"Heal","damage_taken":0,"max_hp_gain":0,"max_hp_loss":0,"event_name":"The Library","floor":21,"gold_loss":0},{"damage_healed":0,"gold_gain":0,"player_choice":"Fight","damage_taken":0,"max_hp_gain":0,"max_hp_loss":0,"event_name":"Colosseum","floor":22,"gold_loss":0},{"damage_healed":0,"gold_gain":0,"player_choice":"Fought Nobs","damage_taken":0,"max_hp_gain":0,"max_hp_loss":0,"event_name":"Colosseum","floor":22,"gold_loss":0}],"is_beta":false,"boss_relics":[{"not_picked":["Calling Bell","WristBlade"],"picked":"Black Star"}],"items_purged_floors":[],"is_endless":false,"potions_floor_spawned":[1,6,11,16,18],"killed_by":"Colosseum Nobs","ascension_level":1}