{"path_per_floor":["M","?","$","?","M","R","E","R","T","E","?","R","?","M","R","B",null,"M","?"],"character_chosen":"DEFECT","items_purchased":["Doom and Gloom","Capacitor"],"gold_per_floor":[216,216,29,29,39,39,64,64,137,162,162,162,162,174,174,271,301,319,319,319],"floor_reached":20,"campfire_rested":0,"playtime":999,"item_purchase_floors":[3,3],"current_hp_per_floor":[63,56,56,56,63,63,43,43,43,33,38,38,38,46,46,26,72,51,43,0],"items_purged":["Strike_B"],"gold":319,"score":285,"play_id":"6673451f-5462-49d5-895e-38713bbc6cc8","local_time":"20180527012118","is_prod":false,"is_daily":false,"chose_seed":false,"is_ascension_mode":true,"campfire_upgraded":4,"win_rate":0,"timestamp":1527376878,"campfire_choices":[{"data":"Doom and Gloom","floor":6,"key":"SMITH"},{"data":"Turbo","floor":8,"key":"SMITH"},{"data":"Zap","floor":12,"key":"SMITH"},{"data":"Dualcast","floor":15,"key":"SMITH"}],"path_taken":["M","?","$","?","M","R","E","R","T","E","?","R","?","M","R","BOSS","M","?","M"],"build_version":"2018-05-25","seed_source_timestamp":646845104113031,"purchased_purges":1,"victory":false,"master_deck":["Strike_B","Strike_B","Defend_B","Defend_B","Defend_B","Defend_B","Zap+1","Dualcast+1","AscendersBane","Self Repair+1","Doom and Gloom+1","Capacitor+1","Turbo+1","Stack","Coolheaded","Creative AI","Stack"],"max_hp_per_floor":[75,75,75,75,75,75,75,75,75,75,80,80,80,80,80,80,85,85,85,85],"relics":["Cracked Core","Toolbox","Dodecahedron","Ice Cream","Tiny House"],"card_choices":[{"not_picked":["Leap","Cold Snap"],"picked":"Self Repair","floor":1},{"not_picked":["Lockon","Ball Lightning","Beam Cell"],"picked":"SKIP","floor":5},{"not_picked":["Thunder Strike","Compile Driver"],"picked":"Turbo","floor":7},{"not_picked":["Blizzard","Steam"],"picked":"Stack","floor":10},{"not_picked":["Force Field","Leap"],"picked":"Coolheaded","floor":14},{"not_picked":["Buffer","Amplify"],"picked":"Creative AI","floor":16},{"not_picked":["Barrage","Rip and Tear+1"],"picked":"Stack","floor":18}],"player_experience":143048,"potions_floor_usage":[10,10,16,18,20,20,20],"damage_taken":[{"damage":5,"enemies":"Small Slimes","floor":1,"turns":3},{"damage":3,"enemies":"Jaw Worm","floor":5,"turns":4},{"damage":30,"enemies":"3 Sentries","floor":7,"turns":7},{"damage":20,"enemies":"Lagavulin","floor":10,"turns":4},{"damage":2,"enemies":"2 Louse","floor":14,"turns":2},{"damage":30,"enemies":"Slime Boss","floor":16,"turns":7},{"damage":31,"enemies":"Chosen","floor":18,"turns":8},{"damage":51,"enemies":"3 Byrds","floor":20,"turns":4}],"relics_obtained":[{"floor":7,"key":"Toolbox"},{"floor":9,"key":"Dodecahedron"},{"floor":10,"key":"Ice Cream"}],"event_choices":[{"event_name":"Golden Wing","player_choice":"Card Removal","floor":2,"damage_taken":0},{"event_name":"Living Wall","player_choice":"Grow","floor":4,"damage_taken":0},{"event_name":"Big Fish","player_choice":"Donut","floor":11,"damage_taken":0},{"event_name":"Liars Game","player_choice":"disagreed","floor":13,"damage_taken":0},{"event_name":"Knowing Skull","player_choice":"","floor":19,"damage_taken":0}],"boss_relics":[{"not_picked":["White Beast Statue","Runic Pyramid"],"picked":"Tiny House"}],"items_purged_floors":[3],"potions_floor_spawned":[1,7,10],"seed_played":"-7355781193100233690","killed_by":"3 Byrds","ascension_level":12,"potions_obtained":[{"floor":1,"key":"Weak Potion"},{"floor":7,"key":"Poison Potion"},{"floor":10,"key":"FocusPotion"},{"floor":17,"key":"EntropicBrew"}],"is_trial":false}