{"gold_per_floor":[111,124,124,124,49,84,84,94,94,94,112,125,125,25,25,123,123,133,232,251,270,270,304,304,337,337,337,365,365,381,392,392,488,488,505,415,127,143,1142,1142,1001,1001,1026,1039,1057,1071,1102,1119,1119,1119],"floor_reached":51,"playtime":49772,"items_purged":["Defend_B","Strike_B","Strike_B"],"score":861,"play_id":"bb647db6-92a4-4384-8027-049917a12947","local_time":"20190301094628","is_ascension_mode":true,"campfire_choices":[{"floor":7,"key":"REST"},{"data":"Fission","floor":10,"key":"SMITH"},{"data":"Zap","floor":15,"key":"SMITH"},{"floor":24,"key":"REST"},{"data":"Coolheaded","floor":27,"key":"SMITH"},{"data":"Beam Cell","floor":29,"key":"SMITH"},{"data":"Redo","floor":32,"key":"SMITH"},{"data":"Redo","floor":40,"key":"SMITH"},{"data":"Dualcast","floor":42,"key":"SMITH"},{"floor":49,"key":"REST"}],"neow_cost":"PERCENT_DAMAGE","seed_source_timestamp":1131251960842893,"circlet_count":0,"master_deck":["Strike_B+1","Defend_B","Defend_B","Defend_B","Zap+1","Dualcast+1","Fission+1","Coolheaded+1","Coolheaded+1","Sunder","Sunder","Beam Cell+1","Machine Learning+1","Self Repair","Storm+1","Glacier+1","Ball Lightning+1","Redo+1","Go for the Eyes","Multi-Cast","Steam+1","Redo+1","Normality","Normality","Stack+1","Go for the Eyes+1","Ball Lightning+1","White Noise+1"],"relics":["Cracked Core","Blue Candle","PreservedInsect","Mercury Hourglass","Velvet Choker","Nilry\u0027s Codex","The Courier","FossilizedHelix","Letter Opener","Darkstone Periapt","Black Star","Membership Card","Anchor","Toxic Egg 2","Strawberry","Gremlin Horn","Cables"],"potions_floor_usage":[21,23,45,47],"damage_taken":[{"damage":3,"enemies":"2 Louse","floor":1,"turns":2},{"damage":0,"enemies":"Jaw Worm","floor":2,"turns":3},{"damage":15,"enemies":"Lagavulin","floor":6,"turns":9},{"damage":0,"enemies":"Small Slimes","floor":8,"turns":3},{"damage":2,"enemies":"Looter","floor":11,"turns":2},{"damage":3,"enemies":"Lots of Slimes","floor":12,"turns":2},{"damage":0,"enemies":"Slime Boss","floor":16,"turns":4},{"damage":2,"enemies":"Chosen","floor":18,"turns":3},{"damage":1,"enemies":"Spheric Guardian","floor":20,"turns":3},{"damage":19,"enemies":"Snake Plant","floor":21,"turns":2},{"damage":20,"enemies":"Book of Stabbing","floor":23,"turns":3},{"damage":4,"enemies":"Gremlin Leader","floor":25,"turns":6},{"damage":1,"enemies":"Book of Stabbing","floor":28,"turns":4},{"damage":0,"enemies":"Snecko","floor":30,"turns":3},{"damage":0,"enemies":"Sentry and Sphere","floor":31,"turns":3},{"damage":19,"enemies":"Collector","floor":33,"turns":8},{"damage":1,"enemies":"Orb Walker","floor":35,"turns":4},{"damage":0,"enemies":"3 Shapes","floor":38,"turns":2},{"damage":27,"enemies":"Spire Growth","floor":44,"turns":5},{"damage":15,"enemies":"Jaw Worm Horde","floor":45,"turns":5},{"damage":13,"enemies":"3 Darklings","floor":46,"turns":5},{"damage":24,"enemies":"Giant Head","floor":47,"turns":9},{"damage":12,"enemies":"Writhing Mass","floor":48,"turns":5},{"damage":36,"enemies":"Time Eater","floor":50,"turns":10}],"seed_played":"3813349806876581392","potions_obtained":[{"floor":6,"key":"Energy Potion"},{"floor":8,"key":"Explosive Potion"},{"floor":11,"key":"LiquidBronze"},{"floor":18,"key":"Fire Potion"},{"floor":21,"key":"Energy Potion"},{"floor":30,"key":"FairyPotion"},{"floor":31,"key":"EssenceOfSteel"},{"floor":33,"key":"AttackPotion"},{"floor":48,"key":"FairyPotion"}],"is_trial":false,"path_per_floor":["M","M","?","?","$","E","R","M","T","R","M","M","?","$","R","B",null,"M","?","M","M","?","E","R","E","T","R","E","R","M","M","R","B",null,"M","?","$","M","?","R","?","R","T","M","M","M","E","M","R","B",null],"character_chosen":"DEFECT","items_purchased":["Membership Card","Anchor"],"campfire_rested":3,"item_purchase_floors":[37,37],"current_hp_per_floor":[51,51,36,29,29,14,36,36,36,36,34,31,56,56,56,56,75,73,73,75,56,40,27,49,52,52,52,58,58,58,65,65,53,75,74,74,74,74,86,86,86,86,93,73,65,52,35,30,58,29],"gold":1119,"neow_bonus":"THREE_RARE_CARDS","is_prod":false,"is_daily":false,"chose_seed":false,"campfire_upgraded":7,"win_rate":0,"timestamp":1551462388,"path_taken":["M","M","?","?","?","E","R","M","T","R","?","M","?","$","R","BOSS","M","?","M","M","?","E","R","E","T","R","E","R","M","M","R","BOSS","M","?","$","?","?","R","?","R","T","M","?","M","E","M","R","BOSS"],"build_version":"2019-01-23","purchased_purges":3,"victory":true,"max_hp_per_floor":[75,75,75,75,75,75,75,75,75,75,75,75,75,75,75,75,75,75,75,75,75,75,75,75,75,75,75,75,75,75,75,75,75,75,75,75,75,75,87,87,87,87,94,94,94,94,94,94,94,94],"card_choices":[{"not_picked":["Creative AI","Machine Learning"],"picked":"Fission","floor":0},{"not_picked":["Cold Snap","Steam"],"picked":"Coolheaded","floor":1},{"not_picked":["Hologram","Leap"],"picked":"Coolheaded","floor":2},{"not_picked":["Compile Driver","Beam Cell"],"picked":"Sunder","floor":6},{"not_picked":["Rip and Tear","Steam"],"picked":"Sunder","floor":8},{"not_picked":["Sunder","Consume"],"picked":"Beam Cell","floor":11},{"not_picked":["Rebound","Coolheaded","Blizzard"],"picked":"SKIP","floor":12},{"not_picked":["Core Surge","All For One"],"picked":"Machine Learning","floor":16},{"not_picked":["Hello World","Barrage"],"picked":"Self Repair","floor":18},{"not_picked":["FTL","Reinforced Body"],"picked":"Storm+1","floor":20},{"not_picked":["Rip and Tear","Stack","Coolheaded+1"],"picked":"SKIP","floor":21},{"not_picked":["Sweeping Beam","Steam"],"picked":"Glacier+1","floor":23},{"not_picked":["FTL","Barrage+1"],"picked":"Ball Lightning+1","floor":25},{"not_picked":["Stack","Cold Snap","Gash+1"],"picked":"SKIP","floor":28},{"not_picked":["Steam Power","Meteor Strike"],"picked":"Redo","floor":30},{"not_picked":["Glacier","Turbo"],"picked":"Go for the Eyes","floor":31},{"not_picked":["Thunder Strike","Hyperbeam"],"picked":"Multi-Cast","floor":33},{"not_picked":["Leap","Coolheaded"],"picked":"Steam+1","floor":35},{"not_picked":["Sunder+1","Hello World"],"picked":"Redo","floor":38},{"not_picked":["Reprogram+1","Doom and Gloom+1"],"picked":"Stack+1","floor":44},{"not_picked":["Lockon","Rebound"],"picked":"Go for the Eyes+1","floor":45},{"not_picked":["Recycle+1","Streamline"],"picked":"Ball Lightning+1","floor":46},{"not_picked":["Steam+1","Reboot+1","Barrage"],"picked":"SKIP","floor":47},{"not_picked":["Consume+1","Static Discharge+1"],"picked":"White Noise+1","floor":48}],"player_experience":965337,"relics_obtained":[{"floor":6,"key":"PreservedInsect"},{"floor":9,"key":"Mercury Hourglass"},{"floor":22,"key":"Nilry\u0027s Codex"},{"floor":23,"key":"The Courier"},{"floor":25,"key":"FossilizedHelix"},{"floor":26,"key":"Letter Opener"},{"floor":28,"key":"Darkstone Periapt"},{"floor":43,"key":"Strawberry"},{"floor":47,"key":"Gremlin Horn"},{"floor":47,"key":"Cables"}],"event_choices":[{"damage_healed":0,"gold_gain":0,"player_choice":"Entered Light","damage_taken":15,"max_hp_gain":0,"max_hp_loss":0,"event_name":"Shining Light","floor":3,"gold_loss":0,"cards_upgraded":["Coolheaded","Strike_B"]},{"damage_healed":0,"gold_gain":0,"player_choice":"Success","damage_taken":7,"relics_obtained":["Blue Candle"],"max_hp_gain":0,"max_hp_loss":0,"event_name":"Scrap Ooze","floor":4,"gold_loss":0},{"damage_healed":25,"gold_gain":0,"player_choice":"Banana","damage_taken":0,"max_hp_gain":0,"max_hp_loss":0,"event_name":"Big Fish","floor":13,"gold_loss":0},{"damage_healed":0,"gold_gain":99,"player_choice":"Stole From Cult","damage_taken":0,"max_hp_gain":0,"max_hp_loss":0,"event_name":"Nest","floor":19,"gold_loss":0},{"damage_healed":0,"gold_gain":0,"player_choice":"Obtained Book","damage_taken":16,"max_hp_gain":0,"max_hp_loss":0,"event_name":"Cursed Tome","floor":22,"gold_loss":0},{"cards_removed":["Strike_B"],"damage_healed":0,"gold_gain":0,"player_choice":"Upgrade and Remove","damage_taken":0,"max_hp_gain":0,"max_hp_loss":0,"event_name":"Designer","floor":36,"gold_loss":90,"cards_upgraded":["Machine Learning"]},{"damage_healed":0,"gold_gain":999,"player_choice":"Gold","damage_taken":0,"max_hp_gain":0,"max_hp_loss":0,"event_name":"MindBloom","floor":39,"gold_loss":0,"cards_obtained":["Normality","Normality"]},{"damage_healed":0,"gold_gain":0,"player_choice":"Paid Gold","damage_taken":0,"relics_obtained":["Toxic Egg 2"],"max_hp_gain":0,"max_hp_loss":0,"event_name":"WeMeetAgain","floor":41,"gold_loss":141}],"is_beta":false,"boss_relics":[{"not_picked":["White Beast Statue","Calling Bell"],"picked":"Velvet Choker"},{"not_picked":["Tiny House","Fusion Hammer"],"picked":"Black Star"}],"items_purged_floors":[5,14,37],"is_endless":false,"potions_floor_spawned":[6,8,11,16,18,20,21,30,31,33,35,46,48],"ascension_level":2}