{"gold_per_floor":[212,162,337,337,120,120,138,151,177,177,211,223,233,249,249,344,344,360,360,378,477,246,246,266,266,266,266,294,312,331,431,431,431],"floor_reached":33,"playtime":2116,"items_purged":["Defend_R","Defend_R"],"score":292,"play_id":"e6788cd5-9fb4-4b75-b719-3d1538b312d8","local_time":"20190322233624","is_ascension_mode":false,"campfire_choices":[{"data":"Pommel Strike","floor":6,"key":"SMITH"},{"data":"Shrug It Off","floor":10,"key":"SMITH"},{"data":"Whirlwind","floor":15,"key":"SMITH"},{"data":"Armaments","floor":23,"key":"SMITH"},{"data":"Shockwave","floor":25,"key":"SMITH"},{"data":"Inflame","floor":27,"key":"SMITH"},{"data":"Flame Barrier","floor":32,"key":"SMITH"}],"neow_cost":"NONE","seed_source_timestamp":262548932671842,"circlet_count":0,"master_deck":["Strike_R","Strike_R","Strike_R","Strike_R","Defend_R","Defend_R","Bash","Flame Barrier+1","Shrug It Off+1","Pommel Strike+1","Inflame+1","Headbutt","Corruption","Battle Trance","Shockwave+1","Whirlwind+1","Offering","Flame Barrier+1","True Grit+1","Armaments+1","Feel No Pain","Battle Trance+1","Searing Blow+1","Spot Weakness","Armaments+1"],"relics":["Burning Blood","Blood Vial","Dream Catcher","Philosopher\u0027s Stone","Pocketwatch","Bag of Preparation"],"potions_floor_usage":[16,24,33,33],"damage_taken":[{"damage":1,"enemies":"Cultist","floor":1,"turns":4},{"damage":0,"enemies":"2 Louse","floor":7,"turns":3},{"damage":0,"enemies":"Small Slimes","floor":8,"turns":3},{"damage":45,"enemies":"3 Sentries","floor":11,"turns":10},{"damage":5,"enemies":"Looter","floor":12,"turns":3},{"damage":8,"enemies":"Gremlin Gang","floor":13,"turns":7},{"damage":5,"enemies":"3 Louse","floor":14,"turns":5},{"damage":48,"enemies":"The Guardian","floor":16,"turns":16},{"damage":10,"enemies":"Shell Parasite","floor":18,"turns":5},{"damage":17,"enemies":"2 Thieves","floor":20,"turns":4},{"damage":12,"enemies":"Centurion and Healer","floor":24,"turns":4},{"damage":6,"enemies":"Gremlin Leader","floor":28,"turns":5},{"damage":16,"enemies":"Snecko","floor":29,"turns":6},{"damage":22,"enemies":"Shelled Parasite and Fungi","floor":30,"turns":4},{"damage":64,"enemies":"Collector","floor":33,"turns":10}],"seed_played":"-4922170656927765632","potions_obtained":[{"floor":1,"key":"FairyPotion"},{"floor":8,"key":"Swift Potion"},{"floor":14,"key":"Poison Potion"},{"floor":16,"key":"Dexterity Potion"},{"floor":28,"key":"SpeedPotion"}],"is_trial":false,"path_per_floor":["M","?","?","?","$","R","M","M","T","R","E","M","M","M","R","B",null,"M","?","M","?","$","R","M","R","T","R","E","M","M","?","R","B"],"character_chosen":"IRONCLAD","items_purchased":["Shrug It Off","Pommel Strike","Inflame","Armaments","Feel No Pain"],"campfire_rested":0,"item_purchase_floors":[5,5,5,22,22],"current_hp_per_floor":[80,80,80,80,80,80,80,80,80,80,41,44,44,47,47,7,80,76,76,67,67,67,67,63,63,63,63,65,57,43,43,43,0],"gold":431,"neow_bonus":"HUNDRED_GOLD","is_prod":false,"is_daily":false,"chose_seed":false,"campfire_upgraded":7,"win_rate":0,"timestamp":1553315784,"path_taken":["M","?","?","?","$","R","M","M","T","R","E","M","M","M","R","BOSS","M","?","?","?","$","R","M","R","T","R","E","M","M","?","R","BOSS"],"build_version":"2019-01-23","purchased_purges":2,"victory":false,"max_hp_per_floor":[80,80,80,80,80,80,80,80,80,80,80,80,80,80,80,80,80,80,80,80,80,80,80,80,80,80,80,80,80,80,80,80,80],"card_choices":[{"not_picked":["Infernal Blade","Burning Pact"],"picked":"Flame Barrier","floor":1},{"not_picked":["Warcry","True Grit"],"picked":"Headbutt","floor":7},{"not_picked":["Wild Strike","Perfected Strike"],"picked":"Corruption","floor":8},{"not_picked":["Clash","Reaper"],"picked":"Battle Trance","floor":11},{"not_picked":["Second Wind","Perfected Strike"],"picked":"Shockwave","floor":12},{"not_picked":["Infernal Blade","Perfected Strike","Power Through"],"picked":"SKIP","floor":13},{"not_picked":["Blood for Blood","Body Slam"],"picked":"Whirlwind","floor":14},{"not_picked":["Fiend Fire","Immolate"],"picked":"Offering","floor":16},{"not_picked":["Clash","Evolve"],"picked":"Flame Barrier","floor":18},{"not_picked":["Whirlwind","Combust"],"picked":"True Grit+1","floor":20},{"not_picked":["Clothesline","Flex"],"picked":"Battle Trance+1","floor":24},{"not_picked":["Flex","Twin Strike"],"picked":"Searing Blow+1","floor":28},{"not_picked":["Pommel Strike+1","Body Slam"],"picked":"Spot Weakness","floor":29},{"not_picked":["Thunderclap","Burning Pact"],"picked":"Armaments+1","floor":30}],"player_experience":109283,"relics_obtained":[{"floor":9,"key":"Blood Vial"},{"floor":11,"key":"Dream Catcher"},{"floor":26,"key":"Pocketwatch"},{"floor":28,"key":"Bag of Preparation"}],"event_choices":[{"cards_removed":["Strike_R"],"damage_healed":0,"gold_gain":0,"player_choice":"Card Removal","damage_taken":0,"max_hp_gain":0,"max_hp_loss":0,"event_name":"The Cleric","floor":2,"gold_loss":50},{"damage_healed":0,"gold_gain":175,"player_choice":"AGREE","damage_taken":0,"max_hp_gain":0,"max_hp_loss":0,"event_name":"Liars Game","floor":3,"gold_loss":0,"cards_obtained":["Doubt"]},{"damage_healed":0,"gold_gain":0,"player_choice":"Grow","damage_taken":0,"max_hp_gain":0,"max_hp_loss":0,"event_name":"Living Wall","floor":4,"gold_loss":0,"cards_upgraded":["Flame Barrier"]},{"cards_removed":["Doubt"],"damage_healed":0,"gold_gain":0,"player_choice":"Removed Curses","damage_taken":0,"max_hp_gain":0,"max_hp_loss":0,"event_name":"Fountain of Cleansing","floor":19,"gold_loss":0},{"damage_healed":0,"gold_gain":99,"player_choice":"Stole From Cult","damage_taken":0,"max_hp_gain":0,"max_hp_loss":0,"event_name":"Nest","floor":21,"gold_loss":0},{"damage_healed":0,"gold_gain":100,"player_choice":"Pray","damage_taken":0,"max_hp_gain":0,"max_hp_loss":0,"event_name":"Golden Shrine","floor":31,"gold_loss":0}],"is_beta":false,"boss_relics":[{"not_picked":["Tiny House","Black Star"],"picked":"Philosopher\u0027s Stone"}],"items_purged_floors":[5,22],"is_endless":false,"potions_floor_spawned":[1,8,14,16,20,28],"killed_by":"Collector","ascension_level":0}