{"gold_per_floor":[217,234,248,248,259,259,279,296,321,321,332,358,358,374,374,478,478,492,492,123,123,150,182,194,241,253,265,306,318,340,386,398,410],"floor_reached":33,"playtime":2976,"items_purged":["Strike_G"],"score":410,"play_id":"bbcfec21-f946-455c-8904-cde2650c066d","local_time":"20190320222603","is_ascension_mode":true,"campfire_choices":[{"data":"Neutralize","floor":6,"key":"SMITH"},{"data":"Leg Sweep","floor":10,"key":"SMITH"},{"floor":15,"key":"REST"},{"data":"Burst","floor":24,"key":"SMITH"},{"data":"Deadly Poison","floor":27,"key":"SMITH"},{"data":"Corpse Explosion","floor":32,"key":"SMITH"}],"neow_cost":"NONE","seed_source_timestamp":505824182552972,"circlet_count":0,"master_deck":["Defend_G","Defend_G","Defend_G","Defend_G","Defend_G","Strike_G","Strike_G","Strike_G","Strike_G","Survivor","Neutralize+1","Deadly Poison+1","Leg Sweep+1","Dark Shackles","Flying Knee","Quick Slash","Slice","Heel Hook","Quick Slash","Sucker Punch+1","Burst+1","Endless Agony+1","Die Die Die+1","Heel Hook+1","Endless Agony+1","Escape Plan+1","Ghostly","Ghostly","Ghostly","Ghostly","Ghostly","Outmaneuver+1","Corpse Explosion+1"],"relics":["Ring of the Serpent","Anchor","Turnip","Molten Egg 2","Bronze Scales","Red Mask","MawBank","Bag of Preparation","Bottled Flame","Juzu Bracelet","Omamori"],"potions_floor_usage":[12,12,23,28,33,33,33],"damage_taken":[{"damage":0,"enemies":"Jaw Worm","floor":1,"turns":5},{"damage":0,"enemies":"Cultist","floor":2,"turns":3},{"damage":0,"enemies":"2 Louse","floor":3,"turns":4},{"damage":22,"enemies":"Exordium Thugs","floor":5,"turns":5},{"damage":1,"enemies":"Blue Slaver","floor":7,"turns":4},{"damage":0,"enemies":"Looter","floor":8,"turns":3},{"damage":0,"enemies":"3 Louse","floor":11,"turns":2},{"damage":8,"enemies":"Lagavulin","floor":12,"turns":6},{"damage":13,"enemies":"Exordium Thugs","floor":14,"turns":6},{"damage":43,"enemies":"The Guardian","floor":16,"turns":15},{"damage":1,"enemies":"3 Byrds","floor":18,"turns":6},{"damage":8,"enemies":"Masked Bandits","floor":22,"turns":6},{"damage":4,"enemies":"Slavers","floor":23,"turns":5},{"damage":5,"enemies":"Book of Stabbing","floor":25,"turns":6},{"damage":0,"enemies":"Gremlin Leader","floor":28,"turns":5},{"damage":0,"enemies":"Spheric Guardian","floor":30,"turns":3},{"damage":6,"enemies":"Slavers","floor":31,"turns":6},{"damage":31,"enemies":"Champ","floor":33,"turns":10}],"seed_played":"-9160462212787149","potions_obtained":[{"floor":3,"key":"GamblersBrew"},{"floor":7,"key":"FearPotion"},{"floor":8,"key":"Energy Potion"},{"floor":12,"key":"GamblersBrew"},{"floor":22,"key":"Fire Potion"},{"floor":23,"key":"Ancient Potion"},{"floor":31,"key":"Strength Potion"}],"is_trial":false,"path_per_floor":["M","M","M","?","M","R","M","M","T","R","M","E","T","M","R","B",null,"M","?","$","?","?","E","R","E","T","R","E","?","M","E","R","B"],"character_chosen":"THE_SILENT","items_purchased":["Bronze Scales","Die Die Die+1"],"campfire_rested":1,"item_purchase_floors":[20,20],"current_hp_per_floor":[70,70,70,70,48,48,47,47,47,47,47,39,39,26,47,4,70,69,53,53,53,45,41,41,36,36,36,36,35,35,29,29,0],"gold":410,"neow_bonus":"HUNDRED_GOLD","is_prod":false,"is_daily":false,"chose_seed":false,"campfire_upgraded":5,"win_rate":0,"timestamp":1553145963,"path_taken":["M","M","M","?","M","R","?","M","T","R","M","E","?","M","R","BOSS","M","?","$","?","?","E","R","E","T","R","E","?","M","E","R","BOSS"],"build_version":"2019-01-23","purchased_purges":1,"victory":false,"max_hp_per_floor":[70,70,70,70,70,70,70,70,70,70,70,70,70,70,70,70,70,70,70,70,70,70,70,70,70,70,70,70,35,35,35,35,35],"card_choices":[{"not_picked":["Calculated Gamble","Noxious Fumes"],"picked":"Deadly Poison","floor":1},{"not_picked":["Dagger Spray","Well Laid Plans"],"picked":"Leg Sweep","floor":2},{"not_picked":["Bane","Reflex","Bouncing Flask"],"picked":"SKIP","floor":3},{"not_picked":["Night Terror","All Out Attack"],"picked":"Flying Knee","floor":5},{"not_picked":["Masterful Stab","Concentrate"],"picked":"Quick Slash","floor":7},{"not_picked":["Underhanded Strike","Bouncing Flask"],"picked":"Slice","floor":8},{"not_picked":["Cloak And Dagger","Deflect"],"picked":"Heel Hook","floor":11},{"not_picked":["Slice","Deadly Poison"],"picked":"Quick Slash","floor":12},{"not_picked":["Caltrops","Predator+1"],"picked":"Sucker Punch+1","floor":14},{"not_picked":["Malaise","Wraith Form v2"],"picked":"Burst","floor":16},{"not_picked":["Backflip","Deadly Poison"],"picked":"Endless Agony+1","floor":18},{"not_picked":["Blur","Night Terror"],"picked":"Endless Agony+1","floor":23},{"not_picked":["Outmaneuver","Prepared","Cloak And Dagger"],"picked":"SKIP","floor":25},{"not_picked":["Outmaneuver","Backstab+1"],"picked":"Escape Plan+1","floor":28},{"not_picked":["Slice+1","Quick Slash+1"],"picked":"Outmaneuver+1","floor":30},{"not_picked":["Eviscerate+1","Leg Sweep+1"],"picked":"Corpse Explosion","floor":31}],"player_experience":1428815,"relics_obtained":[{"floor":9,"key":"Anchor"},{"floor":12,"key":"Turnip"},{"floor":13,"key":"Molten Egg 2"},{"floor":22,"key":"Red Mask"},{"floor":23,"key":"MawBank"},{"floor":25,"key":"Bag of Preparation"},{"floor":26,"key":"Bottled Flame"},{"floor":28,"key":"Juzu Bracelet"},{"floor":31,"key":"Omamori"}],"event_choices":[{"damage_healed":0,"gold_gain":0,"player_choice":"1 cards matched","damage_taken":0,"max_hp_gain":0,"max_hp_loss":0,"event_name":"Match and Keep!","floor":4,"gold_loss":0,"cards_obtained":["Dark Shackles"]},{"damage_healed":0,"gold_gain":0,"player_choice":"Obtained Book","damage_taken":16,"max_hp_gain":0,"max_hp_loss":0,"event_name":"Cursed Tome","floor":19,"gold_loss":0},{"damage_healed":0,"gold_gain":0,"player_choice":"Read","damage_taken":0,"max_hp_gain":0,"max_hp_loss":0,"event_name":"The Library","floor":21,"gold_loss":0,"cards_obtained":["Heel Hook"]},{"damage_healed":0,"gold_gain":0,"player_choice":"Fought Bandits","damage_taken":0,"max_hp_gain":0,"max_hp_loss":0,"event_name":"Masked Bandits","floor":22,"gold_loss":0},{"damage_healed":0,"gold_gain":0,"player_choice":"Became a Ghost","damage_taken":0,"max_hp_gain":0,"max_hp_loss":35,"event_name":"Ghosts","floor":29,"gold_loss":0,"cards_obtained":["Ghostly","Ghostly","Ghostly","Ghostly","Ghostly"]}],"is_beta":false,"boss_relics":[{"not_picked":["Orrery","Velvet Choker"],"picked":"Ring of the Serpent"}],"items_purged_floors":[20],"is_endless":false,"potions_floor_spawned":[3,7,8,12,22,23,25,31],"killed_by":"Champ","ascension_level":2}