{"gold_per_floor":[115,26,26,26,42,80,95,109,109,132,156,156,190,215,215,215],"floor_reached":16,"playtime":1054,"items_purged":[],"score":257,"play_id":"2a165dd7-187b-4e17-9d2f-5b566ada79de","local_time":"20190211012554","is_ascension_mode":true,"campfire_choices":[{"data":"Infinite Blades","floor":12,"key":"SMITH"},{"floor":15,"key":"REST"}],"neow_cost":"NONE","seed_source_timestamp":130034297013385,"circlet_count":0,"master_deck":["AscendersBane","Defend_G","Defend_G","Defend_G","Defend_G","Defend_G","Strike_G","Strike_G","Strike_G","Strike_G","Survivor","Neutralize","Quick Slash","Infinite Blades+1","PiercingWail","Backflip","Quick Slash","All Out Attack","Dodge and Roll","Skewer","Deadly Poison"],"relics":["Ring of the Snake","NeowsBlessing","Golden Idol","Smiling Mask","PreservedInsect","Dodecahedron"],"potions_floor_usage":[10,13,16],"damage_taken":[{"damage":0,"enemies":"Small Slimes","floor":1,"turns":1},{"damage":0,"enemies":"Cultist","floor":5,"turns":1},{"damage":0,"enemies":"Gremlin Nob","floor":6,"turns":1},{"damage":8,"enemies":"Jaw Worm","floor":7,"turns":4},{"damage":0,"enemies":"3 Louse","floor":8,"turns":3},{"damage":2,"enemies":"Large Slime","floor":10,"turns":5},{"damage":5,"enemies":"Blue Slaver","floor":11,"turns":5},{"damage":13,"enemies":"Lagavulin","floor":13,"turns":5},{"damage":5,"enemies":"Exordium Wildlife","floor":14,"turns":4},{"damage":72,"enemies":"Slime Boss","floor":16,"turns":9}],"seed_played":"-3889981125377455059","potions_obtained":[{"floor":7,"key":"Swift Potion"},{"floor":8,"key":"Fire Potion"},{"floor":13,"key":"Poison Potion"},{"floor":14,"key":"Regen Potion"}],"is_trial":false,"path_per_floor":["M","$","?","?","M","E","M","M","T","M","M","R","E","M","R","B"],"character_chosen":"THE_SILENT","items_purchased":["Infinite Blades"],"campfire_rested":1,"item_purchase_floors":[2],"current_hp_per_floor":[59,59,59,59,59,59,51,51,51,49,44,44,31,26,44,0],"gold":215,"neow_bonus":"THREE_ENEMY_KILL","is_prod":false,"is_daily":false,"chose_seed":false,"campfire_upgraded":1,"win_rate":0,"timestamp":1549866354,"path_taken":["M","$","?","?","?","E","M","M","T","?","M","R","E","M","R","BOSS"],"build_version":"2019-01-23","purchased_purges":0,"victory":false,"max_hp_per_floor":[66,66,60,60,60,60,60,60,60,60,60,60,60,60,60,60],"card_choices":[{"not_picked":["Prepared","Acrobatics"],"picked":"Quick Slash","floor":1},{"not_picked":["Dagger Throw","Masterful Stab"],"picked":"Backflip","floor":5},{"not_picked":["Heel Hook","Deflect"],"picked":"Quick Slash","floor":6},{"not_picked":["Finisher","Dash"],"picked":"All Out Attack","floor":7},{"not_picked":["Deadly Poison","Choke"],"picked":"Dodge and Roll","floor":8},{"not_picked":["Grand Finale","Quick Slash","Acrobatics"],"picked":"SKIP","floor":10},{"not_picked":["Sucker Punch","Backflip"],"picked":"Skewer","floor":11},{"not_picked":["Reflex","Dodge and Roll","Flechettes"],"picked":"SKIP","floor":13},{"not_picked":["Masterful Stab","Slice"],"picked":"Deadly Poison","floor":14}],"player_experience":781346,"relics_obtained":[{"floor":6,"key":"Smiling Mask"},{"floor":9,"key":"PreservedInsect"},{"floor":13,"key":"Dodecahedron"}],"event_choices":[{"damage_healed":0,"gold_gain":0,"player_choice":"Lose Max HP","damage_taken":0,"relics_obtained":["Golden Idol"],"max_hp_gain":0,"max_hp_loss":6,"event_name":"Golden Idol","floor":3,"gold_loss":0},{"damage_healed":0,"gold_gain":0,"cards_transformed":["Strike_G"],"player_choice":"Transformed","damage_taken":0,"max_hp_gain":0,"max_hp_loss":0,"event_name":"Transmorgrifier","floor":4,"gold_loss":0,"cards_obtained":["PiercingWail"]}],"is_beta":false,"boss_relics":[],"items_purged_floors":[],"is_endless":false,"potions_floor_spawned":[7,8,13,14],"killed_by":"Slime Boss","ascension_level":17}