{"gold_per_floor":[369,319,49,62,77,77,109,109,109,136,146,146,146,156,156,234,234,245,258,333,79,79,140,140,140],"floor_reached":25,"playtime":2802,"items_purged":["Wraith Form v2"],"score":389,"play_id":"7db3294b-65dd-41d4-8e08-f1145ea840ed","local_time":"20180802224420","is_ascension_mode":true,"campfire_choices":[{"data":"Neutralize","floor":6.0,"key":"SMITH"},{"data":"Skewer","floor":8.0,"key":"SMITH"},{"floor":12.0,"key":"REST"},{"data":"Noxious Fumes","floor":15.0,"key":"SMITH"},{"data":"Dagger Spray","floor":24,"key":"SMITH"}],"neow_cost":"CURSE","seed_source_timestamp":0,"circlet_count":0,"master_deck":["Defend_G","Defend_G","Defend_G","Defend_G","Defend_G","Strike_G","Strike_G","Strike_G","Strike_G","Strike_G","Survivor","Neutralize+1","AscendersBane","Blur","Envenom+1","Slice","Skewer+1","Noxious Fumes+1","Backstab","Well Laid Plans","Predator","Dagger Spray+1","Dodge and Roll+1","Master of Strategy+1","Decay","Deflect+1"],"special_seed":0,"relics":["Ring of the Snake","Snake Skull","Dead Branch","Toxic Egg 2","Oddly Smooth Stone","Coffee Dripper","Tiny Chest"],"potions_floor_usage":[18,23,23,25,25],"damage_taken":[{"damage":8.0,"enemies":"2 Louse","floor":1.0,"turns":4.0},{"damage":0.0,"enemies":"Cultist","floor":4.0,"turns":4.0},{"damage":0.0,"enemies":"Jaw Worm","floor":5.0,"turns":5.0},{"damage":20.0,"enemies":"Gremlin Nob","floor":7.0,"turns":4.0},{"damage":13.0,"enemies":"3 Sentries","floor":10.0,"turns":6.0},{"damage":10.0,"enemies":"Gremlin Gang","floor":11.0,"turns":7.0},{"damage":0.0,"enemies":"Large Slime","floor":14.0,"turns":4.0},{"damage":3.0,"enemies":"The Guardian","floor":16.0,"turns":9.0},{"damage":6,"enemies":"3 Byrds","floor":18,"turns":5},{"damage":18,"enemies":"Spheric Guardian","floor":19,"turns":4},{"damage":9,"enemies":"Book of Stabbing","floor":23,"turns":6},{"damage":17,"enemies":"Slavers","floor":25,"turns":4}],"seed_played":"-6639083685083118150","potions_obtained":[{"floor":1.0,"key":"Poison Potion"},{"floor":10.0,"key":"AttackPotion"},{"floor":16.0,"key":"Weak Potion"},{"floor":18,"key":"EssenceOfSteel"},{"floor":23,"key":"Weak Potion"}],"is_trial":false,"path_per_floor":["M","?","$","M","M","R","E","R","T","E","M","R","?","M","R","B",null,"M","M","?","$","?","E","R"],"character_chosen":"THE_SILENT","items_purchased":["Snake Skull","Envenom","Slice","Master of Strategy+1"],"campfire_rested":1,"item_purchase_floors":[3,3,3,21],"current_hp_per_floor":[51,51,51,51,51,51,31,31,31,18,8,27,27,27,27,24,56,50,32,26,26,26,17,17,0],"gold":140,"neow_bonus":"TWO_FIFTY_GOLD","is_prod":false,"is_daily":false,"chose_seed":false,"campfire_upgraded":4,"win_rate":0,"timestamp":1533213860,"path_taken":["M","?","$","M","?","R","E","R","T","E","M","R","?","M","R","BOSS","M","M","?","$","?","E","R","E"],"build_version":"2018-07-26","purchased_purges":1,"victory":false,"max_hp_per_floor":[66,66,66,66,66,66,66,66,66,66,66,66,66,66,66,66,66,66,66,66,66,66,66,66,66],"card_choices":[{"not_picked":["Blade Dance","Prepared"],"picked":"Blur","floor":1.0},{"not_picked":["Crippling Poison","Acrobatics"],"picked":"Skewer","floor":4.0},{"not_picked":["Finisher","Sucker Punch"],"picked":"Noxious Fumes","floor":5.0},{"not_picked":["Blur","Crippling Poison"],"picked":"Backstab","floor":7.0},{"not_picked":["Masterful Stab","Bouncing Flask+1"],"picked":"Well Laid Plans","floor":10.0},{"not_picked":["Tactician+1","Bane"],"picked":"Predator","floor":11.0},{"not_picked":["Poisoned Stab","Blade Dance+1"],"picked":"Dagger Spray","floor":14.0},{"not_picked":["Burst+1","Unload"],"picked":"Wraith Form v2","floor":16.0},{"not_picked":["Deadly Poison+1","Calculated Gamble+1","Finisher"],"picked":"SKIP","floor":18},{"not_picked":["Dagger Throw","Acrobatics+1"],"picked":"Dodge and Roll+1","floor":19},{"not_picked":["Concentrate+1","Noxious Fumes"],"picked":"Deflect+1","floor":23}],"player_experience":336390,"relics_obtained":[{"floor":7.0,"key":"Dead Branch"},{"floor":9.0,"key":"Toxic Egg 2"},{"floor":10.0,"key":"Oddly Smooth Stone"},{"floor":23,"key":"Tiny Chest"}],"event_choices":[{"event_name":"The Cleric","player_choice":"Card Removal","floor":2.0,"damage_taken":0.0},{"event_name":"Accursed Blacksmith","player_choice":"Forge","floor":13.0,"damage_taken":0.0},{"event_name":"FaceTrader","player_choice":"Touch","floor":20,"damage_taken":0},{"event_name":"Forgotten Altar","player_choice":"Smashed Altar","floor":22,"damage_taken":0}],"is_beta":false,"boss_relics":[{"not_picked":["Velvet Choker","Pandora\u0027s Box"],"picked":"Coffee Dripper"}],"items_purged_floors":[21],"is_endless":false,"potions_floor_spawned":[1,10,16,18,19,23],"killed_by":"Slavers","ascension_level":14}