{"gold_per_floor":[112,112,112,137,212,212,212,248,248,289,174,174,195,216,216,305,305,329,329,347,169,182,217,217,217],"floor_reached":25,"playtime":1760,"items_purged":["Regret","Writhe"],"score":508,"play_id":"8c0be853-3445-4602-859a-28978393a80b","local_time":"20190122014300","is_ascension_mode":true,"campfire_choices":[{"floor":6.0,"key":"REST"},{"data":"Buffer","floor":12.0,"key":"SMITH"},{"data":"Zap","floor":15.0,"key":"SMITH"},{"data":"Recycle","floor":24.0,"key":"SMITH"}],"neow_cost":"NONE","seed_source_timestamp":996427448514560,"circlet_count":0,"master_deck":["AscendersBane","Strike_B","Strike_B","Strike_B","Strike_B","Defend_B","Defend_B","Defend_B","Defend_B","Zap+1","Dualcast","Glacier","Buffer+1","Conserve Battery","Self Repair+1","Storm+1","Recycle+1","Heatsinks+1","Biased Cognition+1","Glacier","Chill","Heatsinks+1","Compile Driver","Coolheaded"],"special_seed":0,"relics":["Cracked Core","NeowsBlessing","Dream Catcher","Golden Idol","Frozen Egg 2","Turnip","Ornamental Fan","Kunai","Sozu","Pear","Torii"],"potions_floor_usage":[],"damage_taken":[{"damage":0.0,"enemies":"Small Slimes","floor":1.0,"turns":1.0},{"damage":0.0,"enemies":"Jaw Worm","floor":4.0,"turns":1.0},{"damage":0.0,"enemies":"3 Sentries","floor":8.0,"turns":2.0},{"damage":14.0,"enemies":"Gremlin Nob","floor":10.0,"turns":5.0},{"damage":2.0,"enemies":"Cultist","floor":13.0,"turns":4.0},{"damage":4.0,"enemies":"2 Fungi Beasts","floor":14.0,"turns":4.0},{"damage":12.0,"enemies":"The Guardian","floor":16.0,"turns":17.0},{"damage":0.0,"enemies":"Spheric Guardian","floor":18.0,"turns":3.0},{"damage":6.0,"enemies":"3 Byrds","floor":20.0,"turns":4.0},{"damage":4.0,"enemies":"Centurion and Healer","floor":22.0,"turns":6.0},{"damage":29.0,"enemies":"Slavers","floor":23.0,"turns":5.0},{"damage":67,"enemies":"Gremlin Leader","floor":25,"turns":8}],"seed_played":"-5182657261669231805","potions_obtained":[{"floor":4.0,"key":"PowerPotion"},{"floor":10.0,"key":"FocusPotion"},{"floor":14.0,"key":"EssenceOfSteel"},{"floor":16.0,"key":"Explosive Potion"}],"is_trial":false,"path_per_floor":["?","?","?","?","M","?"],"character_chosen":"DEFECT","items_purchased":["Storm+1","Heatsinks+1"],"campfire_rested":1,"item_purchase_floors":[11,21],"current_hp_per_floor":[64,64,40,40,29,50,45,45,45,31,31,31,39,45,45,43,64,71,81,81,81,81,62,62,0],"gold":217,"neow_bonus":"THREE_ENEMY_KILL","is_prod":false,"is_daily":false,"chose_seed":false,"campfire_upgraded":3,"win_rate":0,"timestamp":1548117780,"path_taken":["M","?","?","M","?","R","?","E","T","E","$","R","M","?","R","BOSS","M","?","M","$","M","E","R","E"],"build_version":"2019-01-20","purchased_purges":2,"victory":false,"max_hp_per_floor":[71,71,71,71,71,71,71,71,71,71,71,71,71,71,71,71,71,71,81,81,81,81,81,81,81],"card_choices":[{"not_picked":["Streamline","Beam Cell"],"picked":"Glacier","floor":1.0},{"not_picked":["Redo","Storm","Rebound"],"picked":"SKIP","floor":4.0},{"not_picked":["Auto Shields","Coolheaded"],"picked":"Buffer","floor":6.0},{"not_picked":["Thunder Strike","Gash"],"picked":"Conserve Battery","floor":8.0},{"not_picked":["Sunder","Auto Shields"],"picked":"Self Repair+1","floor":10.0},{"not_picked":["Rip and Tear","Sweeping Beam"],"picked":"Recycle","floor":13.0},{"not_picked":["Barrage","Stack"],"picked":"Heatsinks+1","floor":14.0},{"not_picked":["Core Surge","Buffer+1"],"picked":"Biased Cognition+1","floor":16.0},{"not_picked":["Compile Driver","Cold Snap"],"picked":"Glacier","floor":18.0},{"not_picked":["Compile Driver","Genetic Algorithm"],"picked":"Chill","floor":20.0},{"not_picked":["Fusion","Barrage"],"picked":"Compile Driver","floor":22.0},{"not_picked":["Go for the Eyes","Sweeping Beam"],"picked":"Coolheaded","floor":23.0}],"player_experience":618231,"relics_obtained":[{"floor":8.0,"key":"Turnip"},{"floor":9.0,"key":"Ornamental Fan"},{"floor":10.0,"key":"Kunai"},{"floor":23.0,"key":"Torii"}],"event_choices":[{"damage_healed":0.0,"max_hp_gain":0.0,"max_hp_loss":0.0,"gold_gain":0.0,"event_name":"Big Fish","player_choice":"Box","floor":2.0,"gold_loss":0.0,"damage_taken":0.0,"relics_obtained":["Dream Catcher"],"cards_obtained":["Regret"]},{"damage_healed":0.0,"max_hp_gain":0.0,"max_hp_loss":0.0,"gold_gain":0.0,"event_name":"Golden Idol","player_choice":"Take Damage","floor":3.0,"gold_loss":0.0,"damage_taken":24.0,"relics_obtained":["Golden Idol"]},{"damage_healed":0.0,"max_hp_gain":0.0,"max_hp_loss":0.0,"gold_gain":75.0,"event_name":"World of Goop","player_choice":"Gather Gold","floor":5.0,"gold_loss":0.0,"damage_taken":11.0},{"damage_healed":0.0,"max_hp_gain":0.0,"max_hp_loss":0.0,"gold_gain":0.0,"event_name":"Scrap Ooze","player_choice":"Success","floor":7.0,"gold_loss":0.0,"damage_taken":5.0,"relics_obtained":["Frozen Egg 2"]},{"damage_healed":0.0,"max_hp_gain":0.0,"max_hp_loss":0.0,"gold_gain":0.0,"event_name":"The Mausoleum","player_choice":"Opened","floor":19.0,"gold_loss":0.0,"damage_taken":0.0,"relics_obtained":["Pear"],"cards_obtained":["Writhe"]}],"is_beta":true,"boss_relics":[{"not_picked":["Nuclear Battery","Philosopher\u0027s Stone"],"picked":"Sozu"}],"items_purged_floors":[11,21],"is_endless":false,"potions_floor_spawned":[4,10,14,16,20,23],"killed_by":"Gremlin Leader","ascension_level":20}