{"gold_per_floor":[118,193,210,210,50,50,62,78,127,127,127,142,142,159,159,159],"floor_reached":16,"playtime":1204,"items_purged":["Decay"],"score":189,"play_id":"8fa20a34-89ee-4377-be79-9cc06dffa437","local_time":"20190216202422","is_ascension_mode":true,"campfire_choices":[{"data":"Phantasmal Killer","floor":6,"key":"SMITH"},{"data":"Dash","floor":13,"key":"SMITH"},{"data":"Bane","floor":15,"key":"SMITH"}],"neow_cost":"NONE","seed_source_timestamp":648199533690979,"circlet_count":0,"master_deck":["AscendersBane","Defend_G","Defend_G","Defend_G","Defend_G","Defend_G","Strike_G","Strike_G","Strike_G","Strike_G","Strike_G","Survivor","Neutralize","Phantasmal Killer+1","Flying Knee","Poisoned Stab","Dash+1","Dagger Spray","Bane+1"],"relics":["Ring of the Snake","Strawberry"],"potions_floor_usage":[10,16,16],"damage_taken":[{"damage":5,"enemies":"Small Slimes","floor":1,"turns":5},{"damage":6,"enemies":"2 Louse","floor":3,"turns":3},{"damage":0,"enemies":"Cultist","floor":7,"turns":3},{"damage":0,"enemies":"Exordium Wildlife","floor":8,"turns":2},{"damage":0,"enemies":"Gremlin Nob","floor":10,"turns":2},{"damage":11,"enemies":"Red Slaver","floor":12,"turns":4},{"damage":0,"enemies":"2 Fungi Beasts","floor":14,"turns":3},{"damage":76,"enemies":"Slime Boss","floor":16,"turns":9}],"seed_played":"1862365230454190662","potions_obtained":[{"floor":1,"key":"Swift Potion"},{"floor":7,"key":"SmokeBomb"},{"floor":12,"key":"Swift Potion"}],"is_trial":false,"path_per_floor":["M","?","M","?","$","R","M","M","T","E","?","M","R","M","R","B"],"character_chosen":"THE_SILENT","items_purchased":["Dash"],"campfire_rested":0,"item_purchase_floors":[5],"current_hp_per_floor":[54,43,37,37,37,37,37,37,44,44,83,72,72,72,72,0],"gold":159,"neow_bonus":"ONE_RANDOM_RARE_CARD","is_prod":false,"is_daily":false,"chose_seed":false,"campfire_upgraded":3,"win_rate":0,"timestamp":1550366662,"path_taken":["M","?","M","?","$","R","M","?","T","E","?","M","R","M","R","BOSS"],"build_version":"2019-01-23","purchased_purges":1,"victory":false,"max_hp_per_floor":[66,66,66,66,66,66,66,66,73,73,83,83,83,83,83,83],"card_choices":[{"not_picked":["Blur","PiercingWail"],"picked":"Flying Knee","floor":1},{"not_picked":["Deadly Poison","Prepared"],"picked":"Poisoned Stab","floor":3},{"not_picked":["Accuracy","Dash"],"picked":"Dagger Spray","floor":7},{"not_picked":["Reflex","Dagger Throw"],"picked":"Die Die Die","floor":8},{"not_picked":["Slice","PiercingWail"],"picked":"Bane","floor":12},{"not_picked":["PiercingWail","Reflex","Bane"],"picked":"SKIP","floor":14}],"player_experience":792632,"relics_obtained":[{"floor":9,"key":"Strawberry"}],"event_choices":[{"damage_healed":0,"gold_gain":75,"player_choice":"Gather Gold","damage_taken":11,"max_hp_gain":0,"max_hp_loss":0,"event_name":"World of Goop","floor":2,"gold_loss":0},{"damage_healed":0,"gold_gain":0,"player_choice":"Cursed","damage_taken":0,"max_hp_gain":0,"max_hp_loss":0,"event_name":"Wheel of Change","floor":4,"gold_loss":0,"cards_obtained":["Decay"]},{"cards_removed":["Die Die Die"],"damage_healed":29,"gold_gain":0,"player_choice":"Offered Rare","damage_taken":0,"max_hp_gain":10,"max_hp_loss":0,"event_name":"Bonfire Elementals","floor":11,"gold_loss":0}],"is_beta":false,"boss_relics":[],"items_purged_floors":[5],"is_endless":false,"potions_floor_spawned":[1,7,12],"killed_by":"Slime Boss","ascension_level":17}