{"path_per_floor":["M","M","?","M","M","M","E","R","T","E","M","?","M","M","R","B",null,"M","?","$","M","?","E","M"],"character_chosen":"IRONCLAD","items_purchased":["Toxic Egg 2"],"gold_per_floor":[112,123,123,135,148,163,189,189,216,242,258,258,271,290,290,390,390,402,317,60,76,1,30,50],"floor_reached":25,"campfire_rested":0,"playtime":3203,"current_hp_per_floor":[80,80,80,80,80,74,50,50,50,23,29,29,32,37,37,18,80,83,83,83,75,75,45,23],"items_purged":[],"gold":50,"play_id":"9c4f707a-3705-401e-b2db-679da5030057","is_prod":false,"is_daily":false,"is_ascension_mode":false,"campfire_upgraded":2,"path_taken":["M","M","?","M","M","?","E","R","T","E","M","?","M","?","R","BOSS","M","?","$","M","?","E","M","E"],"build_version":"2018-02-01-PROD3","purchased_purges":0,"victory":false,"master_deck":["Strike_R","Strike_R","Strike_R","Strike_R","Strike_R","Defend_R","Defend_R","Defend_R","Defend_R","Metallicize","Perfected Strike+1","Dual Wield","Shrug It Off","Shrug It Off","Brutality","Seeing Red+1","Perfected Strike+1","Infernal Blade","Burning Pact","Feed","Twin Strike+1","Headbutt+1","Thunderclap","Twin Strike"],"max_hp_per_floor":[80,80,80,80,80,80,80,80,80,80,80,80,80,80,80,80,80,83,83,83,83,83,83,86],"relics":["Burning Blood","Happy Flower","Orichalcum","Ancient Tea Set","Mark of Pain","Champion Belt","Toxic Egg 2","Mummified Hand"],"card_choices":[{"not_picked":["Anger","Pommel Strike"],"picked":"Metallicize"},{"not_picked":["True Grit","Anger"],"picked":"Perfected Strike"},{"not_picked":["Iron Wave","Second Wind"],"picked":"Dual Wield"},{"not_picked":["Sword Boomerang","Clash"],"picked":"Shrug It Off"},{"not_picked":["Impervious","Metallicize"],"picked":"Shrug It Off"},{"not_picked":["Armaments","Second Wind"],"picked":"Brutality"},{"not_picked":["True Grit","Thunderclap"],"picked":"Seeing Red"},{"not_picked":["Dual Wield","Iron Wave"],"picked":"Perfected Strike"},{"not_picked":["Anger","Body Slam"],"picked":"Infernal Blade"},{"not_picked":["Sword Boomerang","Rampage"],"picked":"Burning Pact"},{"not_picked":["Dark Embrace","Double Tap"],"picked":"Feed"},{"not_picked":["Shrug It Off","Thunderclap"],"picked":"Twin Strike"},{"not_picked":["Clothesline","Whirlwind"],"picked":"Headbutt"},{"not_picked":["Clash","Intimidate"],"picked":"Thunderclap"},{"not_picked":["Body Slam","True Grit"],"picked":"Twin Strike"}],"player_experience":481,"potions_floor_usage":[6,10,23,23,23,25],"damage_taken":[{"damage":4,"enemies":"Cultist","floor":1,"turns":4},{"damage":0,"enemies":"2 Louse","floor":2,"turns":4},{"damage":6,"enemies":"Blue Slaver","floor":4,"turns":5},{"damage":5,"enemies":"Large Slime","floor":5,"turns":6},{"damage":12,"enemies":"Gremlin Gang","floor":6,"turns":6},{"damage":30,"enemies":"Gremlin Nob","floor":7,"turns":5},{"damage":33,"enemies":"Lagavulin","floor":10,"turns":8},{"damage":0,"enemies":"Red Slaver","floor":11,"turns":1},{"damage":3,"enemies":"3 Louse","floor":13,"turns":4},{"damage":1,"enemies":"2 Fungi Beasts","floor":14,"turns":2},{"damage":25,"enemies":"The Guardian","floor":16,"turns":11},{"damage":5,"enemies":"2 Thieves","floor":18,"turns":3},{"damage":14,"enemies":"Chosen","floor":21,"turns":5},{"damage":36,"enemies":"Gremlin Leader","floor":23,"turns":7},{"damage":31,"enemies":"Slaver and Parasite","floor":24,"turns":4},{"damage":27,"enemies":"Book of Stabbing","floor":25,"turns":5}],"event_choices":[{"event_name":"The Cleric","player_choice":"Leave","floor":3,"damage_taken":0},{"event_name":"Upgrade Shrine","player_choice":"Upgraded","floor":12,"damage_taken":0},{"event_name":"Addict","player_choice":"Obtained Relic","floor":19,"damage_taken":0},{"event_name":"Beggar","player_choice":"Gave Gold","floor":22,"damage_taken":0}],"boss_relics":[{"not_picked":["Velvet Choker","Cursed Key"],"picked":"Mark of Pain"}],"potions_floor_spawned":[1,4,5,11,21,24],"seed_played":"8387110305487200581","killed_by":"Book of Stabbing","ascension_level":0,"is_trial":false}