{"gold_per_floor":[119,129,85,97,97,97,108,140,208,218,218,218,228,258,258,335,335,345,345],"floor_reached":19,"playtime":1028,"items_purged":[],"score":358,"play_id":"7fd6eb70-59ed-4d2c-811d-ec1edd895d4b","local_time":"20190119153334","is_ascension_mode":true,"campfire_choices":[{"data":"Zap","floor":6,"key":"SMITH"},{"data":"Consume","floor":12,"key":"SMITH"},{"floor":15,"key":"REST"}],"neow_cost":"NONE","seed_source_timestamp":788020034602097,"circlet_count":0,"master_deck":["AscendersBane","Strike_B","Strike_B","Strike_B","Strike_B","Defend_B","Defend_B","Defend_B","Zap+1","Dualcast","Ball Lightning","Capacitor","Leap","Consume+1","Parasite","FTL","Fission"],"relics":["Cracked Core","NeowsBlessing","Unceasing Top","Darkstone Periapt","Smiling Mask","Inserter"],"potions_floor_usage":[10,16],"damage_taken":[{"damage":0,"enemies":"Cultist","floor":1,"turns":1},{"damage":0,"enemies":"Jaw Worm","floor":2,"turns":1},{"damage":0,"enemies":"2 Louse","floor":4,"turns":1},{"damage":6,"enemies":"Looter","floor":7,"turns":2},{"damage":22,"enemies":"3 Sentries","floor":8,"turns":6},{"damage":13,"enemies":"3 Louse","floor":10,"turns":3},{"damage":11,"enemies":"Exordium Wildlife","floor":13,"turns":3},{"damage":16,"enemies":"Lagavulin","floor":14,"turns":6},{"damage":30,"enemies":"Hexaghost","floor":16,"turns":8},{"damage":16,"enemies":"Chosen","floor":18,"turns":5},{"damage":58,"enemies":"Colosseum Slavers","floor":19,"turns":3}],"seed_played":"-2288935428769412821","potions_obtained":[{"floor":1,"key":"Ancient Potion"},{"floor":2,"key":"Energy Potion"},{"floor":14,"key":"FocusPotion"}],"is_trial":false,"path_per_floor":["M","M","$","M","?","R","M","E","T","M","?","R","M","E","R","B",null,"M","?"],"character_chosen":"DEFECT","items_purchased":["Capacitor"],"campfire_rested":1,"item_purchase_floors":[3],"current_hp_per_floor":[64,64,64,64,57,57,51,29,29,16,39,39,28,12,35,5,59,43,0],"gold":345,"neow_bonus":"THREE_ENEMY_KILL","is_prod":false,"is_daily":false,"chose_seed":false,"campfire_upgraded":2,"win_rate":0,"timestamp":1547908414,"path_taken":["M","?","$","M","?","R","M","E","T","M","?","R","M","E","R","BOSS","M","?"],"build_version":"2019-01-17","purchased_purges":0,"victory":false,"max_hp_per_floor":[71,71,71,71,71,71,71,71,71,71,77,77,77,77,77,77,77,77,77],"card_choices":[{"not_picked":["Aggregate","Redo"],"picked":"Ball Lightning","floor":1},{"not_picked":["Heatsinks","Streamline","Doom and Gloom"],"picked":"SKIP","floor":2},{"not_picked":["Heatsinks","Streamline","Doom and Gloom"],"picked":"SKIP","floor":2},{"not_picked":["Steam","Turbo"],"picked":"Leap","floor":4},{"not_picked":["White Noise","Go for the Eyes"],"picked":"Consume","floor":7},{"not_picked":["Conserve Battery","Go for the Eyes","Rip and Tear"],"picked":"SKIP","floor":8},{"not_picked":["Leap","Beam Cell","Redo"],"picked":"SKIP","floor":10},{"not_picked":["Thunder Strike","Compile Driver"],"picked":"FTL","floor":13},{"not_picked":["Melter","Stack","Streamline"],"picked":"SKIP","floor":14},{"not_picked":["Hyperbeam","Meteor Strike"],"picked":"Fission","floor":16},{"not_picked":["Conserve Battery","Chaos","Stack"],"picked":"SKIP","floor":18}],"player_experience":535302,"relics_obtained":[{"floor":8,"key":"Unceasing Top"},{"floor":9,"key":"Darkstone Periapt"},{"floor":14,"key":"Smiling Mask"}],"event_choices":[{"cards_removed":["Defend_B"],"damage_healed":0,"gold_gain":0,"player_choice":"Card Removal","damage_taken":7,"max_hp_gain":0,"max_hp_loss":0,"event_name":"Golden Wing","floor":5,"gold_loss":0},{"damage_healed":17,"gold_gain":0,"player_choice":"Healed and dodged fight","damage_taken":0,"max_hp_gain":0,"max_hp_loss":0,"event_name":"Mushrooms","floor":11,"gold_loss":0,"cards_obtained":["Parasite"]},{"damage_healed":0,"gold_gain":0,"player_choice":"Fight","damage_taken":0,"max_hp_gain":0,"max_hp_loss":0,"event_name":"Colosseum","floor":19,"gold_loss":0}],"is_beta":true,"boss_relics":[{"not_picked":["Black Star","Nuclear Battery"],"picked":"Inserter"}],"items_purged_floors":[],"is_endless":false,"potions_floor_spawned":[1,2,4,14],"killed_by":"Colosseum Slavers","ascension_level":20}