{"gold_per_floor":[116,131,147,160,178,178,194,223,248,248,267,283,295,470,470,572,572,590,577,597,597,66,66,83,49,49,49,0,0,35,52,52,52],"floor_reached":33,"playtime":2060,"items_purged":["Doubt"],"score":325,"play_id":"3d368f9e-c134-4b06-9568-71c3e2b0c0d7","local_time":"20190419185050","is_ascension_mode":true,"campfire_choices":[{"data":"Zap","floor":6,"key":"SMITH"},{"data":"Fission","floor":10,"key":"SMITH"},{"data":"Redo","floor":15,"key":"SMITH"},{"data":"Creative AI","floor":23,"key":"SMITH"},{"data":"Tempest","floor":27,"key":"SMITH"},{"data":"Coolheaded","floor":32,"key":"SMITH"}],"neow_cost":"NONE","seed_source_timestamp":14009548346552,"circlet_count":0,"master_deck":["Defend_B","Defend_B","Defend_B","Defend_B","Zap+1","Dualcast","Melter","Conserve Battery","Ball Lightning","Glacier","Darkness","Fission+1","Hologram","Redo+1","Conserve Battery","Creative AI+1","Chaos","Coolheaded+1","Tempest+1","Bite","Bite","Bite","Bite","Bite","Leap+1","Loop","Fission+1","Glacier","Echo Form"],"relics":["Cracked Core","Ancient Tea Set","Nuclear Battery","Cables","MealTicket","Question Card","Juzu Bracelet"],"potions_floor_usage":[16,16,18,30,33],"damage_taken":[{"damage":0,"enemies":"Small Slimes","floor":1,"turns":3},{"damage":6,"enemies":"Jaw Worm","floor":2,"turns":4},{"damage":5,"enemies":"2 Louse","floor":3,"turns":2},{"damage":0,"enemies":"Large Slime","floor":4,"turns":5},{"damage":14,"enemies":"Lots of Slimes","floor":5,"turns":4},{"damage":0,"enemies":"Exordium Wildlife","floor":7,"turns":3},{"damage":17,"enemies":"Lagavulin","floor":8,"turns":6},{"damage":0,"enemies":"2 Fungi Beasts","floor":11,"turns":2},{"damage":5,"enemies":"Blue Slaver","floor":12,"turns":2},{"damage":1,"enemies":"Large Slime","floor":13,"turns":5},{"damage":29,"enemies":"Slime Boss","floor":16,"turns":11},{"damage":23,"enemies":"Chosen","floor":18,"turns":6},{"damage":13,"enemies":"2 Thieves","floor":19,"turns":4},{"damage":0,"enemies":"Sentry and Sphere","floor":20,"turns":3},{"damage":23,"enemies":"Cultist and Chosen","floor":24,"turns":5},{"damage":11,"enemies":"Gremlin Leader","floor":30,"turns":9},{"damage":18,"enemies":"3 Cultists","floor":31,"turns":8},{"damage":63,"enemies":"Collector","floor":33,"turns":7}],"seed_played":"-2573013538853070046","potions_obtained":[{"floor":1,"key":"Weak Potion"},{"floor":2,"key":"Block Potion"},{"floor":3,"key":"Regen Potion"},{"floor":5,"key":"LiquidBronze"},{"floor":13,"key":"EntropicBrew"},{"floor":18,"key":"Fruit Juice"},{"floor":24,"key":"Dexterity Potion"}],"is_trial":false,"path_per_floor":["?","?","?","?"],"character_chosen":"DEFECT","items_purchased":["Cables","MealTicket","Loop"],"campfire_rested":0,"item_purchase_floors":[22,22,25],"current_hp_per_floor":[75,69,64,64,50,50,50,33,33,33,35,32,33,33,33,21,75,57,46,48,48,48,48,35,50,50,50,50,50,47,39,39,0],"gold":52,"neow_bonus":"REMOVE_CARD","is_prod":false,"is_daily":false,"chose_seed":false,"campfire_upgraded":6,"win_rate":0,"timestamp":1555714250,"path_taken":["M","M","M","M","M","R","M","E","T","R","M","M","M","?","R","BOSS","M","M","M","?","$","R","M","$","T","R","?","?","E","M","R","BOSS"],"build_version":"2019-01-23","purchased_purges":1,"victory":false,"max_hp_per_floor":[75,75,75,75,75,75,75,75,75,75,75,75,75,75,75,75,75,80,80,80,80,80,80,80,80,80,80,80,80,80,80,80,80],"card_choices":[{"not_picked":["Lockon","Barrage","Steam Power"],"picked":"SKIP","floor":1},{"not_picked":["Compile Driver","Force Field"],"picked":"Melter","floor":2},{"not_picked":["Compile Driver","Leap"],"picked":"Conserve Battery","floor":3},{"not_picked":["Compile Driver","Leap"],"picked":"Ball Lightning","floor":4},{"not_picked":["Static Discharge","Steam Power"],"picked":"Glacier","floor":5},{"not_picked":["Hello World","Barrage"],"picked":"Darkness","floor":7},{"not_picked":["Barrage","Conserve Battery"],"picked":"Fission","floor":8},{"not_picked":["Barrage","Leap"],"picked":"Hologram","floor":11},{"not_picked":["Compile Driver","FTL"],"picked":"Redo","floor":12},{"not_picked":["Scrape","Redo"],"picked":"Conserve Battery","floor":13},{"not_picked":["Multi-Cast","All For One"],"picked":"Creative AI","floor":16},{"not_picked":["Streamline","Leap"],"picked":"Chaos","floor":18},{"not_picked":["Beam Cell","Conserve Battery"],"picked":"Coolheaded","floor":19},{"not_picked":["Barrage","Melter+1"],"picked":"Tempest","floor":20},{"not_picked":["Steam","Conserve Battery"],"picked":"Leap+1","floor":24},{"not_picked":["Blizzard","Beam Cell","Loop"],"picked":"Glacier","floor":30},{"not_picked":["Skim","Steam Power+1","Redo"],"picked":"Echo Form","floor":31}],"player_experience":199895,"relics_obtained":[{"floor":8,"key":"Blood Vial"},{"floor":9,"key":"Ancient Tea Set"},{"floor":26,"key":"Question Card"},{"floor":30,"key":"Juzu Bracelet"}],"event_choices":[{"damage_healed":0,"gold_gain":175,"player_choice":"AGREE","damage_taken":0,"max_hp_gain":0,"max_hp_loss":0,"event_name":"Liars Game","floor":14,"gold_loss":0,"cards_obtained":["Doubt"]},{"damage_healed":0,"gold_gain":0,"player_choice":"Became a vampire (Vial)","damage_taken":0,"max_hp_gain":0,"max_hp_loss":0,"event_name":"Vampires","floor":21,"relics_lost":["Blood Vial"],"gold_loss":0,"cards_obtained":["Bite","Bite","Bite","Bite","Bite"]},{"damage_healed":0,"gold_gain":0,"player_choice":"Paid Fearfully","damage_taken":0,"max_hp_gain":0,"max_hp_loss":0,"event_name":"Masked Bandits","floor":28,"gold_loss":49},{"damage_healed":0,"gold_gain":0,"player_choice":"Copied","damage_taken":0,"max_hp_gain":0,"max_hp_loss":0,"event_name":"Duplicator","floor":29,"gold_loss":0,"cards_obtained":["Fission"]}],"is_beta":false,"boss_relics":[{"not_picked":["Fusion Hammer","Tiny House"],"picked":"Nuclear Battery"}],"items_purged_floors":[22],"is_endless":false,"potions_floor_spawned":[1,2,3,5,12,13,18,24],"killed_by":"Collector","ascension_level":2}