{"gold_per_floor":[117,117,132,82,257,257,257,257,283,304,317,317,343,353,353,353],"floor_reached":16,"playtime":1368,"items_purged":[],"score":98,"play_id":"a05a65a4-2e86-4fa5-8008-038527cd3566","local_time":"20180723234741","is_ascension_mode":false,"campfire_choices":[{"data":"Neutralize","floor":6,"key":"SMITH"},{"data":"Survivor","floor":8,"key":"SMITH"},{"data":"Reflex","floor":12,"key":"SMITH"},{"floor":15,"key":"REST"}],"neow_cost":"FIFTY_PERCENT_DAMAGE","seed_source_timestamp":1019564603033599,"circlet_count":0,"master_deck":["Defend_G","Defend_G","Defend_G","Defend_G","Strike_G","Strike_G","Strike_G","Strike_G","Strike_G","Survivor+1","Neutralize+1","Tools of the Trade+1","Caltrops","Doubt","Reflex+1","Flying Knee","Escape Plan"],"relics":["Ring of the Snake","Dream Catcher","Odd Mushroom","Ancient Tea Set"],"potions_floor_usage":[10,13,16],"damage_taken":[{"damage":0,"enemies":"Jaw Worm","floor":1,"turns":5},{"damage":2,"enemies":"Small Slimes","floor":3,"turns":4},{"damage":13,"floor":10,"turns":3},{"damage":0,"enemies":"2 Louse","floor":11,"turns":3},{"damage":11,"enemies":"Gremlin Nob","floor":13,"turns":5},{"damage":16,"enemies":"Lots of Slimes","floor":14,"turns":4},{"damage":56,"enemies":"Slime Boss","floor":16,"turns":17}],"seed_played":"-3686455724145575351","potions_obtained":[{"floor":1,"key":"Fire Potion"},{"floor":3,"key":"SpeedPotion"},{"floor":11,"key":"SteroidPotion"}],"is_trial":false,"path_per_floor":["M","?","M","?","?","R","?","R","T","?","M","R","E","M","R"],"character_chosen":"THE_SILENT","items_purchased":[],"campfire_rested":1,"item_purchase_floors":[],"current_hp_per_floor":[35,35,33,33,33,33,70,70,70,57,57,57,46,30,51,0],"gold":353,"neow_bonus":"THREE_RARE_CARDS","is_prod":false,"is_daily":false,"chose_seed":false,"campfire_upgraded":3,"win_rate":0,"timestamp":1532353661,"path_taken":["M","?","?","?","?","R","?","R","T","?","M","R","E","?","R","BOSS"],"build_version":"2018-07-19v2","purchased_purges":0,"victory":false,"max_hp_per_floor":[70,70,70,70,70,70,70,70,70,70,70,70,70,70,70,70],"card_choices":[{"not_picked":["Die Die Die","Night Terror"],"picked":"Tools of the Trade","floor":0},{"not_picked":["Calculated Gamble","Crippling Poison"],"picked":"Accuracy","floor":1},{"not_picked":["Skewer","Quick Slash"],"picked":"Caltrops","floor":3},{"not_picked":["Footwork","Backflip"],"picked":"Reflex","floor":10},{"not_picked":["Bane","Dagger Spray","Catalyst"],"picked":"SKIP","floor":11},{"not_picked":["Bane","Caltrops","Footwork"],"picked":"SKIP","floor":13},{"not_picked":["Caltrops","Deadly Poison"],"picked":"Flying Knee","floor":14},{"not_picked":["Crippling Poison","Sucker Punch"],"picked":"Escape Plan","floor":15}],"player_experience":41381,"relics_obtained":[{"floor":9,"key":"Dream Catcher"},{"floor":10,"key":"Odd Mushroom"},{"floor":13,"key":"Ancient Tea Set"}],"event_choices":[{"event_name":"Living Wall","player_choice":"Grow","floor":2,"damage_taken":0},{"event_name":"The Cleric","player_choice":"Card Removal","floor":4,"damage_taken":0},{"event_name":"Liars Game","player_choice":"agreed","floor":5,"damage_taken":0},{"event_name":"Bonfire Elementals","player_choice":"UNCOMMON","floor":7,"damage_taken":0},{"event_name":"Mushrooms","player_choice":"Fought Mushrooms","floor":10,"damage_taken":0}],"is_beta":false,"boss_relics":[],"items_purged_floors":[],"is_endless":false,"potions_floor_spawned":[1,3,11],"killed_by":"Slime Boss","ascension_level":0}