{"gold_per_floor":[17,92,41,41,41,55,55,55,55,68,80,255,255,210,210,310,310,321,20,34,34,34,34,48,66,66,66,66,66,91,123,123,220,220,235,235,249,112,112,112,143,143,143,154,29,29,29],"floor_reached":47,"playtime":3004,"items_purged":["Regret","Strike_R","Doubt"],"score":551,"play_id":"d3fba124-ac48-43fc-a036-0bc17472c9c0","local_time":"20190324005807","is_ascension_mode":true,"campfire_choices":[{"data":"Armaments","floor":8,"key":"SMITH"},{"floor":13,"key":"DIG"},{"data":"Reaper","floor":15,"key":"SMITH"},{"data":"Demon Form","floor":23,"key":"SMITH"},{"data":"Shrug It Off","floor":27,"key":"SMITH"},{"data":"Shrug It Off","floor":32,"key":"SMITH"},{"data":"Disarm","floor":40,"key":"SMITH"},{"data":"Cleave","floor":42,"key":"SMITH"}],"neow_cost":"NO_GOLD","seed_source_timestamp":352961510914071,"circlet_count":0,"master_deck":["Strike_R","Strike_R","Strike_R","Strike_R","Defend_R","Defend_R","Defend_R","Defend_R","Bash","Reaper+1","Armaments+1","Shrug It Off+1","True Grit","Metallicize","Spot Weakness","Shrug It Off+1","Clothesline","Demon Form+1","Headbutt","Metallicize","Thunderclap","Shrug It Off","Double Tap","Demon Form","Feed","Disarm+1","Flash of Steel","Disarm+1","Cleave+1","Offering","Writhe"],"relics":["Burning Blood","Shovel","Juzu Bracelet","Coffee Dripper","Bronze Scales","Nloth\u0027s Gift","WingedGreaves","MutagenicStrength","Pantograph","Bag of Marbles","White Beast Statue","Self Forming Clay","Pear"],"potions_floor_usage":[24,24,33,33,33,41,41,41,41],"damage_taken":[{"damage":2,"enemies":"2 Louse","floor":1,"turns":4},{"damage":7,"enemies":"Jaw Worm","floor":6,"turns":6},{"damage":2,"enemies":"Small Slimes","floor":10,"turns":4},{"damage":17,"enemies":"Gremlin Gang","floor":11,"turns":7},{"damage":7,"enemies":"Looter","floor":14,"turns":5},{"damage":34,"enemies":"Hexaghost","floor":16,"turns":16},{"damage":4,"enemies":"Chosen","floor":18,"turns":6},{"damage":20,"enemies":"Spheric Guardian","floor":20,"turns":6},{"damage":35,"enemies":"3 Cultists","floor":24,"turns":7},{"damage":10,"enemies":"Snake Plant","floor":25,"turns":6},{"damage":25,"enemies":"Book of Stabbing","floor":30,"turns":7},{"damage":61,"enemies":"Slavers","floor":31,"turns":7},{"damage":40,"enemies":"Champ","floor":33,"turns":14},{"damage":43,"enemies":"3 Darklings","floor":35,"turns":11},{"damage":27,"enemies":"3 Shapes","floor":37,"turns":11},{"damage":86,"enemies":"Reptomancer","floor":41,"turns":15},{"damage":40,"enemies":"Maw","floor":44,"turns":11},{"damage":74,"enemies":"2 Orb Walkers","floor":47,"turns":4}],"seed_played":"7885123763390110168","potions_obtained":[{"floor":11,"key":"Fire Potion"},{"floor":16,"key":"Strength Potion"},{"floor":18,"key":"LiquidBronze"},{"floor":24,"key":"GamblersBrew"},{"floor":31,"key":"Regen Potion"},{"floor":33,"key":"EssenceOfSteel"},{"floor":35,"key":"EntropicBrew"},{"floor":37,"key":"Ancient Potion"},{"floor":41,"key":"GamblersBrew"},{"floor":44,"key":"Weak Potion"}],"is_trial":false,"path_per_floor":["M","?","$","?","?","M","?","R","T","M","M","?","R","M","R","B",null,"M","$","M","?","$","R","M","M","T","R","?","?","E","E","R","B",null,"M","?","M","$","?","R","E","R","T","M","$","?","?"],"character_chosen":"IRONCLAD","items_purchased":["Shrug It Off","Bronze Scales","Metallicize","Disarm"],"campfire_rested":0,"item_purchase_floors":[3,19,19,38],"current_hp_per_floor":[80,69,69,69,69,68,68,68,68,72,61,61,61,63,63,35,80,80,80,71,71,71,71,56,54,54,54,54,80,69,32,32,69,80,80,80,73,73,78,78,38,38,48,38,38,62,0],"gold":29,"neow_bonus":"THREE_RARE_CARDS","is_prod":false,"is_daily":false,"chose_seed":false,"campfire_upgraded":7,"win_rate":0,"timestamp":1553407087,"path_taken":["M","?","?","?","?","M","?","R","T","?","M","?","R","M","R","BOSS","M","$","M","?","?","R","M","M","T","R","?","?","E","E","R","BOSS","M","?","M","$","?","R","E","R","T","M","$","?","?"],"build_version":"2019-01-23","purchased_purges":3,"victory":false,"max_hp_per_floor":[80,80,80,80,80,80,80,80,80,80,80,80,80,80,80,80,80,80,80,80,80,80,80,80,80,80,80,80,80,80,80,80,80,80,80,80,84,84,84,84,84,84,94,97,97,97,97],"card_choices":[{"not_picked":["Immolate","Bludgeon"],"picked":"Reaper","floor":0},{"not_picked":["Clash","Heavy Blade"],"picked":"Armaments","floor":1},{"not_picked":["Warcry","Clash"],"picked":"True Grit","floor":6},{"not_picked":["Iron Wave","Clash"],"picked":"Spot Weakness","floor":10},{"not_picked":["Carnage","Anger"],"picked":"Shrug It Off","floor":11},{"not_picked":["Pummel","Power Through"],"picked":"Clothesline","floor":14},{"not_picked":["Reaper","Fiend Fire"],"picked":"Demon Form","floor":16},{"not_picked":["Cleave","Body Slam"],"picked":"Headbutt","floor":18},{"not_picked":["Dual Wield","Twin Strike"],"picked":"Thunderclap","floor":20},{"not_picked":["Fiend Fire","Rampage"],"picked":"Shrug It Off","floor":24},{"not_picked":["Perfected Strike","Rupture"],"picked":"Flex","floor":25},{"not_picked":["Infernal Blade","Evolve"],"picked":"Double Tap","floor":30},{"not_picked":["Berserk","Thunderclap"],"picked":"Demon Form","floor":31},{"not_picked":["Barricade","Bludgeon"],"picked":"Feed","floor":33},{"not_picked":["Iron Wave","Warcry"],"picked":"Disarm+1","floor":35},{"not_picked":["Trip","Dramatic Entrance"],"picked":"Flash of Steel","floor":36},{"not_picked":["Sever Soul+1","Body Slam","Twin Strike+1"],"picked":"SKIP","floor":37},{"not_picked":["Anger","Headbutt+1"],"picked":"Cleave","floor":41},{"not_picked":["Carnage","Wild Strike"],"picked":"Offering","floor":44}],"player_experience":115356,"relics_obtained":[{"floor":9,"key":"Shovel"},{"floor":13,"key":"Juzu Bracelet"},{"floor":26,"key":"WingedGreaves"},{"floor":30,"key":"Pantograph"},{"floor":31,"key":"Bag of Marbles"},{"floor":41,"key":"Self Forming Clay"},{"floor":43,"key":"Pear"}],"event_choices":[{"damage_healed":0,"gold_gain":75,"player_choice":"Gather Gold","damage_taken":11,"max_hp_gain":0,"max_hp_loss":0,"event_name":"World of Goop","floor":2,"gold_loss":0},{"damage_healed":0,"gold_gain":0,"player_choice":"Leave","damage_taken":0,"max_hp_gain":0,"max_hp_loss":0,"event_name":"The Cleric","floor":4,"gold_loss":0},{"damage_healed":0,"gold_gain":0,"player_choice":"Box","damage_taken":0,"relics_obtained":["Torii"],"max_hp_gain":0,"max_hp_loss":0,"event_name":"Big Fish","floor":5,"gold_loss":0,"cards_obtained":["Regret"]},{"damage_healed":0,"gold_gain":0,"player_choice":"1 cards matched","damage_taken":0,"max_hp_gain":0,"max_hp_loss":0,"event_name":"Match and Keep!","floor":7,"gold_loss":0,"cards_obtained":["Metallicize"]},{"damage_healed":0,"gold_gain":175,"player_choice":"AGREE","damage_taken":0,"max_hp_gain":0,"max_hp_loss":0,"event_name":"Liars Game","floor":12,"gold_loss":0,"cards_obtained":["Doubt"]},{"damage_healed":0,"gold_gain":0,"player_choice":"Traded Relic","damage_taken":0,"relics_obtained":["Nloth\u0027s Gift"],"max_hp_gain":0,"max_hp_loss":0,"event_name":"N\u0027loth","floor":21,"relics_lost":["Torii"],"gold_loss":0},{"damage_healed":0,"gold_gain":0,"player_choice":"Inject Mutagens","damage_taken":0,"relics_obtained":["MutagenicStrength"],"max_hp_gain":0,"max_hp_loss":0,"event_name":"Drug Dealer","floor":28,"gold_loss":0},{"damage_healed":26,"gold_gain":0,"player_choice":"Heal","damage_taken":0,"max_hp_gain":0,"max_hp_loss":0,"event_name":"The Library","floor":29,"gold_loss":0},{"damage_healed":0,"gold_gain":0,"player_choice":"Memory 1","damage_taken":0,"max_hp_gain":0,"max_hp_loss":0,"event_name":"SensoryStone","floor":36,"gold_loss":0},{"cards_removed":["Flex"],"damage_healed":5,"gold_gain":0,"player_choice":"Offered Common","damage_taken":0,"max_hp_gain":0,"max_hp_loss":0,"event_name":"Bonfire Elementals","floor":39,"gold_loss":0},{"cards_removed":["Flex"],"damage_healed":5,"gold_gain":0,"player_choice":"Offered Special","damage_taken":0,"max_hp_gain":0,"max_hp_loss":0,"event_name":"Bonfire Elementals","floor":39,"gold_loss":0},{"damage_healed":24,"gold_gain":0,"player_choice":"Writhe","damage_taken":0,"max_hp_gain":0,"max_hp_loss":0,"event_name":"Winding Halls","floor":46,"gold_loss":0,"cards_obtained":["Writhe"]},{"damage_healed":0,"gold_gain":0,"player_choice":"Fight","damage_taken":0,"max_hp_gain":0,"max_hp_loss":0,"event_name":"Mysterious Sphere","floor":47,"gold_loss":0}],"is_beta":false,"boss_relics":[{"not_picked":["Orrery","Calling Bell"],"picked":"Coffee Dripper"},{"not_picked":["Fusion Hammer","Runic Dome"],"picked":"White Beast Statue"}],"items_purged_floors":[19,38,45],"is_endless":false,"potions_floor_spawned":[11,16,18,24,31,33,35,37,41,44],"killed_by":"2 Orb Walkers","ascension_level":1}