{"path_per_floor":["M","?","M","$","M","R","E","R","T","E","M","E","M"],"character_chosen":"DEFECT","items_purchased":[],"gold_per_floor":[11,11,27,27,50,50,90,90,90,121,142,176,194,194],"floor_reached":14,"campfire_rested":1,"playtime":1028,"item_purchase_floors":[],"current_hp_per_floor":[66,48,48,48,47,47,26,48,48,27,21,1,1,0],"items_purged":[],"gold":194,"score":143,"play_id":"61b20abc-58a7-41e9-9c8e-0b1569511d7f","local_time":"20180523015455","is_prod":false,"is_daily":false,"chose_seed":false,"is_ascension_mode":true,"campfire_upgraded":1,"timestamp":1527033295,"campfire_choices":[{"data":"Darkness","floor":6.0,"key":"SMITH"},{"floor":8.0,"key":"REST"}],"path_taken":["M","?","M","?","M","R","E","R","T","E","M","E","?","M"],"build_version":"2018-05-21v2","seed_source_timestamp":302957122999541,"purchased_purges":0,"victory":false,"master_deck":["Strike_B","Strike_B","Strike_B","Strike_B","Defend_B","Defend_B","Defend_B","Defend_B","Zap","Dualcast","Streamline","Darkness+1","Multi-Cast","Sweeping Beam","Hologram","Redo","Echo Form"],"max_hp_per_floor":[75,75,75,75,75,75,75,75,75,75,75,75,75,75],"relics":["Cracked Core","Turnip","Golden Idol","Gremlin Horn","Pen Nib","Bag of Marbles","Kunai"],"card_choices":[{"not_picked":["Turbo","BootSequence"],"picked":"Streamline","floor":1.0},{"not_picked":["Stack","Force Field"],"picked":"Darkness","floor":3.0},{"not_picked":["Coolheaded","Cold Snap"],"picked":"Multi-Cast","floor":5.0},{"not_picked":["Hello World","Force Field"],"picked":"Sweeping Beam","floor":7.0},{"not_picked":["Barrage","Stack"],"picked":"Hologram","floor":10.0},{"not_picked":["Turbo","Hologram"],"picked":"Redo","floor":11.0},{"not_picked":["Sweeping Beam","Undo"],"picked":"Echo Form","floor":12},{"not_picked":["Aggregate","Cold Snap","Turbo"],"picked":"SKIP","floor":13}],"player_experience":75034,"potions_floor_usage":[12,13],"damage_taken":[{"damage":2.0,"enemies":"Jaw Worm","floor":1.0,"turns":3.0},{"damage":0.0,"enemies":"Small Slimes","floor":3.0,"turns":2.0},{"damage":1.0,"enemies":"Cultist","floor":5.0,"turns":3.0},{"damage":21.0,"enemies":"Gremlin Nob","floor":7.0,"turns":4.0},{"damage":21.0,"enemies":"3 Sentries","floor":10.0,"turns":5.0},{"damage":6.0,"enemies":"Exordium Thugs","floor":11.0,"turns":4.0},{"damage":20,"enemies":"Lagavulin","floor":12,"turns":5},{"damage":0,"enemies":"Gremlin Gang","floor":13,"turns":1},{"damage":12,"enemies":"Large Slime","floor":14,"turns":2}],"relics_obtained":[{"floor":7.0,"key":"Gremlin Horn"},{"floor":9.0,"key":"Pen Nib"},{"floor":10.0,"key":"Bag of Marbles"},{"floor":12,"key":"Kunai"}],"event_choices":[{"event_name":"Golden Idol","player_choice":"Take Damage","floor":2.0,"damage_taken":0.0}],"boss_relics":[],"items_purged_floors":[],"potions_floor_spawned":[3,5,10,12],"seed_played":"-235411280209054006","killed_by":"Large Slime","ascension_level":6,"potions_obtained":[{"floor":3.0,"key":"AttackPotion"},{"floor":5.0,"key":"PowerPotion"},{"floor":10.0,"key":"FocusPotion"},{"floor":12,"key":"PowerPotion"}],"is_trial":false}