{"gold_per_floor":[114,114,129,129,129,159,159,189,214,244,244,274,289,304,304,404,404,419,434,414,429,444,474,489,519,519,619,619,634,664,679,679,779,779,794,809,31,46,61,91,91,117,192,222,222,252,252,282,282,282],"floor_reached":51,"playtime":43471,"items_purged":["Sever Soul"],"score":1055,"play_id":"6d986a4d-f51b-4a8e-bced-be57e594831c","local_time":"20190407112118","daily_mods":["Insanity","Time Dilation","Elite Swarm"],"is_ascension_mode":false,"campfire_choices":[{"data":"Armaments","floor":7,"key":"SMITH"},{"data":"Armaments","floor":11,"key":"SMITH"},{"data":"Corruption","floor":15,"key":"SMITH"},{"data":"Dark Embrace","floor":28,"key":"SMITH"},{"data":"Dark Embrace","floor":32,"key":"SMITH"},{"data":"Body Slam","floor":41,"key":"SMITH"},{"data":"Armaments","floor":45,"key":"SMITH"},{"data":"Exhume","floor":49,"key":"SMITH"}],"neow_cost":"","seed_source_timestamp":93557073002438,"circlet_count":0,"master_deck":["Battle Trance","Power Through","Armaments+1","Armaments+1","Twin Strike+1","Burning Pact","Wild Strike","Disarm","Shrug It Off+1","Warcry","Corruption+1","Heavy Blade","Cleave","Heavy Blade","Sever Soul","Feel No Pain","Dropkick","Armaments+1","Warcry","Rupture","Sever Soul+1","Perfected Strike","Body Slam+1","Perfected Strike","Flex","Battle Trance","Anger","Carnage","Iron Wave","Cleave","Dual Wield+1","Reckless Charge","Iron Wave","Twin Strike","Carnage","Cleave","Shrug It Off","Clothesline","Flex","Anger","Second Wind","Warcry","Spot Weakness","Shrug It Off","Heavy Blade","Havoc","Flame Barrier","Disarm","Dual Wield","Dark Embrace+1","Dark Embrace+1","Uppercut","Disarm","Feed","Infernal Blade+1","Wild Strike+1","Uppercut","Exhume","Seeing Red","Berserk","Fiend Fire","Berserk","Corruption+1","Havoc+1","Warcry+1","Fiend Fire","Armaments+1","Exhume+1","Exhume"],"special_seed":17993,"relics":["Burning Blood","Red Skull","The Courier","Anchor","Oddly Smooth Stone","War Paint","Gambling Chip","Philosopher\u0027s Stone","Regal Pillow","Whetstone","Gremlin Horn","Bird Faced Urn","Mummified Hand","Paper Frog","Mark of Pain","Membership Card","Bottled Flame","Vajra","Boot","Happy Flower","Pen Nib","Bag of Marbles","PreservedInsect","Bronze Scales","Ancient Tea Set","Ornamental Fan","Incense Burner","Sundial","Singing Bowl","Art of War","Bag of Preparation"],"potions_floor_usage":[16,19,23,23,25,31,33,40,50,50],"damage_taken":[{"damage":3,"enemies":"Jaw Worm","floor":1,"turns":3},{"damage":0,"enemies":"Cultist","floor":3,"turns":2},{"damage":30,"enemies":"3 Sentries","floor":6,"turns":6},{"damage":20,"enemies":"Lagavulin","floor":8,"turns":4},{"damage":5,"enemies":"Gremlin Nob","floor":10,"turns":5},{"damage":13,"enemies":"Lagavulin","floor":12,"turns":4},{"damage":2,"enemies":"Small Slimes","floor":13,"turns":4},{"damage":0,"enemies":"2 Fungi Beasts","floor":14,"turns":2},{"damage":5,"enemies":"Slime Boss","floor":16,"turns":6},{"damage":0,"enemies":"Chosen","floor":18,"turns":4},{"damage":4,"enemies":"3 Byrds","floor":19,"turns":4},{"damage":0,"enemies":"Cultist and Chosen","floor":21,"turns":4},{"damage":0,"enemies":"Snecko","floor":22,"turns":3},{"damage":23,"enemies":"Slavers","floor":23,"turns":2},{"damage":11,"enemies":"Snake Plant","floor":24,"turns":3},{"damage":4,"enemies":"Book of Stabbing","floor":25,"turns":6},{"damage":0,"enemies":"Colosseum Slavers","floor":27,"turns":2},{"damage":0,"enemies":"Colosseum Nobs","floor":27,"turns":3},{"damage":1,"enemies":"Sentry and Sphere","floor":29,"turns":5},{"damage":6,"enemies":"Gremlin Leader","floor":30,"turns":4},{"damage":20,"enemies":"Cultist and Chosen","floor":31,"turns":6},{"damage":5,"enemies":"Collector","floor":33,"turns":5},{"damage":0,"enemies":"Orb Walker","floor":35,"turns":2},{"damage":6,"enemies":"3 Darklings","floor":36,"turns":2},{"damage":0,"enemies":"Jaw Worm Horde","floor":38,"turns":1},{"damage":0,"enemies":"Spire Growth","floor":39,"turns":2},{"damage":6,"enemies":"Nemesis","floor":40,"turns":3},{"damage":0,"enemies":"2 Orb Walkers","floor":42,"turns":2},{"damage":0,"enemies":"Giant Head","floor":44,"turns":5},{"damage":0,"enemies":"Nemesis","floor":46,"turns":3},{"damage":0,"enemies":"Giant Head","floor":48,"turns":2},{"damage":23,"enemies":"Time Eater","floor":50,"turns":5}],"seed_played":"5152671457844222880","potions_obtained":[{"floor":1,"key":"Poison Potion"},{"floor":6,"key":"Swift Potion"},{"floor":12,"key":"Block Potion"},{"floor":18,"key":"Explosive Potion"},{"floor":20,"key":"SmokeBomb"},{"floor":24,"key":"SkillPotion"},{"floor":27,"key":"Ancient Potion"},{"floor":29,"key":"LiquidBronze"},{"floor":31,"key":"Regen Potion"},{"floor":33,"key":"Weak Potion"},{"floor":38,"key":"Swift Potion"},{"floor":42,"key":"SteroidPotion"},{"floor":44,"key":"EssenceOfSteel"},{"floor":48,"key":"Swift Potion"}],"is_trial":false,"path_per_floor":["M","?","M","?","$","E","R","E","T","E","R","E","M","M","R","B",null,"M","M","?","M","M","E","M","E","T","?","R","M","E","M","R","B",null,"M","M","$","M","M","E","R","?","T","E","R","E","?","E","R","B",null],"character_chosen":"IRONCLAD","items_purchased":["Membership Card","Bottled Flame","Vajra","Boot","Happy Flower","Pen Nib","Bag of Marbles","PreservedInsect","Bronze Scales","Ancient Tea Set"],"campfire_rested":0,"item_purchase_floors":[37,37,37,37,37,37,37,37,37,37],"current_hp_per_floor":[80,80,80,80,80,56,56,42,42,43,43,36,40,46,46,47,80,80,80,80,80,80,66,64,66,66,78,78,86,86,72,72,83,86,86,86,86,86,86,86,86,86,86,86,86,92,94,94,94,79],"gold":282,"neow_bonus":"","is_prod":false,"is_daily":true,"chose_seed":false,"campfire_upgraded":8,"win_rate":0,"timestamp":1554661278,"path_taken":["M","?","?","?","$","E","R","E","T","E","R","E","M","?","R","BOSS","M","M","?","?","M","E","M","E","T","?","R","M","E","M","R","BOSS","M","M","$","M","M","E","R","?","T","E","R","E","?","E","R","BOSS"],"build_version":"2019-01-23","purchased_purges":1,"victory":true,"max_hp_per_floor":[80,80,80,80,80,80,80,80,80,80,80,80,80,80,80,80,80,80,80,80,80,80,83,86,86,86,86,86,86,86,86,86,86,86,86,86,86,86,86,86,86,86,86,86,86,92,94,94,94,94],"card_choices":[{"not_picked":["Clash","Armaments"],"picked":"Disarm","floor":1},{"not_picked":["Clothesline","Pommel Strike","Combust"],"picked":"SKIP","floor":3},{"not_picked":["Exhume","Bludgeon","Fiend Fire"],"picked":"SKIP","floor":6},{"not_picked":["Juggernaut","Bludgeon"],"picked":"Dark Embrace","floor":8},{"not_picked":["Double Tap","Reaper","Limit Break"],"picked":"SKIP","floor":10},{"not_picked":["Reaper","Offering"],"picked":"Dark Embrace","floor":12},{"not_picked":["Iron Wave","Thunderclap"],"picked":"Uppercut","floor":13},{"not_picked":["Flex","Shrug It Off"],"picked":"Disarm","floor":14},{"not_picked":["Limit Break","Brutality"],"picked":"Feed","floor":16},{"not_picked":["Battle Trance","Fire Breathing+1"],"picked":"Infernal Blade+1","floor":18},{"not_picked":["Pommel Strike","Bloodletting"],"picked":"Wild Strike+1","floor":19},{"not_picked":["Iron Wave","Twin Strike"],"picked":"Uppercut","floor":21},{"not_picked":["Pummel","Rupture+1","Dropkick+1"],"picked":"SKIP","floor":22},{"not_picked":["Dark Embrace","Immolate"],"picked":"Exhume","floor":23},{"not_picked":["Thunderclap","Bloodletting+1"],"picked":"Seeing Red","floor":24},{"not_picked":["Impervious","Double Tap"],"picked":"Berserk","floor":25},{"not_picked":["Sword Boomerang+1","Iron Wave","Thunderclap"],"picked":"SKIP","floor":29},{"not_picked":["Dark Embrace","Bludgeon"],"picked":"Fiend Fire","floor":30},{"not_picked":["Sword Boomerang","Body Slam+1","Anger"],"picked":"SKIP","floor":31},{"not_picked":["Brutality","Juggernaut"],"picked":"Berserk","floor":33},{"not_picked":["Iron Wave+1","Searing Blow+1","Rampage"],"picked":"SKIP","floor":35},{"not_picked":["Perfected Strike+1","Clash"],"picked":"Corruption+1","floor":36},{"not_picked":["Perfected Strike+1","Corruption+1"],"picked":"Havoc+1","floor":38},{"not_picked":["Evolve","Combust"],"picked":"Warcry+1","floor":39},{"not_picked":["Demon Form","Offering"],"picked":"Fiend Fire","floor":40},{"not_picked":["Sword Boomerang+1","Fire Breathing+1"],"picked":"Armaments+1","floor":42},{"not_picked":["Barricade","Fiend Fire"],"picked":"Exhume","floor":44},{"not_picked":["Reaper","Barricade","Demon Form"],"picked":"Singing Bowl","floor":46},{"not_picked":["Bandage Up","Swift Strike","Madness"],"picked":"Singing Bowl","floor":47},{"not_picked":["Impervious","Juggernaut"],"picked":"Exhume","floor":48}],"player_experience":1561282,"relics_obtained":[{"floor":6,"key":"The Courier"},{"floor":8,"key":"Anchor"},{"floor":9,"key":"Oddly Smooth Stone"},{"floor":10,"key":"War Paint"},{"floor":12,"key":"Gambling Chip"},{"floor":23,"key":"Regal Pillow"},{"floor":25,"key":"Whetstone"},{"floor":26,"key":"Gremlin Horn"},{"floor":27,"key":"Bird Faced Urn"},{"floor":27,"key":"Mummified Hand"},{"floor":30,"key":"Paper Frog"},{"floor":40,"key":"Ornamental Fan"},{"floor":42,"key":"Incense Burner"},{"floor":43,"key":"Sundial"},{"floor":44,"key":"Singing Bowl"},{"floor":46,"key":"Art of War"},{"floor":48,"key":"Bag of Preparation"}],"event_choices":[{"cards_removed":["Shockwave"],"damage_healed":0,"gold_gain":0,"player_choice":"Gave Card","damage_taken":0,"relics_obtained":["Red Skull"],"max_hp_gain":0,"max_hp_loss":0,"event_name":"WeMeetAgain","floor":2,"gold_loss":0},{"damage_healed":0,"gold_gain":0,"cards_transformed":["Clash"],"player_choice":"Transformed","damage_taken":0,"max_hp_gain":0,"max_hp_loss":0,"event_name":"Transmorgrifier","floor":4,"gold_loss":0,"cards_obtained":["Dual Wield"]},{"damage_healed":0,"gold_gain":0,"player_choice":"Bought 1 Potion","damage_taken":0,"max_hp_gain":0,"max_hp_loss":0,"event_name":"The Woman in Blue","floor":20,"gold_loss":0},{"damage_healed":0,"gold_gain":0,"player_choice":"Fight","damage_taken":0,"max_hp_gain":0,"max_hp_loss":0,"event_name":"Colosseum","floor":27,"gold_loss":0},{"damage_healed":0,"gold_gain":0,"player_choice":"Fought Nobs","damage_taken":0,"max_hp_gain":0,"max_hp_loss":0,"event_name":"Colosseum","floor":27,"gold_loss":0},{"damage_healed":0,"gold_gain":0,"player_choice":"Fight","damage_taken":0,"max_hp_gain":0,"max_hp_loss":0,"event_name":"Mysterious Sphere","floor":42,"gold_loss":0},{"damage_healed":0,"gold_gain":0,"player_choice":"Memory 1","damage_taken":0,"max_hp_gain":0,"max_hp_loss":0,"event_name":"SensoryStone","floor":47,"gold_loss":0}],"is_beta":false,"boss_relics":[{"not_picked":["Runic Dome","Coffee Dripper"],"picked":"Philosopher\u0027s Stone"},{"not_picked":["Runic Cube","Tiny House"],"picked":"Mark of Pain"}],"items_purged_floors":[37],"is_endless":false,"potions_floor_spawned":[1,6,12,14,18,21,24,27,29,31,33,38,42,44,48],"ascension_level":0}