{"gold_per_floor":[115,135,185,200,213,241,241,258,258,258,62,62],"floor_reached":12,"playtime":28567,"items_purged":[],"score":140,"play_id":"8db9176a-23e4-4357-97cc-964cc317f8d6","local_time":"20190413235501","is_ascension_mode":true,"campfire_choices":[{"floor":7,"key":"REST"},{"data":"Neutralize","floor":10,"key":"SMITH"}],"neow_cost":"NONE","seed_source_timestamp":39062561713160,"circlet_count":0,"master_deck":["AscendersBane","Defend_G","Defend_G","Defend_G","Defend_G","Defend_G","Strike_G","Strike_G","Strike_G","Strike_G","Strike_G","Survivor","Neutralize+1","Backflip","Flying Knee","Blur","Escape Plan","Sucker Punch"],"relics":["Ring of the Snake","NeowsBlessing","Snake Skull","Blood Vial","TwistedFunnel"],"potions_floor_usage":[5,5],"damage_taken":[{"damage":0,"enemies":"Cultist","floor":1,"turns":1},{"damage":0,"enemies":"Jaw Worm","floor":2,"turns":1},{"damage":0,"enemies":"2 Louse","floor":4,"turns":1},{"damage":3,"enemies":"Exordium Thugs","floor":5,"turns":7},{"damage":46,"enemies":"3 Sentries","floor":6,"turns":21},{"damage":0,"enemies":"3 Louse","floor":8,"turns":5},{"damage":32,"enemies":"Lagavulin","floor":12,"turns":11}],"seed_played":"-3641008347620926794","potions_obtained":[{"floor":1,"key":"GhostInAJar"},{"floor":2,"key":"FearPotion"}],"is_trial":false,"path_per_floor":["M","M","?","M","M","E","R","M","T","R","$","E"],"character_chosen":"THE_SILENT","items_purchased":["TwistedFunnel"],"campfire_rested":1,"item_purchase_floors":[11],"current_hp_per_floor":[59,59,53,53,50,4,23,23,23,23,23,0],"gold":62,"neow_bonus":"THREE_ENEMY_KILL","is_prod":false,"is_daily":false,"chose_seed":false,"campfire_upgraded":1,"win_rate":0,"timestamp":1555163701,"path_taken":["M","?","?","?","M","E","R","M","T","R","$","E"],"build_version":"2019-01-23","purchased_purges":0,"victory":false,"max_hp_per_floor":[66,66,66,66,66,66,66,66,66,66,66,66],"card_choices":[{"not_picked":["Flying Knee","Deadly Poison"],"picked":"Backflip","floor":1},{"not_picked":["Infinite Blades","Catalyst"],"picked":"Flying Knee","floor":2},{"not_picked":["Masterful Stab","Bane","Eviscerate"],"picked":"SKIP","floor":4},{"not_picked":["Bane","Crippling Poison"],"picked":"Blur","floor":5},{"not_picked":["Dagger Throw","Tactician"],"picked":"Escape Plan","floor":6},{"not_picked":["Dodge and Roll","Deflect"],"picked":"Sucker Punch","floor":8}],"player_experience":502079,"relics_obtained":[{"floor":6,"key":"Snake Skull"},{"floor":9,"key":"Blood Vial"}],"event_choices":[{"damage_healed":0,"gold_gain":50,"player_choice":"Touch","damage_taken":6,"max_hp_gain":0,"max_hp_loss":0,"event_name":"FaceTrader","floor":3,"gold_loss":0}],"is_beta":false,"boss_relics":[],"items_purged_floors":[],"is_endless":false,"potions_floor_spawned":[1,2,4],"killed_by":"Lagavulin","ascension_level":15}