{"gold_per_floor":[360,376,388,388,388,403,403,420,469,480,20,20,95,95],"floor_reached":14,"playtime":550,"items_purged":["Strike_G"],"score":107,"play_id":"c5557046-d87b-4ab5-9bac-5fffed0707b9","local_time":"20190420204822","is_ascension_mode":true,"campfire_choices":[{"floor":7,"key":"REST"},{"data":"Reflex","floor":12,"key":"SMITH"}],"neow_cost":"TEN_PERCENT_HP_LOSS","seed_source_timestamp":777414946203620,"circlet_count":0,"master_deck":["Defend_G","Defend_G","Defend_G","Defend_G","Defend_G","Strike_G","Strike_G","Strike_G","Strike_G","Survivor","Neutralize","Terror","Backflip","Reflex+1","Cloak And Dagger","Calculated Gamble","Acrobatics","Blade Dance"],"relics":["Ring of the Snake","Blue Candle","Pen Nib","Peace Pipe"],"potions_floor_usage":[6,14],"damage_taken":[{"damage":1,"enemies":"2 Louse","floor":1,"turns":4},{"damage":3,"enemies":"Small Slimes","floor":2,"turns":4},{"damage":5,"enemies":"Jaw Worm","floor":3,"turns":4},{"damage":41,"enemies":"Exordium Thugs","floor":6,"turns":9},{"damage":1,"enemies":"Looter","floor":8,"turns":4},{"damage":8,"enemies":"Blue Slaver","floor":10,"turns":4},{"damage":14,"enemies":"Gremlin Nob","floor":14,"turns":3}],"seed_played":"3204314975163859173","potions_obtained":[{"floor":2,"key":"SkillPotion"},{"floor":8,"key":"SneckoOil"}],"is_trial":false,"path_per_floor":["M","M","M","?","?","M","R","M","T","M","$","R","?","E"],"character_chosen":"THE_SILENT","items_purchased":["Peace Pipe","Acrobatics","Blade Dance"],"campfire_rested":1,"item_purchase_floors":[11,11,11],"current_hp_per_floor":[62,59,54,59,56,15,35,34,34,26,26,26,15,1],"gold":95,"neow_bonus":"TWO_FIFTY_GOLD","is_prod":false,"is_daily":false,"chose_seed":false,"campfire_upgraded":1,"win_rate":0,"timestamp":1555760902,"path_taken":["M","M","M","?","?","M","R","M","T","M","$","R","?","E"],"build_version":"2019-01-23","purchased_purges":1,"victory":false,"max_hp_per_floor":[63,63,63,68,68,68,68,68,68,68,68,68,68,68],"card_choices":[{"not_picked":["Flying Knee","Deflect"],"picked":"Terror","floor":1},{"not_picked":["Underhanded Strike","Slice"],"picked":"Backflip","floor":2},{"not_picked":["Bane","Escape Plan"],"picked":"Reflex","floor":3},{"not_picked":["Outmaneuver","Quick Slash"],"picked":"Cloak And Dagger","floor":6},{"not_picked":["Sucker Punch","Terror","Quick Slash"],"picked":"SKIP","floor":8},{"not_picked":["Terror","Backflip"],"picked":"Calculated Gamble","floor":10}],"player_experience":649693,"relics_obtained":[{"floor":9,"key":"Pen Nib"}],"event_choices":[{"damage_healed":0,"gold_gain":0,"player_choice":"Donut","damage_taken":0,"max_hp_gain":5,"max_hp_loss":0,"event_name":"Big Fish","floor":4,"gold_loss":0},{"damage_healed":0,"gold_gain":0,"player_choice":"Success","damage_taken":3,"relics_obtained":["Blue Candle"],"max_hp_gain":0,"max_hp_loss":0,"event_name":"Scrap Ooze","floor":5,"gold_loss":0},{"damage_healed":0,"gold_gain":75,"player_choice":"Gather Gold","damage_taken":11,"max_hp_gain":0,"max_hp_loss":0,"event_name":"World of Goop","floor":13,"gold_loss":0}],"is_beta":false,"boss_relics":[],"items_purged_floors":[11],"is_endless":false,"potions_floor_spawned":[2,8],"killed_by":"Gremlin Nob","ascension_level":6}