{"path_per_floor":["M","M","M","?","?","R","?","R","T","$","M","M","M","M","R"],"character_chosen":"DEFECT","items_purchased":["Kunai"],"gold_per_floor":[115,126,136,136,211,211,273,273,273,15,30,40,56,66,66,66],"floor_reached":16,"campfire_rested":1,"playtime":2025,"item_purchase_floors":[10],"current_hp_per_floor":[68,66,65,62,51,51,30,30,30,30,23,23,23,21,43,0],"items_purged":[],"gold":66,"score":122,"play_id":"da5f4147-536b-4a29-8441-a144eee62990","local_time":"20180523130224","is_prod":false,"is_daily":false,"chose_seed":false,"is_ascension_mode":true,"campfire_upgraded":2,"win_rate":0.3888889,"timestamp":1527073344,"campfire_choices":[{"data":"Sweeping Beam","floor":6,"key":"SMITH"},{"data":"Fusion","floor":8,"key":"SMITH"},{"floor":15,"key":"REST"}],"path_taken":["M","M","M","?","?","R","?","R","T","$","M","?","M","M","R","BOSS"],"build_version":"2018-05-22","seed_source_timestamp":0,"purchased_purges":0,"victory":false,"master_deck":["Strike_B","Strike_B","Strike_B","Strike_B","Defend_B","Defend_B","Defend_B","Defend_B","Zap","Dualcast","Loop","Go for the Eyes","Sweeping Beam+1","Fusion+1","Self Repair","Conserve Battery","Recycle","Beam Cell"],"max_hp_per_floor":[75,75,75,75,75,75,75,75,75,75,75,75,75,75,75,75],"relics":["Cracked Core","Potion Belt","Du-Vu Doll","Boot","Kunai"],"card_choices":[{"not_picked":["Reprogram","Rebound"],"picked":"Loop","floor":1},{"not_picked":["Melter","Redo"],"picked":"Go for the Eyes","floor":2},{"not_picked":["Go for the Eyes","Axe Kick"],"picked":"Sweeping Beam","floor":3},{"not_picked":["Seek","Leap"],"picked":"Fusion","floor":7},{"not_picked":["Defragment","Stack"],"picked":"Self Repair","floor":11},{"not_picked":["Streamline","Rebound"],"picked":"Conserve Battery","floor":12},{"not_picked":["Static Discharge","Coolheaded"],"picked":"Recycle","floor":13},{"not_picked":["Fusion","Cold Snap"],"picked":"Beam Cell","floor":14}],"player_experience":76062,"potions_floor_usage":[12,16],"damage_taken":[{"damage":0,"enemies":"Small Slimes","floor":1,"turns":3},{"damage":2,"enemies":"Jaw Worm","floor":2,"turns":3},{"damage":1,"enemies":"2 Louse","floor":3,"turns":2},{"damage":21,"enemies":"Gremlin Nob","floor":7,"turns":4},{"damage":7,"enemies":"Looter","floor":11,"turns":4},{"damage":0,"enemies":"3 Louse","floor":12,"turns":1},{"damage":7,"enemies":"Blue Slaver","floor":13,"turns":4},{"damage":2,"enemies":"2 Fungi Beasts","floor":14,"turns":3},{"damage":47,"enemies":"Slime Boss","floor":16,"turns":7}],"relics_obtained":[{"floor":7,"key":"Du-Vu Doll"},{"floor":9,"key":"Boot"}],"event_choices":[{"event_name":"Scrap Ooze","player_choice":"success","floor":4,"damage_taken":3},{"event_name":"World of Goop","player_choice":"Gather Gold","floor":5,"damage_taken":0},{"event_name":"Dead Adventurer","player_choice":"Searched \u00272\u0027 times","floor":7,"damage_taken":0}],"boss_relics":[],"items_purged_floors":[],"potions_floor_spawned":[1,2,13],"seed_played":"6124807162889711291","killed_by":"Slime Boss","ascension_level":6,"potions_obtained":[{"floor":1,"key":"Explosive Potion"},{"floor":2,"key":"Dexterity Potion"},{"floor":13,"key":"FocusPotion"}],"is_trial":false}