{"gold_per_floor":[111,36,36,211,211,211,224,249,286,298,338,380,392,420,432,543,555,578,609,546,558,584,596,640,652,664,691,715,727,739,766,778,886,898,922,953,965,438,458,488,488,9,9,22,39,39,39,57,57,57],"floor_reached":51,"playtime":3405,"items_purged":["Strike_B","Consume","Self Repair+1"],"score":730,"play_id":"6a847fe3-f674-4e1b-b2b8-ba7817c49da9","local_time":"20190420004542","is_ascension_mode":false,"campfire_choices":[{"data":"Dualcast","floor":6.0,"key":"SMITH"},{"data":"Zap","floor":10.0,"key":"SMITH"},{"data":"Rainbow","floor":13.0,"key":"SMITH"},{"data":"Fusion","floor":15.0,"key":"SMITH"},{"data":"Self Repair","floor":23.0,"key":"SMITH"},{"data":"Coolheaded","floor":30.0,"key":"SMITH"},{"data":"Defragment","floor":32.0,"key":"SMITH"},{"floor":41.0,"key":"REST"},{"floor":47.0,"key":"REST"},{"floor":49.0,"key":"REST"}],"neow_cost":"NONE","seed_source_timestamp":0,"circlet_count":0,"master_deck":["Zap+1","Dualcast+1","Cold Snap","Coolheaded+1","Rainbow+1","Fusion+1","Seek","Conserve Battery+1","Heatsinks","Reboot","All For One","Defragment+1","Go for the Eyes+1","Chaos+1","Reboot+1","Double Energy","Coolheaded+1","Metamorphosis","Storm","Flash of Steel+1","Panache","Mind Blast+1"],"special_seed":0,"relics":["Cracked Core","NeowsBlessing","MawBank","Strawberry","Pantograph","Ancient Tea Set","Pandora\u0027s Box","Blood Vial","Mercury Hourglass","Fusion Hammer","War Paint","Molten Egg 2","Happy Flower","Anchor","Toxic Egg 2"],"potions_floor_usage":[50,50,50],"damage_taken":[{"damage":0.0,"enemies":"Cultist","floor":1.0,"turns":1.0},{"damage":0.0,"enemies":"2 Louse","floor":7.0,"turns":1.0},{"damage":0.0,"enemies":"Lagavulin","floor":8.0,"turns":1.0},{"damage":13.0,"enemies":"3 Sentries","floor":11.0,"turns":11.0},{"damage":0.0,"enemies":"Small Slimes","floor":14.0,"turns":2.0},{"damage":12.0,"enemies":"The Guardian","floor":16.0,"turns":9.0},{"damage":23.0,"enemies":"2 Thieves","floor":18.0,"turns":4.0},{"damage":6.0,"enemies":"Spheric Guardian","floor":19.0,"turns":4.0},{"damage":18.0,"enemies":"Centurion and Healer","floor":22.0,"turns":5.0},{"damage":15.0,"enemies":"Gremlin Leader","floor":24.0,"turns":8.0},{"damage":7.0,"enemies":"Cultist and Chosen","floor":27.0,"turns":8.0},{"damage":3.0,"enemies":"Snecko","floor":28.0,"turns":5.0},{"damage":4.0,"enemies":"Snake Plant","floor":31.0,"turns":3.0},{"damage":31.0,"enemies":"Collector","floor":33.0,"turns":11.0},{"damage":0.0,"enemies":"3 Shapes","floor":35.0,"turns":4.0},{"damage":15.0,"enemies":"Orb Walker","floor":36.0,"turns":3.0},{"damage":28.0,"enemies":"Maw","floor":39.0,"turns":7.0},{"damage":4.0,"enemies":"Nemesis","floor":40.0,"turns":7.0},{"damage":13.0,"enemies":"Sphere and 2 Shapes","floor":44.0,"turns":4.0},{"damage":17.0,"enemies":"Jaw Worm Horde","floor":45.0,"turns":4.0},{"damage":4.0,"enemies":"Spire Growth","floor":48.0,"turns":3.0},{"damage":72,"enemies":"Time Eater","floor":50,"turns":11}],"seed_played":"3635247670434321038","potions_obtained":[{"floor":7.0,"key":"Strength Potion"},{"floor":11.0,"key":"AttackPotion"},{"floor":14.0,"key":"PowerPotion"},{"floor":16.0,"key":"Dexterity Potion"},{"floor":19.0,"key":"Fruit Juice"},{"floor":22.0,"key":"Explosive Potion"},{"floor":24.0,"key":"AttackPotion"},{"floor":28.0,"key":"Explosive Potion"},{"floor":33.0,"key":"AttackPotion"},{"floor":39.0,"key":"LiquidBronze"},{"floor":40.0,"key":"GamblersBrew"},{"floor":45.0,"key":"PowerPotion"}],"is_trial":false,"path_per_floor":["M","$","?","?","?","R","M","E","T","R","E","?","R","M","R","B",null,"M","M","?","$","M","R","E","$","T","M","M","?","R","M","R","B",null,"M","M","?","$","M","E","R","$","T","M","M","?","R","M","R","B",null],"character_chosen":"DEFECT","items_purchased":["War Paint","Strength Potion","Metamorphosis","Storm","Happy Flower","Anchor","Dexterity Potion"],"campfire_rested":3,"item_purchase_floors":[38,38,38,38,42,42,42],"current_hp_per_floor":[75,75,60,60,53,53,53,53,60,60,47,47,47,47,47,60,82,59,58,58,58,40,40,35,35,35,40,49,49,49,57,57,63,87,87,82,82,82,66,74,87,87,87,74,59,49,75,73,87,15],"gold":57,"neow_bonus":"THREE_ENEMY_KILL","is_prod":false,"is_daily":false,"chose_seed":false,"campfire_upgraded":7,"win_rate":0.0,"timestamp":1555713942,"path_taken":["M","$","?","?","?","R","M","E","T","R","E","?","R","M","R","BOSS","M","M","?","$","M","R","E","$","T","M","M","?","R","?","R","BOSS","M","M","?","$","M","E","R","$","T","M","M","?","R","M","R","BOSS"],"build_version":"2019-01-23","purchased_purges":3,"victory":true,"max_hp_per_floor":[75,75,75,75,75,75,75,75,82,82,82,82,82,82,82,82,82,82,87,87,87,87,87,87,87,87,87,87,87,87,87,87,87,87,87,87,87,87,87,87,87,87,87,87,87,87,87,87,87,87],"card_choices":[{"not_picked":["Steam","Reprogram"],"picked":"Cold Snap","floor":1.0},{"not_picked":["Chaos","Ball Lightning"],"picked":"Coolheaded","floor":7.0},{"not_picked":["Conserve Battery","Reprogram"],"picked":"Rainbow","floor":8.0},{"not_picked":["Rip and Tear","Go for the Eyes"],"picked":"Fusion","floor":11.0},{"not_picked":["Compile Driver","Genetic Algorithm","Barrage"],"picked":"SKIP","floor":14.0},{"not_picked":["All For One","Echo Form"],"picked":"Seek","floor":16.0},{"not_picked":["Gash+1","Conserve Battery"],"picked":"Go for the Eyes+1","floor":18.0},{"not_picked":["Stack","Go for the Eyes+1","Chaos"],"picked":"SKIP","floor":19.0},{"not_picked":["Rip and Tear+1","Ball Lightning"],"picked":"Self Repair","floor":22.0},{"not_picked":["Reprogram","Cold Snap","Stack"],"picked":"SKIP","floor":24.0},{"not_picked":["Compile Driver","Sweeping Beam+1"],"picked":"Chaos","floor":27.0},{"not_picked":["Rebound","Ball Lightning","Sweeping Beam"],"picked":"SKIP","floor":28.0},{"not_picked":["Aggregate","Reprogram","Rebound"],"picked":"SKIP","floor":31.0},{"not_picked":["Thunder Strike","Echo Form"],"picked":"Reboot","floor":33.0},{"not_picked":["Doom and Gloom","Hologram+1"],"picked":"Double Energy","floor":35.0},{"not_picked":["Ball Lightning+1","Streamline+1"],"picked":"Coolheaded+1","floor":36.0},{"not_picked":["Consume","Sweeping Beam","Redo"],"picked":"SKIP","floor":39.0},{"not_picked":["Hologram+1","Chill","Leap+1"],"picked":"SKIP","floor":40.0},{"not_picked":["BootSequence+1","Stack+1","Leap+1"],"picked":"SKIP","floor":44.0},{"not_picked":["Streamline+1","Rebound+1","Leap+1"],"picked":"SKIP","floor":45.0},{"not_picked":["Deep Breath+1","Purity+1"],"picked":"Flash of Steel+1","floor":46.0},{"not_picked":["Secret Weapon+1","Bandage Up+1"],"picked":"Panache","floor":46.0},{"not_picked":["PanicButton+1","Dramatic Entrance+1"],"picked":"Mind Blast+1","floor":46.0},{"not_picked":["Conserve Battery+1","Rebound+1","Stack+1"],"picked":"SKIP","floor":48.0}],"player_experience":207209,"relics_obtained":[{"floor":8.0,"key":"MawBank"},{"floor":9.0,"key":"Strawberry"},{"floor":11.0,"key":"Pantograph"},{"floor":24.0,"key":"Blood Vial"},{"floor":26.0,"key":"Mercury Hourglass"},{"floor":40.0,"key":"Molten Egg 2"},{"floor":43.0,"key":"Toxic Egg 2"}],"event_choices":[{"damage_healed":0.0,"max_hp_gain":0.0,"max_hp_loss":0.0,"gold_gain":0.0,"event_name":"Shining Light","player_choice":"Entered Light","floor":3.0,"gold_loss":0.0,"damage_taken":15.0,"cards_upgraded":["Defend_B","Defend_B"]},{"damage_healed":0.0,"max_hp_gain":0.0,"max_hp_loss":0.0,"gold_gain":175.0,"event_name":"Liars Game","player_choice":"AGREE","floor":4.0,"gold_loss":0.0,"damage_taken":0.0,"cards_obtained":["Doubt"]},{"cards_removed":["Strike_B"],"damage_healed":0.0,"max_hp_gain":0.0,"max_hp_loss":0.0,"gold_gain":0.0,"event_name":"Golden Wing","player_choice":"Card Removal","floor":5.0,"gold_loss":0.0,"damage_taken":7.0},{"damage_healed":0.0,"max_hp_gain":0.0,"max_hp_loss":0.0,"gold_gain":30.0,"event_name":"Dead Adventurer","player_choice":"Searched \u00273\u0027 times","floor":12.0,"gold_loss":0.0,"damage_taken":0.0,"relics_obtained":["Ancient Tea Set"]},{"cards_removed":["Doubt"],"damage_healed":0.0,"max_hp_gain":0.0,"max_hp_loss":0.0,"gold_gain":0.0,"event_name":"Beggar","player_choice":"Gave Gold","floor":20.0,"gold_loss":75.0,"damage_taken":0.0},{"damage_healed":0.0,"max_hp_gain":0.0,"max_hp_loss":0.0,"gold_gain":0.0,"event_name":"Upgrade Shrine","player_choice":"Upgraded","floor":29.0,"gold_loss":0.0,"damage_taken":0.0,"cards_upgraded":["Chaos"]},{"damage_healed":0.0,"max_hp_gain":0.0,"max_hp_loss":0.0,"gold_gain":0.0,"event_name":"Tomb of Lord Red Mask","player_choice":"Ignored","floor":37.0,"gold_loss":0.0,"damage_taken":0.0},{"damage_healed":0.0,"max_hp_gain":0.0,"max_hp_loss":0.0,"gold_gain":0.0,"event_name":"SensoryStone","player_choice":"Memory 3","floor":46.0,"gold_loss":0.0,"damage_taken":10.0}],"is_beta":false,"boss_relics":[{"not_picked":["Astrolabe","Empty Cage"],"picked":"Pandora\u0027s Box"},{"not_picked":["Calling Bell","Black Star"],"picked":"Fusion Hammer"}],"items_purged_floors":[2,38,42],"is_endless":false,"potions_floor_spawned":[7,11,14,16,19,22,24,28,33,39,40,45],"ascension_level":0}