{"gold_per_floor":[113,38,38,38,58,58,72,43,66,87,87,10,10,48,48,48],"floor_reached":16,"playtime":764,"items_purged":["Strike_G"],"score":181,"play_id":"79cd7332-7d3a-4288-8405-ac817929c48a","local_time":"20190407032004","is_ascension_mode":true,"campfire_choices":[{"data":"Caltrops","floor":6,"key":"SMITH"},{"data":"Neutralize","floor":11,"key":"SMITH"},{"data":"Deadly Poison","floor":13,"key":"SMITH"},{"data":"Survivor","floor":15,"key":"SMITH"}],"neow_cost":"NONE","seed_source_timestamp":35345243970005,"circlet_count":0,"master_deck":["AscendersBane","Defend_G","Defend_G","Defend_G","Defend_G","Defend_G","Strike_G","Strike_G","Strike_G","Strike_G","Survivor+1","Neutralize+1","Caltrops+1","Masterful Stab","PiercingWail","Deadly Poison+1","Heel Hook"],"relics":["Ring of the Snake","NeowsBlessing","Golden Idol","Anchor","Juzu Bracelet"],"potions_floor_usage":[16,16],"damage_taken":[{"damage":0,"enemies":"Jaw Worm","floor":1,"turns":1},{"damage":0,"enemies":"Cultist","floor":5,"turns":1},{"damage":0,"enemies":"2 Louse","floor":7,"turns":1},{"damage":0,"enemies":"Red Slaver","floor":10,"turns":4},{"damage":17,"enemies":"3 Sentries","floor":14,"turns":9},{"damage":34,"enemies":"The Guardian","floor":16,"turns":10}],"seed_played":"-2042411665852102099","potions_obtained":[{"floor":1,"key":"EssenceOfSteel"},{"floor":5,"key":"SneckoOil"},{"floor":14,"key":"Strength Potion"}],"is_trial":false,"path_per_floor":["M","$","?","?","M","R","M","$","T","M","R","$","R","E","R","B"],"character_chosen":"THE_SILENT","items_purchased":["Deadly Poison","Heel Hook"],"campfire_rested":0,"item_purchase_floors":[8,12],"current_hp_per_floor":[59,59,59,50,50,50,50,50,50,50,50,50,50,33,33,0],"gold":48,"neow_bonus":"THREE_ENEMY_KILL","is_prod":false,"is_daily":false,"chose_seed":false,"campfire_upgraded":4,"win_rate":0,"timestamp":1554621604,"path_taken":["M","$","?","?","?","R","M","$","T","M","R","?","R","E","R","BOSS"],"build_version":"2019-01-23","purchased_purges":1,"victory":false,"max_hp_per_floor":[66,66,60,60,60,60,60,60,60,60,60,60,60,60,60,60],"card_choices":[{"not_picked":["Underhanded Strike","Accuracy"],"picked":"Caltrops","floor":1},{"not_picked":["Predator","Cloak And Dagger"],"picked":"Masterful Stab","floor":5},{"not_picked":["Dagger Throw","Flying Knee"],"picked":"PiercingWail","floor":7},{"not_picked":["Bouncing Flask","Distraction","Accuracy"],"picked":"SKIP","floor":10},{"not_picked":["Escape Plan","Bane","Flechettes"],"picked":"SKIP","floor":14}],"player_experience":921480,"relics_obtained":[{"floor":9,"key":"Anchor"},{"floor":14,"key":"Juzu Bracelet"}],"event_choices":[{"damage_healed":0,"gold_gain":0,"player_choice":"Lose Max HP","damage_taken":0,"relics_obtained":["Golden Idol"],"max_hp_gain":0,"max_hp_loss":6,"event_name":"Golden Idol","floor":3,"gold_loss":0},{"damage_healed":0,"gold_gain":0,"player_choice":"Damaged","damage_taken":9,"max_hp_gain":0,"max_hp_loss":0,"event_name":"Wheel of Change","floor":4,"gold_loss":0}],"is_beta":false,"boss_relics":[],"items_purged_floors":[2],"is_endless":false,"potions_floor_spawned":[1,5,14],"killed_by":"The Guardian","ascension_level":17}