{"gold_per_floor":[110,126,126,91,105,105,125,125,125,142,142,142,60,60,60,159,159,169,6,25,39,39,39,59,59,59,59,59,73,88,101,101,101],"floor_reached":33,"playtime":1483,"items_purged":["Strike_R"],"score":249,"play_id":"5e8d0946-dfd6-4ccf-bf76-a617a2158e68","local_time":"20190310153456","is_ascension_mode":false,"campfire_choices":[{"data":"Inflame","floor":6,"key":"SMITH"},{"data":"Whirlwind","floor":8,"key":"SMITH"},{"data":"Body Slam","floor":11,"key":"SMITH"},{"data":"Panacea","floor":15,"key":"SMITH"},{"data":"Limit Break","floor":23,"key":"SMITH"},{"data":"Trip","floor":27,"key":"SMITH"},{"floor":32,"key":"REST"}],"neow_cost":"NONE","seed_source_timestamp":52852675077661,"circlet_count":0,"master_deck":["Strike_R","Strike_R","Strike_R","Strike_R+1","Defend_R","Defend_R","Defend_R","Defend_R","Bash","Inflame+1","Whirlwind+1","Shrug It Off","Dual Wield+1","Shrug It Off","Body Slam+1","Panacea+1","Limit Break+1","Trip+1","Flex+1"],"relics":["Orrery"],"potions_floor_usage":[12,16,16,30,31,31],"damage_taken":[{"damage":8,"enemies":"Cultist","floor":1,"turns":6},{"damage":5,"enemies":"Jaw Worm","floor":2,"turns":5},{"damage":0,"enemies":"Small Slimes","floor":5,"turns":3},{"damage":5,"enemies":"Looter","floor":7,"turns":4},{"damage":7,"enemies":"Exordium Wildlife","floor":10,"turns":5},{"damage":0,"enemies":"Lagavulin","floor":12,"turns":1},{"damage":15,"enemies":"Slime Boss","floor":16,"turns":7},{"damage":11,"enemies":"Chosen","floor":18,"turns":5},{"damage":12,"enemies":"2 Thieves","floor":20,"turns":4},{"damage":11,"enemies":"Snake Plant","floor":21,"turns":5},{"damage":7,"enemies":"3 Cultists","floor":24,"turns":4},{"damage":24,"enemies":"Cultist and Chosen","floor":29,"turns":6},{"damage":14,"enemies":"Snake Plant","floor":30,"turns":4},{"damage":0,"enemies":"Chosen and Byrds","floor":31,"turns":3},{"damage":33,"enemies":"Collector","floor":33,"turns":6}],"seed_played":"7577629791437822137","potions_obtained":[{"floor":1,"key":"Energy Potion"},{"floor":2,"key":"SmokeBomb"},{"floor":5,"key":"SpeedPotion"},{"floor":18,"key":"SpeedPotion"},{"floor":24,"key":"SpeedPotion"},{"floor":30,"key":"GamblersBrew"}],"is_trial":false,"path_per_floor":["M","M","?","?","M","R","M","R","T","M","R","E","$","?","R","B",null,"M","$","M","M","?","R","M","$","T","R","T","M","M","M","R","B"],"character_chosen":"IRONCLAD","items_purchased":["Panacea","Trip"],"campfire_rested":1,"item_purchase_floors":[13,19],"current_hp_per_floor":[72,67,51,71,71,71,66,66,66,59,59,59,59,59,59,44,80,69,69,57,46,46,46,39,39,39,39,39,15,1,1,25,0],"gold":101,"neow_bonus":"BOSS_RELIC","is_prod":false,"is_daily":false,"chose_seed":false,"campfire_upgraded":6,"win_rate":0,"timestamp":1552246496,"path_taken":["M","?","?","?","M","R","M","R","T","M","R","E","$","?","R","BOSS","M","$","M","M","?","R","?","$","T","R","?","M","M","M","R","BOSS"],"build_version":"2019-01-23","purchased_purges":1,"victory":false,"max_hp_per_floor":[80,80,80,80,80,80,80,80,80,80,80,80,80,80,80,80,80,80,80,80,80,80,80,80,80,80,80,80,80,80,80,80,80],"card_choices":[{"not_picked":["Sword Boomerang","Clothesline"],"picked":"Inflame","floor":0},{"not_picked":["Anger","Shrug It Off"],"picked":"Whirlwind","floor":0},{"not_picked":["True Grit","Perfected Strike"],"picked":"Shrug It Off","floor":0},{"not_picked":["Shrug It Off","Flex"],"picked":"Dual Wield","floor":0},{"not_picked":["Evolve","Fire Breathing"],"picked":"Shrug It Off","floor":0},{"not_picked":["Combust","Blood for Blood","True Grit"],"picked":"SKIP","floor":1},{"not_picked":["Uppercut","Body Slam","Dark Embrace"],"picked":"SKIP","floor":2},{"not_picked":["Blood for Blood","Warcry","Hemokinesis"],"picked":"SKIP","floor":5},{"not_picked":["Headbutt","Sword Boomerang","Infernal Blade"],"picked":"SKIP","floor":7},{"not_picked":["Pommel Strike","Body Slam","Headbutt"],"picked":"SKIP","floor":10},{"not_picked":["Pommel Strike","Headbutt"],"picked":"Body Slam","floor":10},{"not_picked":["Fiend Fire","Reaper"],"picked":"Limit Break","floor":16},{"not_picked":["Perfected Strike+1","Combust","Searing Blow"],"picked":"SKIP","floor":18},{"not_picked":["Sentinel","Twin Strike","Clash+1"],"picked":"SKIP","floor":20},{"not_picked":["Combust","Evolve"],"picked":"Flex+1","floor":21},{"not_picked":["Hemokinesis","Rage","Headbutt+1"],"picked":"SKIP","floor":24},{"not_picked":["Cleave","Flex+1","Hemokinesis+1"],"picked":"SKIP","floor":29},{"not_picked":["Headbutt+1","Warcry","Clash"],"picked":"SKIP","floor":30},{"not_picked":["Ghostly Armor+1","Shockwave+1","Headbutt"],"picked":"SKIP","floor":31}],"player_experience":855270,"relics_obtained":[],"event_choices":[{"damage_healed":0,"gold_gain":0,"player_choice":"Entered Light","damage_taken":16,"max_hp_gain":0,"max_hp_loss":0,"event_name":"Shining Light","floor":3,"gold_loss":0,"cards_upgraded":["Strike_R","Dual Wield"]},{"damage_healed":20,"gold_gain":0,"player_choice":"Healed","damage_taken":0,"max_hp_gain":0,"max_hp_loss":0,"event_name":"The Cleric","floor":4,"gold_loss":35},{"damage_healed":0,"gold_gain":0,"player_choice":"Ignored","damage_taken":0,"max_hp_gain":0,"max_hp_loss":0,"event_name":"Golden Idol","floor":14,"gold_loss":0},{"damage_healed":0,"gold_gain":0,"player_choice":"Relic","damage_taken":0,"max_hp_gain":0,"max_hp_loss":0,"event_name":"Wheel of Change","floor":22,"gold_loss":0}],"is_beta":false,"boss_relics":[{"not_picked":[]}],"items_purged_floors":[19],"is_endless":false,"potions_floor_spawned":[1,2,5,18,24,30],"killed_by":"Collector","ascension_level":0}