{"gold_per_floor":[111,1,1,1,21,21,21,38,38,38,57,57,132,152,152,252,252,270,122,122,122,134,134,151,151],"floor_reached":25,"playtime":1352,"items_purged":["Strike_R","Strike_R"],"score":291,"play_id":"6b442e38-62f6-4a1d-b30e-b5e589d54fec","local_time":"20190317172439","is_ascension_mode":false,"campfire_choices":[{"data":"Flex","floor":6,"key":"SMITH"},{"data":"True Grit","floor":10,"key":"SMITH"},{"data":"Armaments","floor":15,"key":"SMITH"},{"data":"Juggernaut","floor":23,"key":"SMITH"}],"neow_cost":"NONE","seed_source_timestamp":693161407545117,"circlet_count":0,"master_deck":["Strike_R","Strike_R","Defend_R","Defend_R","Defend_R","Defend_R","Bash","Anger+1","Metallicize","Flex+1","True Grit+1","Armaments+1","Juggernaut+1","Intimidate+1","Shrug It Off","Battle Trance"],"special_seed":0,"relics":["Runic Cube"],"potions_floor_usage":[14,24],"damage_taken":[{"damage":5,"enemies":"Small Slimes","floor":1,"turns":4},{"damage":0,"enemies":"2 Louse","floor":5,"turns":3},{"damage":1,"enemies":"Jaw Worm","floor":8,"turns":3},{"damage":0,"enemies":"3 Louse","floor":11,"turns":5},{"damage":0,"enemies":"Exordium Wildlife","floor":14,"turns":7},{"damage":54,"enemies":"The Guardian","floor":16,"turns":11},{"damage":22,"enemies":"2 Thieves","floor":18,"turns":5},{"damage":25,"enemies":"Colosseum Slavers","floor":20,"turns":5},{"damage":7,"enemies":"Shell Parasite","floor":22,"turns":7},{"damage":13,"enemies":"Cultist and Chosen","floor":24,"turns":6},{"damage":16,"enemies":"Sentry and Sphere","floor":25,"turns":3}],"seed_played":"1603513235955387943","potions_obtained":[{"floor":8,"key":"Dexterity Potion"},{"floor":22,"key":"Ancient Potion"}],"is_trial":false,"path_per_floor":["M","$","?","?","M","R","$","M","T","R","M","$","?","M","R","B",null,"M","$","?","?","M","R","M","M"],"character_chosen":"IRONCLAD","items_purchased":["Metallicize","Shrug It Off"],"campfire_rested":0,"item_purchase_floors":[2,19],"current_hp_per_floor":[75,75,75,75,75,75,75,74,74,74,74,74,63,63,63,9,80,58,58,33,33,26,26,13,0],"gold":151,"neow_bonus":"BOSS_RELIC","is_prod":false,"is_daily":false,"chose_seed":false,"campfire_upgraded":4,"win_rate":0,"timestamp":1552857879,"path_taken":["M","$","?","?","M","R","$","M","T","R","M","?","?","M","R","BOSS","M","$","?","?","M","R","M","M"],"build_version":"2019-01-23","purchased_purges":2,"victory":false,"max_hp_per_floor":[80,80,80,80,80,80,80,80,80,80,80,80,80,80,80,80,80,80,80,80,80,80,80,80,80],"card_choices":[{"not_picked":["Shrug It Off","Havoc"],"picked":"Anger","floor":1},{"not_picked":["Sword Boomerang","Iron Wave"],"picked":"Flex","floor":5},{"not_picked":["Immolate","Reckless Charge"],"picked":"True Grit","floor":8},{"not_picked":["Wild Strike","Headbutt"],"picked":"Armaments","floor":11},{"not_picked":["Second Wind","Wild Strike","Blood for Blood"],"picked":"SKIP","floor":14},{"not_picked":["Bludgeon","Demon Form"],"picked":"Juggernaut","floor":16},{"not_picked":["Twin Strike+1","Clash"],"picked":"Intimidate+1","floor":18},{"not_picked":["Feel No Pain","Twin Strike","Armaments+1"],"picked":"SKIP","floor":22},{"not_picked":["Clash","Whirlwind"],"picked":"Battle Trance","floor":24}],"player_experience":875774,"relics_obtained":[],"event_choices":[{"damage_healed":0,"gold_gain":0,"player_choice":"Grow","damage_taken":0,"max_hp_gain":0,"max_hp_loss":0,"event_name":"Living Wall","floor":3,"gold_loss":0,"cards_upgraded":["Anger"]},{"damage_healed":0,"gold_gain":0,"player_choice":"Fled","damage_taken":0,"max_hp_gain":0,"max_hp_loss":0,"event_name":"Scrap Ooze","floor":4,"gold_loss":0},{"damage_healed":0,"gold_gain":75,"player_choice":"Gather Gold","damage_taken":11,"max_hp_gain":0,"max_hp_loss":0,"event_name":"World of Goop","floor":13,"gold_loss":0},{"damage_healed":0,"gold_gain":0,"player_choice":"Fight","damage_taken":0,"max_hp_gain":0,"max_hp_loss":0,"event_name":"Colosseum","floor":20,"gold_loss":0},{"damage_healed":0,"gold_gain":0,"player_choice":"Fled From Nobs","damage_taken":0,"max_hp_gain":0,"max_hp_loss":0,"event_name":"Colosseum","floor":20,"gold_loss":0},{"cards_removed":["Strike_R"],"damage_healed":0,"gold_gain":0,"player_choice":"Elegance","damage_taken":0,"max_hp_gain":0,"max_hp_loss":0,"event_name":"Back to Basics","floor":21,"gold_loss":0}],"is_beta":false,"boss_relics":[{"not_picked":[]}],"items_purged_floors":[2,19],"is_endless":false,"potions_floor_spawned":[8,20,22],"killed_by":"Sentry and Sphere","ascension_level":0}