{"gold_per_floor":[115,115,128,128,128,128,159,159,159,84,84,84,157,18,18,117,117,137,156,156],"floor_reached":20,"playtime":1092,"items_purged":["Defend_B","Defend_B"],"score":406,"play_id":"948e85c9-08b3-4e25-9458-cb2d3c9a3d35","local_time":"20190117010923","is_ascension_mode":true,"campfire_choices":[{"floor":6,"key":"REST"},{"data":"Conserve Battery","floor":8,"key":"SMITH"},{"data":"Static Discharge","floor":15,"key":"SMITH"}],"neow_cost":"NONE","seed_source_timestamp":563299623348622,"circlet_count":0,"master_deck":["AscendersBane","Strike_B","Strike_B","Strike_B","Defend_B","Defend_B","Zap","Dualcast","Conserve Battery+1","Undo","Cold Snap","Streamline","Static Discharge+1","Fission","Chaos"],"relics":["Cracked Core","NeowsBlessing","Golden Idol","Oddly Smooth Stone","Juzu Bracelet","Ornamental Fan","Tiny Chest","Nuclear Battery"],"potions_floor_usage":[13,13],"damage_taken":[{"damage":0,"enemies":"Jaw Worm","floor":1,"turns":1},{"damage":0,"enemies":"2 Louse","floor":3,"turns":1},{"damage":0,"enemies":"Gremlin Nob","floor":7,"turns":1},{"damage":12,"enemies":"Lagavulin","floor":13,"turns":7},{"damage":28,"enemies":"Hexaghost","floor":16,"turns":9},{"damage":8,"enemies":"Spheric Guardian","floor":18,"turns":4},{"damage":13,"enemies":"2 Thieves","floor":19,"turns":4},{"damage":39,"enemies":"Snecko","floor":20,"turns":5}],"seed_played":"42106947839826383","potions_obtained":[{"floor":1,"key":"Poison Potion"},{"floor":3,"key":"Regen Potion"}],"is_trial":false,"path_per_floor":["M","?","M","?","?","R","E","R","T","$","?","?","E","$","R","B",null,"M","M","M"],"character_chosen":"DEFECT","items_purchased":["Static Discharge"],"campfire_rested":1,"item_purchase_floors":[14],"current_hp_per_floor":[64,64,64,38,31,50,50,50,50,50,55,55,58,58,58,30,59,51,38,0],"gold":156,"neow_bonus":"THREE_ENEMY_KILL","is_prod":false,"is_daily":false,"chose_seed":false,"campfire_upgraded":2,"win_rate":0,"timestamp":1547683763,"path_taken":["M","?","M","?","?","R","E","R","T","$","?","?","E","$","R","BOSS","M","M","M"],"build_version":"2019-01-10","purchased_purges":2,"victory":false,"max_hp_per_floor":[71,64,64,64,64,64,64,64,64,64,69,69,69,69,69,69,69,69,69,69],"card_choices":[{"not_picked":["White Noise","Compile Driver"],"picked":"Conserve Battery","floor":1},{"not_picked":["Stack","Hologram"],"picked":"Undo","floor":3},{"not_picked":["Stack","Static Discharge"],"picked":"Cold Snap","floor":7},{"not_picked":["Sweeping Beam","Aggregate"],"picked":"Streamline","floor":13},{"not_picked":["Meteor Strike","Hyperbeam"],"picked":"Fission","floor":16},{"not_picked":["Sweeping Beam","Storm"],"picked":"Chaos","floor":18},{"not_picked":["Streamline","Beam Cell+1","Redo"],"picked":"SKIP","floor":19}],"player_experience":464106,"relics_obtained":[{"floor":7,"key":"Juzu Bracelet"},{"floor":9,"key":"Ornamental Fan"},{"floor":13,"key":"Tiny Chest"}],"event_choices":[{"damage_healed":0,"gold_gain":0,"player_choice":"Lose Max HP","damage_taken":0,"relics_obtained":["Golden Idol"],"max_hp_gain":0,"max_hp_loss":7,"event_name":"Golden Idol","floor":2,"gold_loss":0},{"damage_healed":0,"gold_gain":0,"player_choice":"Success","damage_taken":26,"relics_obtained":["Oddly Smooth Stone"],"max_hp_gain":0,"max_hp_loss":0,"event_name":"Scrap Ooze","floor":4,"gold_loss":0},{"cards_removed":["Strike_B"],"damage_healed":0,"gold_gain":0,"player_choice":"Card Removal","damage_taken":7,"max_hp_gain":0,"max_hp_loss":0,"event_name":"Golden Wing","floor":5,"gold_loss":0},{"damage_healed":0,"gold_gain":0,"player_choice":"Donut","damage_taken":0,"max_hp_gain":5,"max_hp_loss":0,"event_name":"Big Fish","floor":11,"gold_loss":0},{"damage_healed":0,"gold_gain":0,"player_choice":"Got Potions","damage_taken":0,"max_hp_gain":0,"max_hp_loss":0,"event_name":"Lab","floor":12,"gold_loss":0}],"is_beta":false,"boss_relics":[{"not_picked":["Cursed Key","Fusion Hammer"],"picked":"Nuclear Battery"}],"items_purged_floors":[10,14],"is_endless":false,"potions_floor_spawned":[1,3,7],"killed_by":"Snecko","ascension_level":20}