{"gold_per_floor":[109,184,359,377,56,85,85,98,145,145,11,23,23,34,34,133,133,147,163,163,174,20,49,49,66,90,22,57,68,68],"floor_reached":30,"playtime":1235,"items_purged":["Doubt","Defend_R"],"score":295,"play_id":"187cec0c-a203-4f79-a94e-5b1582ae960f","local_time":"20190303235415","is_ascension_mode":false,"campfire_choices":[{"data":"Inflame","floor":10,"key":"SMITH"},{"data":"Inflame","floor":13,"key":"SMITH"},{"data":"Bash","floor":15,"key":"SMITH"},{"floor":24,"key":"REST"}],"neow_cost":"NONE","seed_source_timestamp":2010772399345504,"circlet_count":0,"master_deck":["Strike_R","Strike_R+1","Strike_R","Strike_R+1","Strike_R","Defend_R","Defend_R","Defend_R","Bash+1","Anger","Clash","Swift Strike","Inflame+1","Inflame+1","Sever Soul","Offering","Disarm+1","Seeing Red+1","Offering","Pummel","Clash+1","Limit Break"],"relics":["Burning Blood","NeowsBlessing","Membership Card","Regal Pillow","Strawberry","Ancient Tea Set","HandDrill","Black Star","Lantern","Dream Catcher","Torii","Whetstone","Pen Nib","StoneCalendar"],"potions_floor_usage":[8,16,16,21,23,23,30],"damage_taken":[{"damage":0,"enemies":"2 Louse","floor":1,"turns":1},{"damage":0,"enemies":"Small Slimes","floor":4,"turns":2},{"damage":0,"enemies":"Gremlin Nob","floor":6,"turns":1},{"damage":6,"enemies":"Jaw Worm","floor":8,"turns":2},{"damage":0,"enemies":"Exordium Thugs","floor":12,"turns":3},{"damage":8,"enemies":"Red Slaver","floor":14,"turns":2},{"damage":44,"enemies":"The Guardian","floor":16,"turns":10},{"damage":16,"enemies":"Chosen","floor":18,"turns":3},{"damage":9,"enemies":"Shell Parasite","floor":19,"turns":4},{"damage":25,"enemies":"Snecko","floor":21,"turns":5},{"damage":43,"enemies":"Book of Stabbing","floor":23,"turns":4},{"damage":28,"enemies":"Centurion and Healer","floor":25,"turns":4},{"damage":32,"enemies":"Gremlin Leader","floor":28,"turns":5},{"damage":13,"enemies":"3 Cultists","floor":29,"turns":3},{"damage":17,"enemies":"Shelled Parasite and Fungi","floor":30,"turns":2}],"seed_played":"-8737120981482524956","potions_obtained":[{"floor":1,"key":"Swift Potion"},{"floor":8,"key":"Fruit Juice"},{"floor":12,"key":"Strength Potion"},{"floor":14,"key":"EssenceOfSteel"},{"floor":18,"key":"PowerPotion"},{"floor":28,"key":"GamblersBrew"}],"is_trial":false,"path_per_floor":["M","?","?","M","$","E","?","M","T","R","$","M","R","M","R","B",null,"M","M","?","M","$","E","R","M","T","$","E","M","M"],"character_chosen":"IRONCLAD","items_purchased":["Membership Card","Swift Strike","HandDrill","Sever Soul","Lantern","Block Potion","Limit Break"],"campfire_rested":1,"item_purchase_floors":[5,5,11,11,22,22,27],"current_hp_per_floor":[80,69,69,75,75,80,87,92,92,92,92,92,92,90,90,52,92,82,79,79,60,60,23,65,43,43,43,17,10,0],"gold":68,"neow_bonus":"THREE_ENEMY_KILL","is_prod":false,"is_daily":false,"chose_seed":false,"campfire_upgraded":3,"win_rate":0,"timestamp":1551675255,"path_taken":["M","?","?","M","$","E","?","M","T","R","?","?","R","M","R","BOSS","M","M","?","M","$","E","R","M","T","$","E","M","?"],"build_version":"2019-01-23","purchased_purges":2,"victory":false,"max_hp_per_floor":[80,80,80,80,80,80,87,92,92,92,92,92,92,92,92,92,92,92,92,92,92,92,92,92,92,92,92,92,92,92],"card_choices":[{"not_picked":["Armaments","Cleave"],"picked":"Anger","floor":1},{"not_picked":["Whirlwind","Perfected Strike"],"picked":"Clash","floor":4},{"not_picked":["Armaments","Spot Weakness"],"picked":"Inflame","floor":6},{"not_picked":["Rupture","Fire Breathing"],"picked":"Inflame","floor":8},{"not_picked":["Heavy Blade","Wild Strike","Cleave"],"picked":"SKIP","floor":12},{"not_picked":["Clothesline","Pommel Strike","Perfected Strike"],"picked":"SKIP","floor":14},{"not_picked":["Reaper","Brutality"],"picked":"Offering","floor":16},{"not_picked":["Combust+1","Rampage"],"picked":"Disarm+1","floor":18},{"not_picked":["Thunderclap","Blood for Blood"],"picked":"Seeing Red+1","floor":19},{"not_picked":["Anger","Flex","Second Wind+1"],"picked":"SKIP","floor":21},{"not_picked":["Clothesline","Warcry","Armaments"],"picked":"SKIP","floor":23},{"not_picked":["Feel No Pain","Corruption+1"],"picked":"Pummel","floor":24},{"not_picked":["Pommel Strike","Iron Wave"],"picked":"Clash+1","floor":25},{"not_picked":["Uppercut","Evolve","True Grit"],"picked":"SKIP","floor":28},{"not_picked":["Flex","Cleave","Bloodletting"],"picked":"SKIP","floor":29}],"player_experience":839414,"relics_obtained":[{"floor":6,"key":"Regal Pillow"},{"floor":9,"key":"Ancient Tea Set"},{"floor":23,"key":"Dream Catcher"},{"floor":23,"key":"Torii"},{"floor":26,"key":"Whetstone"},{"floor":28,"key":"Pen Nib"},{"floor":28,"key":"StoneCalendar"}],"event_choices":[{"damage_healed":0,"gold_gain":75,"player_choice":"Gather Gold","damage_taken":11,"max_hp_gain":0,"max_hp_loss":0,"event_name":"World of Goop","floor":2,"gold_loss":0},{"damage_healed":0,"gold_gain":175,"player_choice":"AGREE","damage_taken":0,"max_hp_gain":0,"max_hp_loss":0,"event_name":"Liars Game","floor":3,"gold_loss":0,"cards_obtained":["Doubt"]},{"damage_healed":0,"gold_gain":0,"player_choice":"Searched \u00271\u0027 times","damage_taken":0,"relics_obtained":["Strawberry"],"max_hp_gain":0,"max_hp_loss":0,"event_name":"Dead Adventurer","floor":7,"gold_loss":0},{"damage_healed":0,"gold_gain":0,"player_choice":"Copied","damage_taken":0,"max_hp_gain":0,"max_hp_loss":0,"event_name":"Duplicator","floor":20,"gold_loss":0,"cards_obtained":["Offering"]}],"is_beta":false,"boss_relics":[{"not_picked":["Fusion Hammer","Astrolabe"],"picked":"Black Star"}],"items_purged_floors":[5,22],"is_endless":false,"potions_floor_spawned":[1,8,12,14,18,28],"killed_by":"Shelled Parasite and Fungi","ascension_level":0}