{"gold_per_floor":[115,127,127,302,313,313,43,43,68,88,120,120,131,56,56,156,156,169,186,186],"floor_reached":20,"playtime":1002,"items_purged":["Doubt"],"score":191,"play_id":"440079a6-647c-443b-be74-fd17ef3c4b1f","local_time":"20190403011710","is_ascension_mode":true,"campfire_choices":[{"data":"Armaments","floor":6,"key":"SMITH"},{"data":"Bash","floor":8,"key":"SMITH"},{"data":"Inflame","floor":12,"key":"SMITH"},{"floor":15,"key":"REST"}],"neow_cost":"TEN_PERCENT_HP_LOSS","seed_source_timestamp":1220109065596938,"circlet_count":0,"master_deck":["Bash+1","Armaments+1","Spot Weakness","Headbutt","Inflame+1","Shrug It Off","Disarm","Reaper","Feed","Rampage","Brutality","Rupture","Dual Wield","Carnage","Iron Wave","Blood for Blood","Headbutt","Clash","Twin Strike+1"],"relics":["Burning Blood","Champion Belt","Blood Vial","Vajra","Regal Pillow","WingedGreaves","Pandora\u0027s Box"],"potions_floor_usage":[11,11,11,16,16,20,20,20],"damage_taken":[{"damage":6,"enemies":"Cultist","floor":1,"turns":4},{"damage":1,"enemies":"2 Louse","floor":2,"turns":3},{"damage":5,"enemies":"Jaw Worm","floor":5,"turns":6},{"damage":20,"enemies":"Large Slime","floor":10,"turns":6},{"damage":18,"enemies":"3 Sentries","floor":11,"turns":7},{"damage":9,"enemies":"Blue Slaver","floor":13,"turns":4},{"damage":62,"enemies":"Slime Boss","floor":16,"turns":9},{"damage":22,"enemies":"Spheric Guardian","floor":18,"turns":5},{"damage":52,"enemies":"3 Byrds","floor":19,"turns":5},{"damage":53,"enemies":"Masked Bandits","floor":20,"turns":4}],"seed_played":"-6764079494523090722","potions_obtained":[{"floor":2,"key":"EntropicBrew"},{"floor":5,"key":"PowerPotion"},{"floor":10,"key":"SmokeBomb"},{"floor":13,"key":"Ancient Potion"},{"floor":16,"key":"Fire Potion"},{"floor":19,"key":"Strength Potion"}],"is_trial":false,"path_per_floor":["M","M","?","?","M","R","$","R","T","M","E","R","M","$","R","B",null,"M","M","?"],"character_chosen":"IRONCLAD","items_purchased":["Inflame","Vajra","Shrug It Off"],"campfire_rested":1,"item_purchase_floors":[7,7,7],"current_hp_per_floor":[72,72,54,54,57,57,57,57,57,45,35,35,34,34,70,28,72,56,27,0],"gold":186,"neow_bonus":"ONE_RARE_RELIC","is_prod":false,"is_daily":false,"chose_seed":false,"campfire_upgraded":3,"win_rate":0,"timestamp":1554272230,"path_taken":["M","?","?","?","M","R","$","R","T","M","E","R","M","?","R","BOSS","M","M","?"],"build_version":"2019-01-23","purchased_purges":1,"victory":false,"max_hp_per_floor":[72,72,72,72,72,72,72,72,72,72,72,72,72,72,72,72,72,72,72,76],"card_choices":[{"not_picked":["Headbutt","Rage"],"picked":"Armaments","floor":1},{"not_picked":["Sentinel","Wild Strike"],"picked":"Spot Weakness","floor":2},{"not_picked":["Sword Boomerang","Anger"],"picked":"Headbutt","floor":5},{"not_picked":["Sword Boomerang","Anger"],"picked":"Disarm","floor":10},{"not_picked":["Evolve","Wild Strike"],"picked":"Reaper","floor":11},{"not_picked":["Havoc","Disarm","Combust"],"picked":"SKIP","floor":13},{"not_picked":["Double Tap","Berserk"],"picked":"Feed","floor":16},{"not_picked":["Warcry+1","Hemokinesis","Sever Soul"],"picked":"SKIP","floor":18},{"not_picked":["Clothesline+1","Anger"],"picked":"Twin Strike+1","floor":19}],"player_experience":206516,"relics_obtained":[{"floor":9,"key":"Regal Pillow"},{"floor":11,"key":"WingedGreaves"}],"event_choices":[{"damage_healed":0,"gold_gain":0,"player_choice":"Success","damage_taken":18,"relics_obtained":["Blood Vial"],"max_hp_gain":0,"max_hp_loss":0,"event_name":"Scrap Ooze","floor":3,"gold_loss":0},{"damage_healed":0,"gold_gain":175,"player_choice":"AGREE","damage_taken":0,"max_hp_gain":0,"max_hp_loss":0,"event_name":"Liars Game","floor":4,"gold_loss":0,"cards_obtained":["Doubt"]},{"damage_healed":0,"gold_gain":0,"player_choice":"Fought Bandits","damage_taken":0,"max_hp_gain":0,"max_hp_loss":0,"event_name":"Masked Bandits","floor":20,"gold_loss":0}],"is_beta":false,"boss_relics":[{"not_picked":["Fusion Hammer","Tiny House"],"picked":"Pandora\u0027s Box"}],"items_purged_floors":[14],"is_endless":false,"potions_floor_spawned":[2,5,10,13,16,19],"killed_by":"Masked Bandits","ascension_level":2}