{"gold_per_floor":[211,211,224,244,265,265,306,4,4,42,42,58,58,233,233,364,364,385,406,406,406,326,326,326],"floor_reached":24,"playtime":1860,"items_purged":["Injury","Regret"],"score":224,"play_id":"cae305d8-d77f-4890-a19c-e3ffce6f64b7","local_time":"20190410213353","is_ascension_mode":true,"campfire_choices":[{"data":"Neutralize","floor":6.0,"key":"SMITH"},{"floor":11.0,"key":"REST"},{"floor":13.0,"key":"REST"},{"data":"Footwork","floor":15.0,"key":"SMITH"},{"floor":23,"key":"REST"}],"neow_cost":"NONE","seed_source_timestamp":0,"circlet_count":0,"master_deck":["Defend_G","Defend_G","Defend_G","Defend_G","Defend_G","Strike_G","Strike_G","Strike_G","Strike_G","Strike_G","Survivor","Neutralize+1","Blade Dance","Footwork+1","All Out Attack","Dash","Catalyst","Escape Plan","Deflect","Doubt","Burst","Regret","Clumsy","PiercingWail","Cloak And Dagger","Malaise"],"special_seed":0,"relics":["Ring of the Snake","Golden Idol","The Courier","Regal Pillow","Du-Vu Doll","The Specimen","Calling Bell","Strawberry","Paper Crane","Ice Cream"],"potions_floor_usage":[19,19],"damage_taken":[{"damage":0.0,"enemies":"2 Louse","floor":1.0,"turns":4.0},{"damage":7.0,"enemies":"Jaw Worm","floor":3.0,"turns":7.0},{"damage":5.0,"enemies":"Small Slimes","floor":4.0,"turns":5.0},{"damage":1.0,"enemies":"Blue Slaver","floor":5.0,"turns":5.0},{"damage":21.0,"enemies":"Lagavulin","floor":7.0,"turns":12.0},{"damage":15.0,"enemies":"3 Sentries","floor":10.0,"turns":9.0},{"damage":12.0,"enemies":"2 Fungi Beasts","floor":12.0,"turns":3.0},{"damage":61.0,"enemies":"Slime Boss","floor":16.0,"turns":20.0},{"damage":22,"enemies":"Chosen","floor":18,"turns":7},{"damage":21,"enemies":"Spheric Guardian","floor":19,"turns":6},{"damage":74,"enemies":"Book of Stabbing","floor":24,"turns":13}],"seed_played":"-3109746764858268600","potions_obtained":[{"floor":4.0,"key":"SkillPotion"},{"floor":7.0,"key":"Weak Potion"},{"floor":10.0,"key":"Regen Potion"},{"floor":18,"key":"SpeedPotion"}],"is_trial":false,"path_per_floor":["?","?","?","?"],"character_chosen":"THE_SILENT","items_purchased":["GhostInAJar","Regal Pillow","Catalyst"],"campfire_rested":3,"item_purchase_floors":[8,8,8],"current_hp_per_floor":[70,70,63,58,57,57,36,36,36,21,57,45,70,70,70,9,77,55,34,34,34,34,72,0],"gold":326,"neow_bonus":"HUNDRED_GOLD","is_prod":false,"is_daily":false,"chose_seed":false,"campfire_upgraded":2,"win_rate":0,"timestamp":1554946433,"path_taken":["M","?","M","M","M","R","E","$","T","E","R","M","R","?","R","BOSS","M","M","?","?","$","R","E"],"build_version":"2019-01-23","purchased_purges":2,"victory":false,"max_hp_per_floor":[70,70,70,70,70,70,70,70,70,70,70,70,70,70,70,70,77,77,77,77,77,77,77,77],"card_choices":[{"not_picked":["Dagger Spray","Blur"],"picked":"Blade Dance","floor":1.0},{"not_picked":["Flying Knee","Underhanded Strike"],"picked":"Footwork","floor":3.0},{"not_picked":["Flying Knee","Slice","Bane"],"picked":"SKIP","floor":4.0},{"not_picked":["Crippling Poison","Heel Hook"],"picked":"All Out Attack","floor":5.0},{"not_picked":["Tools of the Trade","PiercingWail"],"picked":"Dash","floor":7.0},{"not_picked":["Riddle With Holes","Quick Slash"],"picked":"Escape Plan","floor":10.0},{"not_picked":["Sucker Punch","Bouncing Flask"],"picked":"Deflect","floor":12.0},{"not_picked":["Adrenaline","Tools of the Trade"],"picked":"Burst","floor":16.0},{"not_picked":["Slice","Setup"],"picked":"PiercingWail","floor":18},{"not_picked":["Backflip","Flying Knee"],"picked":"Cloak And Dagger","floor":19}],"player_experience":117425,"relics_obtained":[{"floor":7.0,"key":"The Courier"},{"floor":9.0,"key":"Du-Vu Doll"},{"floor":10.0,"key":"The Specimen"},{"floor":17,"key":"Strawberry"},{"floor":17,"key":"Paper Crane"},{"floor":17,"key":"Ice Cream"}],"event_choices":[{"damage_healed":0.0,"max_hp_gain":0.0,"max_hp_loss":0.0,"gold_gain":0.0,"event_name":"Golden Idol","player_choice":"Take Wound","floor":2.0,"gold_loss":0.0,"damage_taken":0.0,"relics_obtained":["Golden Idol"],"cards_obtained":["Injury"]},{"damage_healed":0.0,"max_hp_gain":0.0,"max_hp_loss":0.0,"gold_gain":175.0,"event_name":"Liars Game","player_choice":"AGREE","floor":14.0,"gold_loss":0.0,"damage_taken":0.0,"cards_obtained":["Doubt"]},{"damage_healed":0,"gold_gain":0,"player_choice":"Read","damage_taken":0,"max_hp_gain":0,"max_hp_loss":0,"event_name":"The Library","floor":20,"gold_loss":0,"cards_obtained":["Malaise"]},{"damage_healed":0,"gold_gain":0,"player_choice":"Ignored","damage_taken":0,"max_hp_gain":0,"max_hp_loss":0,"event_name":"Vampires","floor":21,"gold_loss":0}],"is_beta":false,"boss_relics":[{"not_picked":["Pandora\u0027s Box","Runic Pyramid"],"picked":"Calling Bell"}],"items_purged_floors":[8,22],"is_endless":false,"potions_floor_spawned":[4,7,10,12,18],"killed_by":"Book of Stabbing","ascension_level":2}