{"path_per_floor":["M","$","M","M","$","R","?","R","T","$","E","M","E","?","R","B",null,"M","M","?","$","?","E","R","M","T","E","R","M","R","$","R","B",null,"M","?","?","M","M","R","$","R","T","R","M","R","?","M","R","B"],"character_chosen":"DEFECT","items_purchased":["Capacitor","Sweeping Beam","Cold Snap","Defragment","Capacitor"],"gold_per_floor":[116,43,56,74,21,21,0,0,0,0,30,44,78,28,28,124,124,143,155,155,8,8,43,43,59,85,120,120,140,140,40,40,144,144,161,161,161,180,193,193,23,23,47,47,67,67,67,77,77,77],"floor_reached":51,"campfire_rested":5,"playtime":3622,"item_purchase_floors":[2,2,5,21,41],"current_hp_per_floor":[67,67,67,58,58,58,58,58,58,58,54,47,21,21,21,20,61,59,42,42,42,34,25,42,27,27,5,22,36,36,36,53,39,53,38,38,38,17,29,46,46,46,46,46,26,43,43,57,57,14],"items_purged":["Bite","Bite","Dualcast"],"gold":77,"score":962,"play_id":"d5eef5d9-31e4-4bdd-83c4-fa6328a0d49f","local_time":"20180525191932","is_prod":false,"is_daily":false,"chose_seed":false,"is_ascension_mode":true,"campfire_upgraded":7,"win_rate":0,"timestamp":1527268772,"campfire_choices":[{"data":"Sweeping Beam","floor":6,"key":"SMITH"},{"data":"Zap","floor":8,"key":"SMITH"},{"data":"Machine Learning","floor":15,"key":"SMITH"},{"floor":24,"key":"REST"},{"floor":28,"key":"REST"},{"data":"Creative AI","floor":30,"key":"SMITH"},{"floor":32,"key":"REST"},{"floor":40,"key":"REST"},{"data":"Defragment","floor":42,"key":"SMITH"},{"data":"Capacitor","floor":44,"key":"SMITH"},{"floor":46,"key":"REST"},{"data":"Capacitor","floor":49,"key":"SMITH"}],"path_taken":["M","$","?","M","$","R","?","R","T","?","E","?","E","?","R","BOSS","M","M","?","$","?","E","R","M","T","E","R","?","R","?","R","BOSS","M","?","?","M","M","R","$","R","T","R","M","R","?","?","R","BOSS"],"build_version":"2018-05-24","seed_source_timestamp":536103335204974,"purchased_purges":3,"victory":true,"master_deck":["Defend_B","Defend_B+1","Defend_B","Defend_B","Zap+1","AscendersBane","Machine Learning+1","Ball Lightning","Capacitor+1","Sweeping Beam+1","Beam Cell","Glacier+1","Cold Snap","Melter","Hologram","Echo Form","Creative AI+1","Defragment+1","Bite","Bite","Bite","Defragment+1","Reboot","Seek","Coolheaded+1","Defragment+1","Capacitor+1"],"max_hp_per_floor":[75,75,75,75,75,75,75,75,75,75,75,75,75,75,75,75,75,75,75,52,52,57,57,57,57,57,57,57,57,57,57,57,57,57,57,57,57,57,57,57,57,57,57,57,57,57,57,57,57,57],"relics":["Cracked Core","Toolbox","Ornamental Fan","Ancient Tea Set","Nuclear Battery","Ginger","Potion Belt","War Paint","Velvet Choker","Bag of Preparation"],"card_choices":[{"not_picked":["Coolheaded","Beam Cell"],"picked":"Ball Lightning","floor":1},{"not_picked":["Steam","Rebound"],"picked":"Beam Cell","floor":3},{"not_picked":["Cold Snap","Scrape"],"picked":"Glacier","floor":4},{"not_picked":["Stack","Leap"],"picked":"Melter","floor":11},{"not_picked":["Reprogram","Streamline"],"picked":"Hologram","floor":12},{"not_picked":["Aggregate","Compile Driver"],"picked":"Echo Form","floor":13},{"not_picked":["Seek","Buffer"],"picked":"Creative AI","floor":16},{"not_picked":["Stack","Go for the Eyes"],"picked":"Beam Cell+1","floor":18},{"not_picked":["Compile Driver","Hologram"],"picked":"Defragment+1","floor":19},{"not_picked":["Meteor Strike","All For One","Cold Snap"],"picked":"SKIP","floor":23},{"not_picked":["Lockon","Steam Power","Ball Lightning+1"],"picked":"SKIP","floor":25},{"not_picked":["Rip and Tear","Auto Shields"],"picked":"Reboot","floor":27},{"not_picked":["Compile Driver","Streamline","Leap"],"picked":"SKIP","floor":29},{"not_picked":["Meteor Strike","Buffer"],"picked":"Seek","floor":33},{"not_picked":["Rebound","Go for the Eyes+1","Sweeping Beam+1"],"picked":"SKIP","floor":35},{"not_picked":["Beam Cell","Hologram+1"],"picked":"Coolheaded+1","floor":38},{"not_picked":["Scrape+1","Tempest"],"picked":"Defragment+1","floor":39},{"not_picked":["Sweeping Beam","Reprogram","Undo"],"picked":"SKIP","floor":45},{"not_picked":["Lockon","Coolheaded","Consume"],"picked":"SKIP","floor":48}],"player_experience":120405,"potions_floor_usage":[18,27,29,38,50,50,50,50],"damage_taken":[{"damage":1,"enemies":"Cultist","floor":1,"turns":3},{"damage":0,"enemies":"2 Louse","floor":3,"turns":1},{"damage":9,"enemies":"Jaw Worm","floor":4,"turns":3},{"damage":4,"enemies":"3 Sentries","floor":11,"turns":6},{"damage":7,"enemies":"Lots of Slimes","floor":12,"turns":4},{"damage":26,"enemies":"Gremlin Nob","floor":13,"turns":4},{"damage":1,"enemies":"Hexaghost","floor":16,"turns":8},{"damage":2,"enemies":"2 Thieves","floor":18,"turns":3},{"damage":17,"enemies":"Shell Parasite","floor":19,"turns":5},{"damage":33,"enemies":"Gremlin Leader","floor":23,"turns":11},{"damage":23,"enemies":"Snake Plant","floor":25,"turns":6},{"damage":28,"enemies":"Book of Stabbing","floor":27,"turns":5},{"damage":13,"enemies":"Snecko","floor":29,"turns":25},{"damage":44,"enemies":"Automaton","floor":33,"turns":13},{"damage":21,"enemies":"Orb Walker","floor":35,"turns":6},{"damage":27,"enemies":"Flame Bruiser 1 Orb","floor":38,"turns":8},{"damage":0,"enemies":"Sphere and 2 Shapes","floor":39,"turns":5},{"damage":32,"enemies":"4 Shapes","floor":45,"turns":8},{"damage":0,"enemies":"Flame Bruiser 2 Orb","floor":48,"turns":9},{"damage":43,"enemies":"Time Eater","floor":50,"turns":22}],"relics_obtained":[{"floor":9,"key":"Toolbox"},{"floor":11,"key":"Ornamental Fan"},{"floor":13,"key":"Ancient Tea Set"},{"floor":23,"key":"Ginger"},{"floor":26,"key":"Potion Belt"},{"floor":27,"key":"War Paint"},{"floor":43,"key":"Bag of Preparation"}],"event_choices":[{"event_name":"World of Goop","player_choice":"Left","floor":7,"damage_taken":0},{"event_name":"The Cleric","player_choice":"Card Removal","floor":14,"damage_taken":0},{"event_name":"Vampires","player_choice":"Became a vampire","floor":20,"damage_taken":0},{"event_name":"Forgotten Altar","player_choice":"Shed Blood","floor":22,"damage_taken":0},{"event_name":"Tomb of Lord Red Mask","player_choice":"Ignored","floor":37,"damage_taken":0},{"event_name":"SensoryStone","player_choice":"Memory 1","floor":47,"damage_taken":0}],"boss_relics":[{"not_picked":["Eternal Feather","Lizard Tail"],"picked":"Nuclear Battery"},{"not_picked":["Tiny House","Orrery"],"picked":"Velvet Choker"}],"items_purged_floors":[21,31,41],"potions_floor_spawned":[3,13,16,23,27,29,35,39,48],"seed_played":"-8069441614714128132","ascension_level":10,"potions_obtained":[{"floor":3,"key":"SpeedPotion"},{"floor":13,"key":"Explosive Potion"},{"floor":16,"key":"AttackPotion"},{"floor":23,"key":"FocusPotion"},{"floor":27,"key":"Regen Potion"},{"floor":29,"key":"Swift Potion"},{"floor":35,"key":"FearPotion"},{"floor":39,"key":"AttackPotion"},{"floor":48,"key":"Dexterity Potion"}],"is_trial":false}