{"gold_per_floor":[117,134,152,169,73,104,104,27,27,56,56,89,114,148,148,148],"floor_reached":16,"playtime":1374,"items_purged":[],"score":256,"play_id":"d6113dfb-e0cf-478c-b3cf-bf656cc6f4ce","local_time":"20190116223807","is_ascension_mode":true,"campfire_choices":[{"data":"Melter","floor":7,"key":"SMITH"},{"data":"Go for the Eyes","floor":11,"key":"SMITH"},{"data":"Coolheaded","floor":15,"key":"SMITH"}],"neow_cost":"NONE","seed_source_timestamp":553942817109333,"circlet_count":0,"master_deck":["AscendersBane","Strike_B","Strike_B","Strike_B","Strike_B","Defend_B","Defend_B","Defend_B","Defend_B","Zap","Dualcast","Self Repair","Undo","Go for the Eyes+1","Melter+1","Compile Driver","FTL","Coolheaded+1","Barrage","Cold Snap","Creative AI"],"relics":["Cracked Core","Turnip","Question Card","Blood Vial","Odd Mushroom","Bottled Lightning"],"potions_floor_usage":[6,12,13],"damage_taken":[{"damage":12,"enemies":"Jaw Worm","floor":1,"turns":3},{"damage":0,"enemies":"2 Louse","floor":2,"turns":3},{"damage":0,"enemies":"Small Slimes","floor":3,"turns":5},{"damage":5,"enemies":"2 Fungi Beasts","floor":4,"turns":5},{"damage":22,"enemies":"3 Sentries","floor":6,"turns":8},{"damage":17,"enemies":"Lagavulin","floor":10,"turns":7},{"damage":11,"enemies":"Gremlin Nob","floor":12,"turns":3},{"damage":20,"enemies":"The Mushroom Lair","floor":13,"turns":6},{"damage":24,"enemies":"Lagavulin","floor":14,"turns":8},{"damage":23,"enemies":"Hexaghost","floor":16,"turns":11}],"seed_played":"-1698442568551025164","potions_obtained":[{"floor":3,"key":"Energy Potion"},{"floor":10,"key":"Swift Potion"},{"floor":12,"key":"Regen Potion"}],"is_trial":false,"path_per_floor":["M","M","M","M","$","E","R","$","T","E","R","E","?","E","R","B"],"character_chosen":"DEFECT","items_purchased":["Melter","Compile Driver","FTL"],"campfire_rested":0,"item_purchase_floors":[5,5,8],"current_hp_per_floor":[59,66,73,75,75,53,53,53,53,43,43,32,36,21,21,0],"gold":148,"neow_bonus":"TEN_PERCENT_HP_BONUS","is_prod":false,"is_daily":false,"chose_seed":false,"campfire_upgraded":3,"win_rate":0,"timestamp":1547674687,"path_taken":["M","M","M","M","$","E","R","$","T","E","R","E","?","E","R","BOSS"],"build_version":"2019-01-10","purchased_purges":0,"victory":false,"max_hp_per_floor":[78,78,78,78,78,78,78,78,78,78,78,78,78,78,78,78],"card_choices":[{"not_picked":["Steam","Redo"],"picked":"Self Repair","floor":1},{"not_picked":["Beam Cell","Reprogram"],"picked":"Undo","floor":2},{"not_picked":["Rebound","Redo","Barrage"],"picked":"SKIP","floor":3},{"not_picked":["Steam Power","Double Energy"],"picked":"Go for the Eyes","floor":4},{"not_picked":["Hello World","Leap","Beam Cell"],"picked":"SKIP","floor":6},{"not_picked":["Hello World","Leap","Beam Cell"],"picked":"SKIP","floor":6},{"not_picked":["Thunder Strike","Aggregate","Gash"],"picked":"Coolheaded","floor":10},{"not_picked":["Recycle","Capacitor","Blizzard"],"picked":"Barrage","floor":12},{"not_picked":["Turbo","Conserve Battery","Beam Cell"],"picked":"Cold Snap","floor":13},{"not_picked":["Compile Driver","Cold Snap","Force Field"],"picked":"Creative AI","floor":14}],"player_experience":455520,"relics_obtained":[{"floor":6,"key":"Turnip"},{"floor":9,"key":"Question Card"},{"floor":12,"key":"Blood Vial"},{"floor":13,"key":"Odd Mushroom"},{"floor":14,"key":"Bottled Lightning"}],"event_choices":[{"damage_healed":0,"gold_gain":0,"player_choice":"Fought Mushrooms","damage_taken":0,"max_hp_gain":0,"max_hp_loss":0,"event_name":"Mushrooms","floor":13,"gold_loss":0}],"is_beta":false,"boss_relics":[],"items_purged_floors":[],"is_endless":false,"potions_floor_spawned":[3,10,12],"killed_by":"Hexaghost","ascension_level":20}