{"gold_per_floor":[363,380,396,412,31,41,76,76,76,101,101,133,16,30,30,109,109,123,123,48,63,63,63,76,76,129,161,161,161,161,161,161,161],"floor_reached":33,"playtime":1606,"items_purged":[],"score":566,"play_id":"707b58c4-5007-4186-a486-a19ade9ae4ef","local_time":"20190120234105","is_ascension_mode":true,"campfire_choices":[{"floor":8.0,"key":"REST"},{"floor":11.0,"key":"REST"},{"data":"Capacitor","floor":15.0,"key":"SMITH"},{"data":"Seek","floor":23,"key":"SMITH"},{"floor":25,"key":"REST"},{"floor":29,"key":"REST"},{"data":"Defragment","floor":32,"key":"SMITH"}],"neow_cost":"TEN_PERCENT_HP_LOSS","seed_source_timestamp":902948373088426,"circlet_count":0,"master_deck":["AscendersBane","Strike_B","Strike_B","Strike_B","Strike_B","Defend_B","Defend_B","Defend_B","Defend_B","Zap","Dualcast","Lockon","Tempest","Ball Lightning","Genetic Algorithm","Biased Cognition","Defragment+1","Conserve Battery","Capacitor+1","Seek+1","Coolheaded","Loop","BootSequence","Cold Snap","Glacier"],"special_seed":0,"relics":["Cracked Core","Lee\u0027s Waffle","Lantern","Du-Vu Doll","Kunai","Symbiotic Virus","Mummified Hand","Sozu","Pen Nib","Centennial Puzzle"],"potions_floor_usage":[21],"damage_taken":[{"damage":2.0,"enemies":"Cultist","floor":1.0,"turns":4.0},{"damage":7.0,"enemies":"Small Slimes","floor":2.0,"turns":3.0},{"damage":6.0,"enemies":"2 Louse","floor":3.0,"turns":3.0},{"damage":26.0,"enemies":"Exordium Wildlife","floor":4.0,"turns":4.0},{"damage":16.0,"enemies":"3 Louse","floor":6.0,"turns":2.0},{"damage":29.0,"enemies":"3 Sentries","floor":7.0,"turns":7.0},{"damage":29.0,"enemies":"Lagavulin","floor":10.0,"turns":5.0},{"damage":11.0,"enemies":"Gremlin Nob","floor":12.0,"turns":3.0},{"damage":0.0,"enemies":"2 Fungi Beasts","floor":14.0,"turns":3.0},{"damage":22.0,"enemies":"Hexaghost","floor":16.0,"turns":9.0},{"damage":10.0,"enemies":"2 Thieves","floor":18.0,"turns":3.0},{"damage":17,"enemies":"Shell Parasite","floor":21,"turns":5},{"damage":22,"enemies":"3 Cultists","floor":24,"turns":4},{"damage":14,"enemies":"Slavers","floor":27,"turns":6},{"damage":65,"enemies":"Automaton","floor":33,"turns":10}],"seed_played":"3986622848721074537","potions_obtained":[{"floor":1.0,"key":"Dexterity Potion"},{"floor":2.0,"key":"GamblersBrew"},{"floor":12.0,"key":"FearPotion"},{"floor":14.0,"key":"EssenceOfSteel"},{"floor":16.0,"key":"GamblersBrew"}],"is_trial":false,"path_per_floor":["M","M","M","M","$","M","E","R","T","E","R","E","$","M","R","B",null,"M","?","$","M","$","R","M","R","T","E","?","R","?","?","R","B"],"character_chosen":"DEFECT","items_purchased":["Lee\u0027s Waffle","Lantern","Defragment","Conserve Battery","Loop"],"campfire_rested":4,"item_purchase_floors":[5,5,13,13,20],"current_hp_per_floor":[62,55,49,23,71,55,26,47,47,18,39,28,28,28,28,6,55,45,41,41,24,24,24,2,23,23,9,9,30,44,44,44,0],"gold":161,"neow_bonus":"TWO_FIFTY_GOLD","is_prod":false,"is_daily":false,"chose_seed":false,"campfire_upgraded":3,"win_rate":0,"timestamp":1548024065,"path_taken":["M","M","?","M","$","M","E","R","T","E","R","E","$","M","R","BOSS","M","?","$","?","$","R","M","R","T","E","?","R","?","?","R","BOSS"],"build_version":"2019-01-19","purchased_purges":0,"victory":false,"max_hp_per_floor":[64,64,64,64,71,71,71,71,71,71,71,71,71,71,71,71,71,71,71,71,71,71,71,71,71,71,71,71,71,71,71,71,71],"card_choices":[{"not_picked":["Hello World","Hologram"],"picked":"Lockon","floor":1.0},{"not_picked":["Fusion","Storm"],"picked":"Tempest","floor":2.0},{"not_picked":["Redo","Stack","Go for the Eyes"],"picked":"SKIP","floor":3.0},{"not_picked":["Leap","Hologram"],"picked":"Ball Lightning","floor":4.0},{"not_picked":["Ball Lightning","Cold Snap"],"picked":"Genetic Algorithm","floor":6.0},{"not_picked":["Creative AI","Barrage","Reprogram"],"picked":"SKIP","floor":7.0},{"not_picked":["Hello World","Barrage","Heatsinks"],"picked":"SKIP","floor":10.0},{"not_picked":["Meteor Strike","Sweeping Beam"],"picked":"Biased Cognition","floor":12.0},{"not_picked":["Conserve Battery","Stack"],"picked":"Capacitor","floor":14.0},{"not_picked":["Reboot","Echo Form"],"picked":"Seek","floor":16.0},{"not_picked":["Conserve Battery","Streamline+1"],"picked":"Coolheaded","floor":18.0},{"not_picked":["Aggregate","Redo"],"picked":"BootSequence","floor":21},{"not_picked":["Blizzard","Leap"],"picked":"Cold Snap","floor":24},{"not_picked":["Auto Shields","Gash"],"picked":"Glacier","floor":27}],"player_experience":580805,"relics_obtained":[{"floor":7.0,"key":"Du-Vu Doll"},{"floor":9.0,"key":"Kunai"},{"floor":10.0,"key":"Symbiotic Virus"},{"floor":12.0,"key":"Mummified Hand"},{"floor":26,"key":"Pen Nib"},{"floor":27,"key":"Centennial Puzzle"}],"event_choices":[{"damage_healed":0.0,"max_hp_gain":0.0,"max_hp_loss":0.0,"gold_gain":0.0,"event_name":"The Woman in Blue","player_choice":"Bought 0 Potions","floor":19.0,"gold_loss":0.0,"damage_taken":0.0},{"damage_healed":0,"gold_gain":0,"player_choice":"Smashed Altar","damage_taken":0,"max_hp_gain":0,"max_hp_loss":0,"event_name":"Forgotten Altar","floor":28,"gold_loss":0,"cards_obtained":["Decay"]},{"damage_healed":14,"gold_gain":0,"player_choice":"Heal","damage_taken":0,"max_hp_gain":0,"max_hp_loss":0,"event_name":"The Library","floor":30,"gold_loss":0},{"cards_removed":["Decay"],"damage_healed":0,"gold_gain":0,"player_choice":"Elegance","damage_taken":0,"max_hp_gain":0,"max_hp_loss":0,"event_name":"Back to Basics","floor":31,"gold_loss":0}],"is_beta":true,"boss_relics":[{"not_picked":["Black Star","Tiny House"],"picked":"Sozu"}],"items_purged_floors":[],"is_endless":false,"potions_floor_spawned":[1,2,12,14,16,18,24],"killed_by":"Automaton","ascension_level":20}