{"gold_per_floor":[115,190,205,205,205,205,34,34,61,96,117,147,173,173,173,304,304,328,349,264,284,53,53,91,91,118,78,98,48,87,111,111,231,261,282,282,282,305,255,255,273,296,296,246,265,265,290,310,310,310],"floor_reached":50,"playtime":7654,"items_purged":["Injury","Strike_R","Strike_R","Pain","Shame"],"score":611,"play_id":"a643a741-ea22-4f84-a3a1-7bd6b04a1a5d","local_time":"20190412163419","is_ascension_mode":true,"campfire_choices":[{"floor":6,"key":"RECALL"},{"floor":8,"key":"REST"},{"floor":15,"key":"REST"},{"data":"Flame Barrier","floor":23,"key":"SMITH"},{"data":"Uppercut","floor":32,"key":"SMITH"},{"floor":46,"key":"REST"},{"floor":49,"key":"REST"}],"neow_cost":"NONE","seed_source_timestamp":165037616629,"circlet_count":0,"master_deck":["Strike_R","Defend_R","Defend_R+1","Defend_R","Defend_R","Bash","Twin Strike+1","Metallicize","Trip","Headbutt","Flame Barrier+1","Reaper","Inflame","Armaments+1","Battle Trance+1","Ghostly Armor","Uppercut+1","Second Wind","Uppercut+1","Body Slam+1","Juggernaut","Injury","Clumsy","Metallicize","Spot Weakness","Decay","Bludgeon","Pommel Strike+1","Shrug It Off"],"relics":["Burning Blood","Potion Belt","Golden Idol","Bottled Flame","Odd Mushroom","Anchor","Cursed Key","Darkstone Periapt","Smiling Mask","Art of War","Mummified Hand","Calling Bell","Tiny Chest","Matryoshka","Champion Belt","Omamori","Kunai"],"potions_floor_usage":[16,18,27,40,41,50,50],"damage_taken":[{"damage":5,"enemies":"2 Louse","floor":1,"turns":3},{"damage":4,"enemies":"Jaw Worm","floor":3,"turns":4},{"damage":36,"enemies":"3 Sentries","floor":10,"turns":15},{"damage":12,"enemies":"Small Slimes","floor":11,"turns":2},{"damage":22,"enemies":"The Mushroom Lair","floor":13,"turns":4},{"damage":49,"enemies":"The Guardian","floor":16,"turns":13},{"damage":26,"enemies":"Spheric Guardian","floor":18,"turns":6},{"damage":11,"enemies":"3 Byrds","floor":19,"turns":4},{"damage":3,"enemies":"Centurion and Healer","floor":21,"turns":7},{"damage":29,"enemies":"Slavers","floor":24,"turns":8},{"damage":2,"enemies":"Cultist and Chosen","floor":28,"turns":7},{"damage":30,"enemies":"Book of Stabbing","floor":30,"turns":7},{"damage":0,"enemies":"3 Cultists","floor":31,"turns":5},{"damage":69,"enemies":"Automaton","floor":33,"turns":12},{"damage":15,"enemies":"3 Shapes","floor":35,"turns":7},{"damage":57,"enemies":"3 Darklings","floor":38,"turns":8},{"damage":26,"enemies":"Giant Head","floor":40,"turns":9},{"damage":24,"enemies":"Transient","floor":41,"turns":5},{"damage":13,"enemies":"4 Shapes","floor":42,"turns":7},{"damage":25,"enemies":"Writhing Mass","floor":45,"turns":6},{"damage":38,"enemies":"3 Darklings","floor":47,"turns":9},{"damage":28,"enemies":"Sphere and 2 Shapes","floor":48,"turns":7},{"damage":87,"enemies":"Donu and Deca","floor":50,"turns":9}],"seed_played":"-8598207828393234761","potions_obtained":[{"floor":11,"key":"Weak Potion"},{"floor":16,"key":"SkillPotion"},{"floor":21,"key":"SpeedPotion"},{"floor":27,"key":"BloodPotion"},{"floor":27,"key":"SmokeBomb"},{"floor":27,"key":"Fruit Juice"},{"floor":33,"key":"SkillPotion"},{"floor":45,"key":"Fire Potion"},{"floor":47,"key":"Strength Potion"}],"is_trial":false,"path_per_floor":["?","?","?","?","?","T","?","?","?","M","?","?"],"character_chosen":"IRONCLAD","items_purchased":["Trip","Ghostly Armor","Dexterity Potion"],"campfire_rested":4,"item_purchase_floors":[7,22,22],"current_hp_per_floor":[80,69,71,55,55,55,55,79,79,49,43,43,27,27,51,8,80,60,56,56,68,68,68,57,57,63,68,82,82,62,85,85,34,109,100,100,100,60,60,40,31,37,43,43,24,58,26,14,48,0],"gold":310,"neow_bonus":"RANDOM_COMMON_RELIC","is_prod":false,"is_daily":false,"chose_seed":false,"campfire_upgraded":2,"win_rate":0,"timestamp":1555101259,"path_taken":["M","?","M","?","?","R","$","R","T","E","M","?","?","?","R","BOSS","M","M","?","M","$","R","E","?","T","?","?","$","E","M","R","BOSS","M","?","?","M","$","E","M","M","T","$","M","R","M","M","R","BOSS"],"build_version":"2019-01-23","purchased_purges":5,"victory":false,"max_hp_per_floor":[80,80,80,80,80,80,80,80,80,80,80,80,80,80,80,80,80,80,80,80,80,80,80,80,80,86,91,91,91,91,91,91,91,109,109,109,109,109,109,109,109,109,115,115,115,115,115,115,115,115],"card_choices":[{"not_picked":["Dropkick","Seeing Red"],"picked":"Twin Strike","floor":1},{"not_picked":["Evolve","Wild Strike"],"picked":"Metallicize","floor":3},{"not_picked":["Feel No Pain","Immolate"],"picked":"Headbutt","floor":10},{"not_picked":["Warcry","Burning Pact","Iron Wave"],"picked":"SKIP","floor":11},{"not_picked":["Havoc","Clothesline"],"picked":"Flame Barrier","floor":13},{"not_picked":["Brutality","Dark Embrace"],"picked":"Reaper","floor":16},{"not_picked":["Clothesline","Dual Wield+1"],"picked":"Inflame","floor":18},{"not_picked":["Twin Strike+1","Feel No Pain+1"],"picked":"Armaments+1","floor":19},{"not_picked":["True Grit","Infernal Blade"],"picked":"Battle Trance+1","floor":21},{"not_picked":["Feel No Pain","Armaments","Second Wind+1"],"picked":"SKIP","floor":24},{"not_picked":["Power Through","Fire Breathing"],"picked":"Uppercut+1","floor":28},{"not_picked":["Sentinel","Wild Strike","Havoc"],"picked":"SKIP","floor":30},{"not_picked":["Sever Soul","Thunderclap"],"picked":"Body Slam+1","floor":31},{"not_picked":["Brutality","Bludgeon"],"picked":"Juggernaut","floor":33},{"not_picked":["Anger","Thunderclap+1"],"picked":"Flex+1","floor":35},{"not_picked":["Reckless Charge","Searing Blow+1","Heavy Blade+1"],"picked":"SKIP","floor":38},{"not_picked":["Anger","Body Slam"],"picked":"Metallicize","floor":41},{"not_picked":["Fire Breathing","Perfected Strike"],"picked":"Spot Weakness","floor":42},{"not_picked":["Clash","Power Through+1"],"picked":"Bludgeon","floor":45},{"not_picked":["Armaments","Rupture"],"picked":"Pommel Strike+1","floor":47},{"not_picked":["Sword Boomerang+1","Clash"],"picked":"Shrug It Off","floor":48}],"player_experience":126937,"relics_obtained":[{"floor":10,"key":"Bottled Flame"},{"floor":13,"key":"Odd Mushroom"},{"floor":14,"key":"Anchor"},{"floor":24,"key":"Smiling Mask"},{"floor":26,"key":"Art of War"},{"floor":30,"key":"Mummified Hand"},{"floor":34,"key":"Tiny Chest"},{"floor":34,"key":"Matryoshka"},{"floor":34,"key":"Champion Belt"},{"floor":43,"key":"Omamori"},{"floor":43,"key":"Kunai"}],"event_choices":[{"damage_healed":0,"gold_gain":75,"player_choice":"Gather Gold","damage_taken":11,"max_hp_gain":0,"max_hp_loss":0,"event_name":"World of Goop","floor":2,"gold_loss":0},{"damage_healed":0,"gold_gain":0,"player_choice":"Entered Light","damage_taken":16,"max_hp_gain":0,"max_hp_loss":0,"event_name":"Shining Light","floor":4,"gold_loss":0,"cards_upgraded":["Twin Strike","Defend_R"]},{"damage_healed":0,"gold_gain":0,"player_choice":"Take Wound","damage_taken":0,"relics_obtained":["Golden Idol"],"max_hp_gain":0,"max_hp_loss":0,"event_name":"Golden Idol","floor":5,"gold_loss":0,"cards_obtained":["Injury"]},{"damage_healed":0,"gold_gain":30,"player_choice":"Searched \u00272\u0027 times","damage_taken":0,"max_hp_gain":0,"max_hp_loss":0,"event_name":"Dead Adventurer","floor":12,"gold_loss":0},{"damage_healed":0,"gold_gain":0,"player_choice":"Fought Mushrooms","damage_taken":0,"max_hp_gain":0,"max_hp_loss":0,"event_name":"Mushrooms","floor":13,"gold_loss":0},{"damage_healed":0,"gold_gain":0,"player_choice":"Obtained Relic","damage_taken":0,"relics_obtained":["Darkstone Periapt"],"max_hp_gain":0,"max_hp_loss":0,"event_name":"Addict","floor":20,"gold_loss":85},{"damage_healed":0,"gold_gain":0,"cards_transformed":["Strike_R","Strike_R"],"player_choice":"Became Test Subject","damage_taken":0,"max_hp_gain":0,"max_hp_loss":0,"event_name":"Drug Dealer","floor":25,"gold_loss":0,"cards_obtained":["Uppercut","Second Wind"]},{"damage_healed":0,"gold_gain":0,"player_choice":"Bought 3 Potions","damage_taken":0,"max_hp_gain":0,"max_hp_loss":0,"event_name":"The Woman in Blue","floor":27,"gold_loss":0},{"cards_removed":["Flex"],"damage_healed":0,"gold_gain":0,"player_choice":"Removed Skill","damage_taken":0,"max_hp_gain":0,"max_hp_loss":0,"event_name":"Falling","floor":36,"gold_loss":0},{"damage_healed":0,"gold_gain":0,"player_choice":"Ignored","damage_taken":0,"max_hp_gain":0,"max_hp_loss":0,"event_name":"Tomb of Lord Red Mask","floor":37,"gold_loss":0}],"is_beta":false,"boss_relics":[{"not_picked":["Velvet Choker","Busted Crown"],"picked":"Cursed Key"},{"not_picked":["Empty Cage","Pandora\u0027s Box"],"picked":"Calling Bell"}],"items_purged_floors":[7,22,29,39,44],"is_endless":false,"potions_floor_spawned":[11,16,21,33,40,45,47],"killed_by":"Donu and Deca","ascension_level":2}