{"gold_per_floor":[109,109,126,138,153,153,180,180,180,30,49,49,49,61,61,156,156,174,184,109,509,12,47,47,67,67,0,16,28,28,42,42,140,140,156,174,20,20,20,20,20,36,62,81,41,58,74,91,91,91],"floor_reached":51,"playtime":3030,"items_purged":["Regret","Strike_R"],"score":798,"play_id":"0471cb6e-14c5-422e-9513-a7f6acf6804f","local_time":"20190420131327","is_ascension_mode":false,"campfire_choices":[{"data":"Heavy Blade","floor":6,"key":"SMITH"},{"data":"True Grit","floor":8,"key":"SMITH"},{"data":"Flex","floor":12,"key":"SMITH"},{"data":"Bash","floor":15,"key":"SMITH"},{"data":"Corruption","floor":24,"key":"SMITH"},{"data":"Evolve","floor":30,"key":"SMITH"},{"floor":32,"key":"REST"},{"data":"Dark Embrace","floor":40,"key":"SMITH"},{"floor":49,"key":"REST"}],"neow_cost":"NONE","seed_source_timestamp":661349857350000,"circlet_count":0,"master_deck":["Strike_R","Strike_R","Strike_R","Strike_R","Defend_R","Defend_R","Defend_R","Defend_R","Bash+1","True Grit+1","Pommel Strike","Heavy Blade+1","Flex+1","Warcry+1","Offering+1","Double Tap+1","Flex+1","True Grit+1","Corruption+1","Evolve+1","Shockwave+1","Flex+1","Dual Wield+1","Dark Embrace+1","Feel No Pain+1","Barricade","Madness+1","Madness+1","Discovery+1","Good Instincts+1","Flame Barrier+1","Ghostly Armor+1","Feel No Pain","True Grit+1"],"relics":["Burning Blood","Oddly Smooth Stone","Blood Vial","Toxic Egg 2","Pantograph","Philosopher\u0027s Stone","Old Coin","Shuriken","Lantern","Brimstone","Regal Pillow","Paper Frog","Busted Crown","Orichalcum"],"potions_floor_usage":[16,21,21,21,25,47,50,50],"damage_taken":[{"damage":0,"enemies":"2 Louse","floor":1,"turns":3},{"damage":2,"enemies":"Small Slimes","floor":3,"turns":4},{"damage":3,"enemies":"Jaw Worm","floor":4,"turns":3},{"damage":9,"enemies":"2 Fungi Beasts","floor":5,"turns":4},{"damage":41,"enemies":"3 Sentries","floor":7,"turns":15},{"damage":0,"enemies":"Exordium Thugs","floor":11,"turns":6},{"damage":0,"enemies":"Looter","floor":14,"turns":2},{"damage":6,"enemies":"Slime Boss","floor":16,"turns":3},{"damage":6,"enemies":"Chosen","floor":18,"turns":2},{"damage":0,"enemies":"Spheric Guardian","floor":19,"turns":3},{"damage":6,"enemies":"Colosseum Slavers","floor":21,"turns":1},{"damage":13,"enemies":"Colosseum Nobs","floor":21,"turns":4},{"damage":31,"enemies":"Slavers","floor":23,"turns":5},{"damage":13,"enemies":"Snake Plant","floor":25,"turns":3},{"damage":6,"enemies":"Centurion and Healer","floor":28,"turns":3},{"damage":34,"enemies":"Chosen and Byrds","floor":29,"turns":4},{"damage":10,"enemies":"Cultist and Chosen","floor":31,"turns":3},{"damage":25,"enemies":"Champ","floor":33,"turns":5},{"damage":12,"enemies":"Orb Walker","floor":35,"turns":2},{"damage":12,"enemies":"3 Darklings","floor":36,"turns":2},{"damage":8,"enemies":"Writhing Mass","floor":42,"turns":2},{"damage":25,"enemies":"Spire Growth","floor":44,"turns":5},{"damage":12,"enemies":"Sphere and 2 Shapes","floor":46,"turns":3},{"damage":25,"enemies":"Jaw Worm Horde","floor":47,"turns":4},{"damage":6,"enemies":"4 Shapes","floor":48,"turns":4},{"damage":6,"enemies":"Time Eater","floor":50,"turns":7}],"seed_played":"-7507891145660411702","potions_obtained":[{"floor":3,"key":"SpeedPotion"},{"floor":7,"key":"Explosive Potion"},{"floor":14,"key":"Weak Potion"},{"floor":16,"key":"FearPotion"},{"floor":19,"key":"GamblersBrew"},{"floor":23,"key":"Block Potion"},{"floor":31,"key":"FairyPotion"},{"floor":33,"key":"Poison Potion"},{"floor":42,"key":"Ancient Potion"},{"floor":46,"key":"AttackPotion"},{"floor":48,"key":"Fire Potion"}],"is_trial":false,"path_per_floor":["M","?","M","M","M","R","E","R","T","$","M","R","?","M","R","B",null,"M","M","?","?","$","E","R","M","T","$","M","M","R","M","R","B",null,"M","M","$","?","?","R","?","M","T","M","$","M","M","M","R","B",null],"character_chosen":"IRONCLAD","items_purchased":["Offering+1","Lantern","Brimstone","Evolve","Shockwave+1","Barricade","Feel No Pain"],"campfire_rested":2,"item_purchase_floors":[10,22,22,22,27,37,45],"current_hp_per_floor":[80,80,80,80,77,77,44,44,44,44,52,52,72,80,80,80,80,80,80,77,70,70,47,47,42,42,42,44,18,18,16,54,58,77,71,67,67,57,47,47,47,47,47,30,30,26,9,11,49,76],"gold":91,"neow_bonus":"RANDOM_COMMON_RELIC","is_prod":false,"is_daily":false,"chose_seed":false,"campfire_upgraded":7,"win_rate":0,"timestamp":1555758807,"path_taken":["M","?","M","M","M","R","E","R","T","$","M","R","?","M","R","BOSS","M","M","?","?","$","E","R","M","T","$","M","M","R","M","R","BOSS","M","M","$","?","?","R","?","M","T","?","$","M","M","M","R","BOSS"],"build_version":"2019-01-23","purchased_purges":2,"victory":true,"max_hp_per_floor":[80,80,80,80,80,80,80,80,80,80,80,80,80,80,80,80,80,80,80,77,77,77,77,77,77,77,77,77,77,77,77,77,77,77,77,77,77,77,77,77,77,77,77,77,77,77,77,77,77,77],"card_choices":[{"not_picked":["Bloodletting","Warcry"],"picked":"True Grit","floor":1},{"not_picked":["Feel No Pain","Flex"],"picked":"Pommel Strike","floor":3},{"not_picked":["Berserk","Dual Wield"],"picked":"Heavy Blade","floor":4},{"not_picked":["Headbutt","Pommel Strike"],"picked":"Flex","floor":5},{"not_picked":["Pommel Strike","Heavy Blade"],"picked":"Warcry","floor":7},{"not_picked":["Entrench+1","Reckless Charge","Havoc+1"],"picked":"SKIP","floor":11},{"not_picked":["Headbutt","Hemokinesis","Clothesline"],"picked":"SKIP","floor":14},{"not_picked":["Brutality","Limit Break+1"],"picked":"Double Tap+1","floor":16},{"not_picked":["Wild Strike+1","Battle Trance+1"],"picked":"Flex+1","floor":18},{"not_picked":["Pommel Strike+1","Evolve"],"picked":"True Grit+1","floor":19},{"not_picked":["Clothesline","Disarm+1"],"picked":"Corruption","floor":21},{"not_picked":["Iron Wave+1","Pommel Strike+1","Havoc+1"],"picked":"SKIP","floor":23},{"not_picked":["Pommel Strike","Carnage","Armaments+1"],"picked":"SKIP","floor":25},{"not_picked":["Havoc+1","Headbutt"],"picked":"Flex+1","floor":28},{"not_picked":["Pommel Strike+1","Thunderclap","Clash+1"],"picked":"SKIP","floor":29},{"not_picked":["Iron Wave","Ghostly Armor+1"],"picked":"Dual Wield+1","floor":31},{"not_picked":["Demon Form","Barricade"],"picked":"Dark Embrace","floor":33},{"not_picked":[],"picked":"Feel No Pain+1","floor":35},{"not_picked":["Perfected Strike"],"picked":"SKIP","floor":36},{"not_picked":[],"picked":"Discovery+1","floor":39},{"not_picked":[],"picked":"Flame Barrier+1","floor":42},{"not_picked":[],"picked":"Ghostly Armor+1","floor":44},{"not_picked":["Rampage"],"picked":"SKIP","floor":46},{"not_picked":["Iron Wave"],"picked":"SKIP","floor":47},{"not_picked":[],"picked":"True Grit+1","floor":48}],"player_experience":217779,"relics_obtained":[{"floor":7,"key":"Toxic Egg 2"},{"floor":9,"key":"Pantograph"},{"floor":21,"key":"Old Coin"},{"floor":21,"key":"Shuriken"},{"floor":23,"key":"Regal Pillow"},{"floor":26,"key":"Paper Frog"},{"floor":43,"key":"Orichalcum"}],"event_choices":[{"damage_healed":0,"gold_gain":0,"player_choice":"Box","damage_taken":0,"relics_obtained":["Blood Vial"],"max_hp_gain":0,"max_hp_loss":0,"event_name":"Big Fish","floor":2,"gold_loss":0,"cards_obtained":["Regret"]},{"damage_healed":20,"gold_gain":0,"player_choice":"Healed and dodged fight","damage_taken":0,"max_hp_gain":0,"max_hp_loss":0,"event_name":"Mushrooms","floor":13,"gold_loss":0,"cards_obtained":["Parasite"]},{"cards_removed":["Parasite"],"damage_healed":0,"gold_gain":0,"player_choice":"Gave Gold","damage_taken":0,"max_hp_gain":0,"max_hp_loss":0,"event_name":"Beggar","floor":20,"gold_loss":75},{"damage_healed":0,"gold_gain":0,"player_choice":"Fight","damage_taken":0,"max_hp_gain":0,"max_hp_loss":0,"event_name":"Colosseum","floor":21,"gold_loss":0},{"damage_healed":0,"gold_gain":0,"player_choice":"Fought Nobs","damage_taken":0,"max_hp_gain":0,"max_hp_loss":0,"event_name":"Colosseum","floor":21,"gold_loss":0},{"damage_healed":0,"gold_gain":0,"player_choice":"Embrace Madness","damage_taken":10,"max_hp_gain":0,"max_hp_loss":0,"event_name":"Winding Halls","floor":38,"gold_loss":0,"cards_obtained":["Madness","Madness"]},{"damage_healed":0,"gold_gain":0,"player_choice":"Memory 3","damage_taken":10,"max_hp_gain":0,"max_hp_loss":0,"event_name":"SensoryStone","floor":39,"gold_loss":0},{"damage_healed":0,"gold_gain":0,"player_choice":"1 cards matched","damage_taken":0,"max_hp_gain":0,"max_hp_loss":0,"event_name":"Match and Keep!","floor":41,"gold_loss":0,"cards_obtained":["Good Instincts"]}],"is_beta":false,"boss_relics":[{"not_picked":["Snecko Eye","Black Blood"],"picked":"Philosopher\u0027s Stone"},{"not_picked":["Empty Cage","Orrery"],"picked":"Busted Crown"}],"items_purged_floors":[10,22],"is_endless":false,"potions_floor_spawned":[3,7,14,16,19,23,31,33,42,44,46,48],"ascension_level":0}