{"path_per_floor":["M","$","M","M","M","E","M","E","T","M","R","E","M","?","R","B",null,"M","M","M","M","?","$"],"character_chosen":"IRONCLAD","items_purchased":["Demon Form","Strawberry","Bottled Flame"],"gold_per_floor":[117,50,66,86,104,137,150,176,176,186,186,215,232,307,307,403,403,420,434,444,454,454,65],"floor_reached":24,"campfire_rested":1,"playtime":4303,"current_hp_per_floor":[76,76,77,80,80,48,46,42,42,28,52,45,49,38,38,25,80,75,60,26,25,25,32],"items_purged":[],"gold":65,"play_id":"5acbc396-c5ff-4025-a77c-882b1744aec6","is_prod":false,"is_daily":false,"is_ascension_mode":false,"campfire_upgraded":1,"path_taken":["M","$","M","M","M","E","M","E","T","M","R","E","M","?","R","BOSS","M","M","M","M","?","$","E"],"build_version":"2018-02-01-PROD3","purchased_purges":0,"victory":false,"master_deck":["Strike_R","Strike_R","Strike_R+1","Strike_R","Strike_R","Defend_R","Defend_R","Defend_R","Defend_R","Bash","Pommel Strike+1","Demon Form","Shockwave","Iron Wave","Shrug It Off","Twin Strike","Dual Wield","Fire Breathing","Power Through","Warcry","Barricade+1","Double Tap","Bloodletting+1","Metallicize","Anger+1","Armaments+1"],"max_hp_per_floor":[80,80,80,80,80,80,80,80,80,80,80,80,80,80,80,80,80,80,80,80,80,77,84],"relics":["Burning Blood","Whetstone","Letter Opener","Dodecahedron","Vajra","Calling Bell","Bag of Preparation","Self Forming Clay","Lantern","Strawberry","Bottled Flame"],"card_choices":[{"not_picked":["Clothesline","Disarm"],"picked":"Pommel Strike"},{"not_picked":["Flame Barrier","Corruption"],"picked":"Shockwave"},{"not_picked":["Power Through","Rage"],"picked":"Iron Wave"},{"not_picked":["Pummel","Pommel Strike"],"picked":"Shrug It Off"},{"not_picked":["Rage","Inflame"],"picked":"Twin Strike"},{"not_picked":["Pummel","Spot Weakness"],"picked":"Dual Wield"},{"not_picked":["Intimidate","Flex"],"picked":"Fire Breathing"},{"not_picked":["Disarm","Bloodletting"],"picked":"Power Through"},{"not_picked":["Power Through","Armaments"],"picked":"Warcry"},{"not_picked":["Spot Weakness","Thunderclap"],"picked":"Barricade"},{"not_picked":["Berserk","Barricade"],"picked":"Double Tap"},{"not_picked":["Armaments","Rage"],"picked":"Bloodletting"},{"not_picked":["Burning Pact","Seeing Red"],"picked":"Metallicize"},{"not_picked":["Sword Boomerang","Warcry"],"picked":"Anger"},{"not_picked":["Sword Boomerang","Pummel"],"picked":"Armaments"}],"player_experience":4333,"potions_floor_usage":[8,12,13,19,19,24,24,24],"damage_taken":[{"damage":10,"enemies":"Blue Slaver","floor":1,"turns":6},{"damage":5,"enemies":"Small Slimes","floor":3,"turns":4},{"damage":3,"enemies":"Jaw Worm","floor":4,"turns":5},{"damage":0,"enemies":"2 Fungi Beasts","floor":5,"turns":5},{"damage":38,"enemies":"Lagavulin","floor":6,"turns":7},{"damage":8,"enemies":"Gremlin Gang","floor":7,"turns":5},{"damage":10,"enemies":"Gremlin Nob","floor":8,"turns":3},{"damage":20,"enemies":"Exordium Thugs","floor":10,"turns":5},{"damage":13,"enemies":"Lagavulin","floor":12,"turns":5},{"damage":2,"enemies":"3 Louse","floor":13,"turns":2},{"damage":19,"enemies":"Hexaghost","floor":16,"turns":10},{"damage":11,"enemies":"Chosen","floor":18,"turns":6},{"damage":33,"enemies":"Spheric Guardian","floor":19,"turns":7},{"damage":40,"enemies":"Slaver and Parasite","floor":20,"turns":14},{"damage":7,"enemies":"Snake Plant","floor":21,"turns":5},{"damage":41,"enemies":"Gremlin Leader","floor":24,"turns":7}],"event_choices":[{"event_name":"World of Goop","player_choice":"Gather Gold","floor":14,"damage_taken":0},{"event_name":"Fountain of Cleansing","player_choice":"Removed Curse","floor":22,"damage_taken":0}],"boss_relics":[{"not_picked":["Runic Dome","Cursed Key"],"picked":"Calling Bell"}],"potions_floor_spawned":[4,5,7,10,12,16,18,20,21],"seed_played":"6419048649547001054","killed_by":"Gremlin Leader","ascension_level":0,"is_trial":false}