{"gold_per_floor":[113,124,74,34,50,85,85,104,104,104,122,148,148,164,164,261,261,261,261,279,293,293,293,327,426,450,450,467,467],"floor_reached":29,"playtime":1562,"items_purged":[],"score":395,"play_id":"fd9197f3-fe41-4cf8-b1ba-19eba0d89e3e","local_time":"20190411003618","is_ascension_mode":true,"campfire_choices":[{"data":"Bash","floor":7,"key":"SMITH"},{"data":"Battle Trance","floor":10,"key":"SMITH"},{"data":"Shrug It Off","floor":13,"key":"SMITH"},{"floor":15,"key":"REST"},{"floor":23,"key":"REST"},{"floor":27,"key":"REST"}],"neow_cost":"CURSE","seed_source_timestamp":384726513220210,"circlet_count":0,"master_deck":["AscendersBane","Strike_R","Strike_R","Strike_R","Strike_R","Strike_R","Defend_R","Defend_R","Defend_R","Defend_R","Bash+1","Clumsy","Battle Trance+1","Cleave","Shrug It Off","Anger","Shrug It Off+1","Burning Pact","Demon Form","Twin Strike","Rage","Limit Break"],"relics":["Burning Blood","Nunchaku","Art of War","Letter Opener","Unceasing Top","Mark of Pain","Smiling Mask","Bag of Preparation"],"potions_floor_usage":[16,18,28,29],"damage_taken":[{"damage":20,"enemies":"Jaw Worm","floor":1,"turns":6},{"damage":1,"enemies":"Cultist","floor":2,"turns":3},{"damage":9,"enemies":"2 Louse","floor":5,"turns":2},{"damage":22,"enemies":"3 Sentries","floor":6,"turns":8},{"damage":10,"enemies":"Exordium Wildlife","floor":8,"turns":5},{"damage":3,"enemies":"Looter","floor":11,"turns":3},{"damage":14,"enemies":"Lagavulin","floor":12,"turns":6},{"damage":8,"enemies":"Blue Slaver","floor":14,"turns":3},{"damage":52,"enemies":"Hexaghost","floor":16,"turns":10},{"damage":0,"enemies":"2 Thieves","floor":18,"turns":1},{"damage":5,"enemies":"Chosen","floor":20,"turns":4},{"damage":63,"enemies":"Centurion and Healer","floor":21,"turns":8},{"damage":58,"enemies":"Gremlin Leader","floor":24,"turns":6},{"damage":17,"enemies":"Shelled Parasite and Fungi","floor":28,"turns":7},{"damage":31,"enemies":"Snake Plant","floor":29,"turns":4}],"seed_played":"-1312063868410883045","potions_obtained":[{"floor":4,"key":"Energy Potion"},{"floor":4,"key":"SmokeBomb"},{"floor":20,"key":"Strength Potion"},{"floor":24,"key":"Swift Potion"},{"floor":28,"key":"SpeedPotion"}],"is_trial":false,"path_per_floor":["M","M","$","?","M","E","R","M","T","R","M","E","R","M","R","B",null,"M","?","M","M","?","R","E","?","T","R","M","M"],"character_chosen":"IRONCLAD","items_purchased":["Shrug It Off"],"campfire_rested":3,"item_purchase_floors":[3],"current_hp_per_floor":[58,63,63,63,60,44,44,40,40,40,43,35,35,33,57,11,63,69,69,70,13,39,63,11,11,11,35,24,0],"gold":467,"neow_bonus":"ONE_RARE_RELIC","is_prod":false,"is_daily":false,"chose_seed":false,"campfire_upgraded":3,"win_rate":0,"timestamp":1554957378,"path_taken":["M","M","$","?","M","E","R","?","T","R","M","E","R","M","R","BOSS","M","?","M","M","?","R","E","?","T","R","M","M"],"build_version":"2019-01-23","purchased_purges":0,"victory":false,"max_hp_per_floor":[80,80,80,80,80,80,80,80,80,80,80,80,80,80,80,80,80,80,80,80,80,80,80,80,80,80,80,80,80],"card_choices":[{"not_picked":["Havoc","Headbutt"],"picked":"Battle Trance","floor":1},{"not_picked":["Sentinel","Combust"],"picked":"Cleave","floor":2},{"not_picked":["Havoc","Rupture"],"picked":"Anger","floor":5},{"not_picked":["Limit Break","Wild Strike"],"picked":"Shrug It Off","floor":6},{"not_picked":["Second Wind","Shockwave","Searing Blow"],"picked":"SKIP","floor":8},{"not_picked":["Sever Soul","Battle Trance","Cleave"],"picked":"SKIP","floor":11},{"not_picked":["Iron Wave","Ghostly Armor","Rampage"],"picked":"SKIP","floor":12},{"not_picked":["Thunderclap","Bloodletting"],"picked":"Burning Pact","floor":14},{"not_picked":["Limit Break","Bludgeon"],"picked":"Demon Form","floor":16},{"not_picked":["Clash","Clothesline"],"picked":"Twin Strike","floor":20},{"not_picked":["Infernal Blade","Seeing Red+1"],"picked":"Rage","floor":21},{"not_picked":["Pummel+1","Clash+1"],"picked":"Limit Break","floor":24},{"not_picked":["Twin Strike+1","Dropkick","Sword Boomerang+1"],"picked":"SKIP","floor":28}],"player_experience":933527,"relics_obtained":[{"floor":6,"key":"Art of War"},{"floor":9,"key":"Letter Opener"},{"floor":12,"key":"Unceasing Top"},{"floor":24,"key":"Smiling Mask"},{"floor":26,"key":"Bag of Preparation"}],"event_choices":[{"damage_healed":0,"gold_gain":0,"player_choice":"Bought 3 Potions","damage_taken":0,"max_hp_gain":0,"max_hp_loss":0,"event_name":"The Woman in Blue","floor":4,"gold_loss":0},{"damage_healed":0,"gold_gain":0,"player_choice":"Ignored","damage_taken":0,"max_hp_gain":0,"max_hp_loss":0,"event_name":"Ghosts","floor":19,"gold_loss":0},{"damage_healed":26,"gold_gain":0,"player_choice":"Heal","damage_taken":0,"max_hp_gain":0,"max_hp_loss":0,"event_name":"The Library","floor":22,"gold_loss":0},{"damage_healed":0,"gold_gain":99,"player_choice":"Stole From Cult","damage_taken":0,"max_hp_gain":0,"max_hp_loss":0,"event_name":"Nest","floor":25,"gold_loss":0}],"is_beta":false,"boss_relics":[{"not_picked":["Velvet Choker","Calling Bell"],"picked":"Mark of Pain"}],"items_purged_floors":[],"is_endless":false,"potions_floor_spawned":[6,8,14,20,24,28],"killed_by":"Snake Plant","ascension_level":11}