{"gold_per_floor":[116,136,136,146,146,146,176,195,274,274,293,324,65,97,97,169,169,181,196,196,18,29,61,77,77,77,90,90,124,124,141,141,212,212,229,249,295,170,187,212,212,212,212,212,245,245,245,257,257,257],"floor_reached":51,"playtime":4941,"items_purged":["Strike_G","Decay","Defend_G"],"score":1216,"play_id":"a4951b4f-240b-49c1-be0c-9f676759ea47","local_time":"20180803001344","is_ascension_mode":true,"campfire_choices":[{"data":"Quick Slash","floor":6.0,"key":"SMITH"},{"floor":10.0,"key":"REST"},{"data":"Skewer","floor":15.0,"key":"SMITH"},{"data":"Malaise","floor":25.0,"key":"SMITH"},{"floor":28.0,"key":"REST"},{"data":"Wraith Form v2","floor":30,"key":"SMITH"},{"data":"Noxious Fumes","floor":32,"key":"SMITH"},{"data":"Noxious Fumes","floor":41,"key":"SMITH"},{"floor":44,"key":"REST"},{"floor":47,"key":"REST"},{"floor":49,"key":"REST"}],"neow_cost":"NONE","seed_source_timestamp":0,"circlet_count":0,"master_deck":["Defend_G","Defend_G","Defend_G","Defend_G+1","Strike_G","Strike_G","Survivor","Neutralize+1","AscendersBane","Dagger Spray+1","Blur","Quick Slash+1","PiercingWail","Skewer+1","Well Laid Plans","Noxious Fumes+1","Malaise+1","Cloak And Dagger","Caltrops","Catalyst","Wraith Form v2+1","Noxious Fumes+1","Footwork+1","Backflip","Malaise+1","Sucker Punch+1","Dagger Throw+1","Footwork","Finesse","Flash of Steel","Master of Strategy","Cloak And Dagger+1"],"special_seed":0,"relics":["Ring of the Snake","Calipers","Orichalcum","Bottled Flame","Tingsha","Anchor","Happy Flower","Sozu","Art of War","Gremlin Horn","Bag of Preparation","Empty Cage","Ice Cream","Oddly Smooth Stone","War Paint","Blood Vial"],"potions_floor_usage":[],"damage_taken":[{"damage":3.0,"enemies":"Jaw Worm","floor":1.0,"turns":6.0},{"damage":0.0,"enemies":"Small Slimes","floor":2.0,"turns":4.0},{"damage":0.0,"enemies":"2 Louse","floor":4.0,"turns":2.0},{"damage":26.0,"enemies":"Gremlin Nob","floor":7.0,"turns":5.0},{"damage":0.0,"enemies":"Blue Slaver","floor":8.0,"turns":5.0},{"damage":0.0,"enemies":"2 Fungi Beasts","floor":11.0,"turns":3.0},{"damage":15.0,"enemies":"Lagavulin","floor":12.0,"turns":7.0},{"damage":9.0,"enemies":"3 Sentries","floor":14.0,"turns":7.0},{"damage":7.0,"enemies":"The Guardian","floor":16.0,"turns":12.0},{"damage":0.0,"enemies":"Shell Parasite","floor":18.0,"turns":5.0},{"damage":0.0,"enemies":"Chosen","floor":19.0,"turns":6.0},{"damage":0.0,"enemies":"Snake Plant","floor":22.0,"turns":5.0},{"damage":18.0,"enemies":"Slavers","floor":23.0,"turns":7.0},{"damage":0.0,"enemies":"Cultist and Chosen","floor":24.0,"turns":7.0},{"damage":10.0,"enemies":"Chosen and Byrds","floor":27.0,"turns":5.0},{"damage":8,"enemies":"Book of Stabbing","floor":29,"turns":7},{"damage":1,"enemies":"Snake Plant","floor":31,"turns":5},{"damage":19,"enemies":"Automaton","floor":33,"turns":11},{"damage":0,"enemies":"Flame Bruiser 1 Orb","floor":35,"turns":5},{"damage":0,"enemies":"Orb Walker","floor":36,"turns":5},{"damage":4,"floor":37,"turns":6},{"damage":10,"enemies":"4 Shapes","floor":39,"turns":6},{"damage":2,"enemies":"Giant Head","floor":40,"turns":10},{"damage":37,"enemies":"2 Orb Walkers","floor":45,"turns":8},{"damage":0,"enemies":"Transient","floor":48,"turns":5},{"damage":2,"enemies":"Time Eater","floor":50,"turns":11}],"seed_played":"-2793699406656230156","potions_obtained":[{"floor":8.0,"key":"Regen Potion"},{"floor":11.0,"key":"FearPotion"},{"floor":12.0,"key":"Weak Potion"},{"floor":14.0,"key":"SteroidPotion"}],"is_trial":false,"path_per_floor":["M","M","?","M","?","R","E","M","T","R","M","E","$","E","R","B",null,"M","M","?","$","M","E","M","R","T","M","R","E","R","M","R","B",null,"M","M","?","$","M","E","R","?","T","R","E","?","R","M","R","B"],"character_chosen":"THE_SILENT","items_purchased":["Anchor","Noxious Fumes","Caltrops"],"campfire_rested":5,"item_purchase_floors":[13,13,21],"current_hp_per_floor":[56,56,56,56,49,49,23,23,23,42,42,42,42,33,33,26,56,56,56,56,56,56,38,38,38,38,28,47,39,39,38,38,19,54,54,54,50,50,40,38,38,28,28,47,10,10,29,31,50,50],"gold":257,"neow_bonus":"UPGRADE_CARD","is_prod":false,"is_daily":false,"chose_seed":false,"campfire_upgraded":6,"win_rate":0,"timestamp":1533219224,"path_taken":["M","M","?","M","?","R","E","M","T","R","?","E","$","E","R","BOSS","M","M","?","$","M","E","M","R","T","M","R","E","R","M","R","BOSS","M","M","?","$","M","E","R","?","T","R","E","?","R","M","R","BOSS"],"build_version":"2018-07-26","purchased_purges":3,"victory":true,"max_hp_per_floor":[66,66,66,66,66,66,66,66,66,66,66,66,66,66,66,66,66,66,66,66,66,66,66,66,66,66,66,66,66,66,66,66,66,66,66,66,66,66,66,66,66,66,66,66,66,66,66,66,66,66],"card_choices":[{"not_picked":["Outmaneuver","Bane"],"picked":"Dagger Spray","floor":1.0},{"not_picked":["Blade Dance","All Out Attack"],"picked":"Blur","floor":2.0},{"not_picked":["Reflex","Concentrate"],"picked":"Quick Slash","floor":4.0},{"not_picked":["Cloak And Dagger","Calculated Gamble"],"picked":"PiercingWail","floor":7.0},{"not_picked":["Bouncing Flask","Backflip"],"picked":"Skewer","floor":8.0},{"not_picked":["Concentrate","Outmaneuver"],"picked":"Well Laid Plans","floor":11.0},{"not_picked":["Sucker Punch","Bullet Time","Blade Dance"],"picked":"SKIP","floor":12.0},{"not_picked":["Poisoned Stab","Acrobatics","Blade Dance"],"picked":"SKIP","floor":14.0},{"not_picked":["Grand Finale","Die Die Die"],"picked":"Malaise","floor":16.0},{"not_picked":["Deflect","Backflip"],"picked":"Cloak And Dagger","floor":18.0},{"not_picked":["PiercingWail","Underhanded Strike","Distraction+1"],"picked":"SKIP","floor":19.0},{"not_picked":["Distraction","Predator"],"picked":"Catalyst","floor":22.0},{"not_picked":["Deadly Poison","Outmaneuver"],"picked":"Wraith Form v2","floor":23.0},{"not_picked":["PiercingWail","Underhanded Strike+1"],"picked":"Noxious Fumes","floor":24.0},{"not_picked":["Prepared","Dagger Spray","Choke"],"picked":"SKIP","floor":27.0},{"not_picked":["Dagger Throw","Catalyst+1"],"picked":"Footwork+1","floor":29},{"not_picked":["Outmaneuver","Bane"],"picked":"Backflip","floor":31},{"not_picked":["Venomology","Unload"],"picked":"Malaise","floor":33},{"not_picked":["Calculated Gamble+1","PiercingWail","Dodge and Roll"],"picked":"SKIP","floor":35},{"not_picked":["Slice+1","Cloak And Dagger"],"picked":"Sucker Punch+1","floor":36},{"not_picked":["Phantasmal Killer","Deflect"],"picked":"Dagger Throw+1","floor":39},{"not_picked":["Dagger Throw","Terror"],"picked":"Footwork","floor":40},{"not_picked":["Jack Of All Trades","Transmutation"],"picked":"Finesse","floor":42},{"not_picked":["Purity","Blind"],"picked":"Flash of Steel","floor":42},{"not_picked":["Swift Strike","Trip"],"picked":"Master of Strategy","floor":42},{"not_picked":["Cloak And Dagger","Slice","Finisher"],"picked":"SKIP","floor":45},{"not_picked":["Deadly Poison","Poisoned Stab"],"picked":"Cloak And Dagger+1","floor":48}],"player_experience":339192,"relics_obtained":[{"floor":7.0,"key":"Orichalcum"},{"floor":9.0,"key":"Bottled Flame"},{"floor":12.0,"key":"Tingsha"},{"floor":14.0,"key":"Happy Flower"},{"floor":23.0,"key":"Art of War"},{"floor":26.0,"key":"Gremlin Horn"},{"floor":29,"key":"Bag of Preparation"},{"floor":37,"key":"Ice Cream"},{"floor":40,"key":"Oddly Smooth Stone"},{"floor":43,"key":"War Paint"},{"floor":45,"key":"Blood Vial"}],"event_choices":[{"event_name":"Living Wall","player_choice":"Grow","floor":3.0,"damage_taken":0.0},{"event_name":"Scrap Ooze","player_choice":"success","floor":5.0,"damage_taken":7.0},{"event_name":"Wheel of Change","player_choice":"Curse","floor":20.0,"damage_taken":0.0},{"event_name":"Mysterious Sphere","player_choice":"Fight","floor":37,"damage_taken":0},{"event_name":"SensoryStone","player_choice":"Memory 3","floor":42,"damage_taken":0},{"event_name":"The Woman in Blue","player_choice":"Bought 0 Potions","floor":46,"damage_taken":0}],"is_beta":false,"boss_relics":[{"not_picked":["HoveringKite","Runic Pyramid"],"picked":"Sozu"},{"not_picked":["Eternal Feather","Snecko Eye"],"picked":"Empty Cage"}],"items_purged_floors":[13,21,38],"is_endless":false,"potions_floor_spawned":[8,11,12,14,19,22,27,29,31,36,39,40,45],"ascension_level":14}