{"gold_per_floor":[12,12,12,23,39,66,26,44,44,59,59,59,59],"floor_reached":13,"playtime":624,"items_purged":[],"score":170,"play_id":"5816c009-0ba4-4ab5-9119-9893047b0b60","local_time":"20190117192543","is_ascension_mode":true,"campfire_choices":[{"floor":12,"key":"REST"}],"neow_cost":"NO_GOLD","seed_source_timestamp":629551090740622,"circlet_count":0,"master_deck":["AscendersBane","Strike_B","Strike_B","Strike_B","Defend_B","Defend_B","Defend_B","Defend_B","Zap","Dualcast","Conserve Battery","Sunder","Coolheaded","Loop","Genetic Algorithm","Blizzard","Chill"],"relics":["Cracked Core","StoneCalendar","Blue Candle","Darkstone Periapt","Gremlin Horn"],"potions_floor_usage":[13],"damage_taken":[{"damage":5,"enemies":"Small Slimes","floor":1,"turns":4},{"damage":0,"enemies":"Cultist","floor":4,"turns":3},{"damage":3,"enemies":"Jaw Worm","floor":5,"turns":6},{"damage":26,"enemies":"3 Sentries","floor":6,"turns":7},{"damage":0,"enemies":"Looter","floor":7,"turns":4},{"damage":11,"enemies":"Lots of Slimes","floor":8,"turns":5},{"damage":0,"enemies":"Gremlin Gang","floor":10,"turns":5},{"damage":29,"enemies":"Gremlin Nob","floor":13,"turns":3}],"seed_played":"5738555332532001648","potions_obtained":[{"floor":1,"key":"Ancient Potion"},{"floor":8,"key":"AttackPotion"},{"floor":10,"key":"Explosive Potion"}],"is_trial":false,"path_per_floor":["M","?","?","M","M","E","M","M","T","M","$","R","E"],"character_chosen":"DEFECT","items_purchased":[],"campfire_rested":1,"item_purchase_floors":[],"current_hp_per_floor":[59,48,48,48,45,19,19,8,8,8,8,29,0],"gold":59,"neow_bonus":"ONE_RARE_RELIC","is_prod":false,"is_daily":false,"chose_seed":false,"campfire_upgraded":0,"win_rate":0,"timestamp":1547749543,"path_taken":["M","?","?","M","M","E","M","?","T","?","?","R","E"],"build_version":"2019-01-10","purchased_purges":0,"victory":false,"max_hp_per_floor":[71,71,71,71,71,71,71,71,71,71,71,71,71],"card_choices":[{"not_picked":["Rebound","Ball Lightning"],"picked":"Conserve Battery","floor":1},{"not_picked":["Consume","Stack"],"picked":"Coolheaded","floor":4},{"not_picked":["Tempest","Static Discharge","Rebound"],"picked":"SKIP","floor":5},{"not_picked":["Reprogram","Leap"],"picked":"Loop","floor":6},{"not_picked":["Gash","Barrage"],"picked":"Genetic Algorithm","floor":7},{"not_picked":["Chaos","Sweeping Beam"],"picked":"Blizzard","floor":8},{"not_picked":["Reinforced Body","Rebound"],"picked":"Chill","floor":10}],"player_experience":484262,"relics_obtained":[{"floor":6,"key":"Darkstone Periapt"},{"floor":9,"key":"Gremlin Horn"}],"event_choices":[{"damage_healed":0,"gold_gain":0,"player_choice":"Success","damage_taken":11,"relics_obtained":["Blue Candle"],"max_hp_gain":0,"max_hp_loss":0,"event_name":"Scrap Ooze","floor":2,"gold_loss":0},{"damage_healed":0,"gold_gain":0,"cards_transformed":["Strike_B"],"player_choice":"Transformed","damage_taken":0,"max_hp_gain":0,"max_hp_loss":0,"event_name":"Transmorgrifier","floor":3,"gold_loss":0,"cards_obtained":["Sunder"]}],"is_beta":false,"boss_relics":[],"items_purged_floors":[],"is_endless":false,"potions_floor_spawned":[1,8,10],"killed_by":"Gremlin Nob","ascension_level":20}