{"gold_per_floor":[116,116,134,84,9,9,42,42,67,67,129,54,54,129,129,226,226,236,236,252,267,296,296,395,138,138,165,165,165,165,177,177,274,274,291,93,93,105,118,118,118,118,145,157,169,269,288,303,303,303],"floor_reached":51,"playtime":3294,"items_purged":["Defend_R","Strike_R"],"score":641,"play_id":"2bf2bfb0-1ab0-4b6c-ae36-7d53256e5533","local_time":"20181224154928","is_ascension_mode":false,"campfire_choices":[{"data":"Bash","floor":6,"key":"SMITH"},{"data":"Rampage","floor":8,"key":"SMITH"},{"data":"Rampage","floor":10,"key":"SMITH"},{"data":"Defend_R","floor":13,"key":"SMITH"},{"data":"Defend_R","floor":15,"key":"SMITH"},{"data":"Rage","floor":23,"key":"SMITH"},{"data":"Warcry","floor":28,"key":"SMITH"},{"data":"Battle Trance","floor":30,"key":"SMITH"},{"floor":32,"key":"REST"},{"data":"Infernal Blade","floor":40,"key":"SMITH"},{"data":"Fiend Fire","floor":42,"key":"SMITH"},{"floor":49,"key":"REST"}],"neow_cost":"NONE","seed_source_timestamp":312138296607214,"circlet_count":0,"master_deck":["Strike_R","Strike_R","Defend_R+1","Defend_R+1","Bash+1","Rampage+1","Rampage+1","Battle Trance+1","Juggernaut","Rage+1","Warcry+1","Fiend Fire+1","True Grit+1","Infernal Blade+1"],"relics":["Burning Blood","Strawberry","Omamori","Ancient Tea Set","Empty Cage","Red Mask","Bag of Preparation","Lantern","Bronze Scales","Blood Vial","Sozu","ClockworkSouvenir","Bag of Marbles","Ice Cream"],"potions_floor_usage":[7,33],"damage_taken":[{"damage":10,"enemies":"Jaw Worm","floor":1,"turns":6},{"damage":2,"enemies":"2 Louse","floor":3,"turns":3},{"damage":13,"enemies":"3 Sentries","floor":7,"turns":6},{"damage":52,"enemies":"Hexaghost","floor":16,"turns":6},{"damage":16,"enemies":"Spheric Guardian","floor":18,"turns":4},{"damage":10,"enemies":"Chosen","floor":20,"turns":4},{"damage":14,"enemies":"Centurion and Healer","floor":21,"turns":6},{"damage":27,"enemies":"Masked Bandits","floor":22,"turns":5},{"damage":0,"enemies":"Snake Plant","floor":31,"turns":2},{"damage":16,"enemies":"Champ","floor":33,"turns":5},{"damage":8,"enemies":"3 Darklings","floor":35,"turns":4},{"damage":0,"enemies":"Orb Walker","floor":38,"turns":2},{"damage":17,"enemies":"Spire Growth","floor":39,"turns":4},{"damage":0,"enemies":"3 Darklings","floor":44,"turns":4},{"damage":0,"enemies":"Maw","floor":45,"turns":4},{"damage":38,"enemies":"Mind Bloom Boss Battle","floor":46,"turns":3},{"damage":0,"enemies":"Transient","floor":47,"turns":5},{"damage":7,"enemies":"4 Shapes","floor":48,"turns":5},{"damage":39,"enemies":"Time Eater","floor":50,"turns":8}],"seed_played":"-8157257199762839643","potions_obtained":[{"floor":3,"key":"AttackPotion"},{"floor":16,"key":"Poison Potion"},{"floor":18,"key":"SkillPotion"},{"floor":20,"key":"Energy Potion"},{"floor":22,"key":"PowerPotion"},{"floor":33,"key":"Fire Potion"}],"is_trial":false,"path_per_floor":["M","?","M","?","$","R","E","R","T","R","?","$","R","?","R","B",null,"M","?","M","M","?","R","?","$","T","T","R","?","R","M","R","B",null,"M","$","?","M","M","R","?","R","T","M","M","?","M","M","R","B",null],"character_chosen":"IRONCLAD","items_purchased":["Battle Trance","Bag of Preparation","ClockworkSouvenir"],"campfire_rested":2,"item_purchase_floors":[12,25,36],"current_hp_per_floor":[83,88,92,92,92,92,85,85,85,85,85,85,85,74,74,28,92,82,92,88,80,59,59,59,59,59,59,59,59,59,67,92,82,92,90,90,90,92,81,81,92,92,92,92,92,60,68,69,92,59],"gold":303,"neow_bonus":"RANDOM_COMMON_RELIC","is_prod":false,"is_daily":false,"chose_seed":false,"campfire_upgraded":10,"win_rate":0,"timestamp":1545695368,"path_taken":["M","?","M","?","?","R","E","R","T","R","?","$","R","?","R","BOSS","M","?","?","M","?","R","?","$","T","?","R","?","R","M","R","BOSS","M","$","?","M","?","R","?","R","T","M","M","?","M","M","R","BOSS"],"build_version":"2018-12-20","purchased_purges":2,"victory":true,"max_hp_per_floor":[87,92,92,92,92,92,92,92,92,92,92,92,92,92,92,92,92,92,92,92,92,92,92,92,92,92,92,92,92,92,92,92,92,92,92,92,92,92,92,92,92,92,92,92,92,92,92,92,92,92],"card_choices":[{"not_picked":["Flex","Thunderclap"],"picked":"Rampage","floor":1},{"not_picked":["Rage","Rupture","Perfected Strike"],"picked":"SKIP","floor":3},{"not_picked":["Dropkick","Heavy Blade"],"picked":"Rampage","floor":7},{"not_picked":["Dark Embrace","Berserk"],"picked":"Juggernaut","floor":16},{"not_picked":["Fire Breathing","True Grit"],"picked":"Rage","floor":18},{"not_picked":["Pummel","Uppercut"],"picked":"Warcry","floor":20},{"not_picked":["Corruption","Inflame","Headbutt+1"],"picked":"SKIP","floor":21},{"not_picked":["Battle Trance+1","True Grit","Rupture"],"picked":"SKIP","floor":31},{"not_picked":["Limit Break","Juggernaut"],"picked":"Fiend Fire","floor":33},{"not_picked":["Blood for Blood+1","Combust"],"picked":"True Grit+1","floor":35},{"not_picked":["Thunderclap+1","Iron Wave","Headbutt"],"picked":"SKIP","floor":38},{"not_picked":["Body Slam","Shrug It Off+1"],"picked":"Infernal Blade","floor":39},{"not_picked":["Body Slam","Warcry","Whirlwind"],"picked":"SKIP","floor":44},{"not_picked":["Clash+1","Fiend Fire","Carnage"],"picked":"SKIP","floor":45},{"not_picked":["Entrench","Heavy Blade","Twin Strike"],"picked":"SKIP","floor":47},{"not_picked":["Body Slam","Shrug It Off","Battle Trance"],"picked":"SKIP","floor":48}],"player_experience":299747,"relics_obtained":[{"floor":7,"key":"Omamori"},{"floor":9,"key":"Ancient Tea Set"},{"floor":22,"key":"Red Mask"},{"floor":26,"key":"Lantern"},{"floor":27,"key":"Bronze Scales"},{"floor":43,"key":"Bag of Marbles"},{"floor":46,"key":"Ice Cream"}],"event_choices":[{"damage_healed":0,"gold_gain":0,"player_choice":"Donut","damage_taken":0,"max_hp_gain":5,"max_hp_loss":0,"event_name":"Big Fish","floor":2,"gold_loss":0},{"cards_removed":["Strike_R"],"damage_healed":0,"gold_gain":0,"player_choice":"Card Removal","damage_taken":0,"max_hp_gain":0,"max_hp_loss":0,"event_name":"The Cleric","floor":4,"gold_loss":50},{"damage_healed":0,"gold_gain":62,"player_choice":"Gained Gold","damage_taken":0,"max_hp_gain":0,"max_hp_loss":0,"event_name":"Golden Wing","floor":11,"gold_loss":0},{"damage_healed":0,"gold_gain":75,"player_choice":"Gather Gold","damage_taken":11,"max_hp_gain":0,"max_hp_loss":0,"event_name":"World of Goop","floor":14,"gold_loss":0},{"damage_healed":10,"gold_gain":0,"player_choice":"Full Heal","damage_taken":0,"max_hp_gain":0,"max_hp_loss":0,"event_name":"Wheel of Change","floor":19,"gold_loss":0},{"damage_healed":0,"gold_gain":0,"player_choice":"Fought Bandits","damage_taken":0,"max_hp_gain":0,"max_hp_loss":0,"event_name":"Masked Bandits","floor":22,"gold_loss":0},{"damage_healed":0,"gold_gain":99,"player_choice":"Stole From Cult","damage_taken":0,"max_hp_gain":0,"max_hp_loss":0,"event_name":"Nest","floor":24,"gold_loss":0},{"damage_healed":0,"gold_gain":0,"player_choice":"Opened","damage_taken":0,"relics_obtained":["Blood Vial"],"max_hp_gain":0,"max_hp_loss":0,"event_name":"The Mausoleum","floor":29,"gold_loss":0},{"damage_healed":0,"gold_gain":0,"player_choice":"Got Potions","damage_taken":0,"max_hp_gain":0,"max_hp_loss":0,"event_name":"Lab","floor":37,"gold_loss":0},{"damage_healed":23,"gold_gain":0,"player_choice":"Writhe","damage_taken":0,"max_hp_gain":0,"max_hp_loss":0,"event_name":"Winding Halls","floor":41,"gold_loss":0,"cards_obtained":["Writhe"]},{"damage_healed":0,"gold_gain":0,"player_choice":"Fight","damage_taken":0,"max_hp_gain":0,"max_hp_loss":0,"event_name":"MindBloom","floor":46,"gold_loss":0}],"is_beta":false,"boss_relics":[{"not_picked":["Lizard Tail","Ectoplasm"],"picked":"Empty Cage"},{"not_picked":["Black Star","White Beast Statue"],"picked":"Sozu"}],"items_purged_floors":[5,25],"is_endless":false,"potions_floor_spawned":[3,16,18,20,22,33,35,39,44,46],"ascension_level":0}