{"gold_per_floor":[109,129,11,0,17,29,29,39,39,39,49,49,123,137,137,210,210,224,240,240,83,83],"floor_reached":22,"playtime":1663,"items_purged":["Strike_G"],"score":329,"play_id":"d1198327-ee2e-409a-9860-2b4c3d44e544","local_time":"20190212234233","is_ascension_mode":true,"campfire_choices":[{"data":"Backstab","floor":10,"key":"SMITH"},{"floor":15,"key":"REST"}],"neow_cost":"NONE","seed_source_timestamp":296025652933486,"circlet_count":0,"master_deck":["AscendersBane","Defend_G","Defend_G","Defend_G","Defend_G+1","Defend_G","Strike_G","Strike_G","Strike_G","Strike_G","Survivor","Neutralize","Blur","Sucker Punch+1","All Out Attack","Backstab+1","Caltrops","Bouncing Flask+1","Phantasmal Killer+1","Backflip+1","Leg Sweep+1","Deadly Poison+1","Deflect+1"],"relics":["Ring of the Snake","NeowsBlessing","Toxic Egg 2","Snecko Eye"],"potions_floor_usage":[8,14,19,22],"damage_taken":[{"damage":0,"enemies":"Jaw Worm","floor":1,"turns":1},{"damage":0,"enemies":"2 Louse","floor":2,"turns":1},{"damage":0,"enemies":"Small Slimes","floor":5,"turns":1},{"damage":2,"enemies":"Blue Slaver","floor":6,"turns":4},{"damage":0,"enemies":"3 Louse","floor":8,"turns":5},{"damage":0,"enemies":"2 Fungi Beasts","floor":11,"turns":3},{"damage":25,"enemies":"Exordium Thugs","floor":14,"turns":8},{"damage":17,"enemies":"The Guardian","floor":16,"turns":11},{"damage":53,"enemies":"2 Thieves","floor":18,"turns":4},{"damage":7,"enemies":"Spheric Guardian","floor":19,"turns":4},{"damage":38,"enemies":"Cultist and Chosen","floor":22,"turns":7}],"seed_played":"-3629434318325122306","potions_obtained":[{"floor":1,"key":"GamblersBrew"},{"floor":5,"key":"Swift Potion"},{"floor":16,"key":"Energy Potion"},{"floor":18,"key":"Regen Potion"}],"is_trial":false,"path_per_floor":["M","M","$","?","M","M","?","M","T","R","M","?","?","M","R","B",null,"M","M","?","$","M"],"character_chosen":"THE_SILENT","items_purchased":["All Out Attack","Deadly Poison+1","Deflect+1","Regen Potion"],"campfire_rested":1,"item_purchase_floors":[3,21,21,21],"current_hp_per_floor":[59,59,59,59,59,57,37,37,37,37,37,59,59,34,53,36,59,6,13,13,13,0],"gold":83,"neow_bonus":"THREE_ENEMY_KILL","is_prod":false,"is_daily":false,"chose_seed":false,"campfire_upgraded":1,"win_rate":0,"timestamp":1550032953,"path_taken":["M","M","$","?","M","M","?","M","T","R","M","?","?","M","R","BOSS","M","M","?","$","M"],"build_version":"2019-01-23","purchased_purges":1,"victory":false,"max_hp_per_floor":[66,66,66,66,66,66,66,66,66,66,66,66,66,66,66,66,66,66,66,66,66,66],"card_choices":[{"not_picked":["Eviscerate","PiercingWail"],"picked":"Blur","floor":1},{"not_picked":["Accuracy","Dodge and Roll"],"picked":"Sucker Punch","floor":2},{"not_picked":["Concentrate","Blade Dance"],"picked":"Backstab","floor":5},{"not_picked":["PiercingWail","Dagger Spray"],"picked":"Caltrops","floor":6},{"not_picked":["Bane","Dagger Spray","Flying Knee"],"picked":"SKIP","floor":8},{"not_picked":["Finisher","Escape Plan+1"],"picked":"Bouncing Flask+1","floor":11},{"not_picked":["Underhanded Strike","Riddle With Holes","Concentrate+1"],"picked":"SKIP","floor":14},{"not_picked":["Tools of the Trade","Wraith Form v2"],"picked":"Phantasmal Killer+1","floor":16},{"not_picked":["Blur+1","Blade Dance+1"],"picked":"Backflip+1","floor":18},{"not_picked":["Footwork","Sucker Punch"],"picked":"Leg Sweep+1","floor":19}],"player_experience":788844,"relics_obtained":[{"floor":9,"key":"Toxic Egg 2"}],"event_choices":[{"damage_healed":0,"gold_gain":0,"player_choice":"Left Gold","damage_taken":0,"max_hp_gain":0,"max_hp_loss":0,"event_name":"World of Goop","floor":4,"gold_loss":11},{"damage_healed":0,"gold_gain":0,"player_choice":"Entered Light","damage_taken":20,"max_hp_gain":0,"max_hp_loss":0,"event_name":"Shining Light","floor":7,"gold_loss":0,"cards_upgraded":["Defend_G","Sucker Punch"]},{"damage_healed":22,"gold_gain":0,"player_choice":"Banana","damage_taken":0,"max_hp_gain":0,"max_hp_loss":0,"event_name":"Big Fish","floor":12,"gold_loss":0},{"damage_healed":0,"gold_gain":74,"player_choice":"Gained Gold","damage_taken":0,"max_hp_gain":0,"max_hp_loss":0,"event_name":"Golden Wing","floor":13,"gold_loss":0},{"damage_healed":0,"gold_gain":0,"player_choice":"Ignored","damage_taken":0,"max_hp_gain":0,"max_hp_loss":0,"event_name":"Cursed Tome","floor":20,"gold_loss":0}],"is_beta":false,"boss_relics":[{"not_picked":["Velvet Choker","Tiny House"],"picked":"Snecko Eye"}],"items_purged_floors":[3],"is_endless":false,"potions_floor_spawned":[1,5,16,18],"killed_by":"Cultist and Chosen","ascension_level":17}