{"path_per_floor":["M","$","M","?","?","R","E","R","T","R","M","M","E","$","R","B",null,"M","?","M","M","M","R","?","$","T","R","$","?","$","M","R","B",null,"M","?","?","?","M","R"],"character_chosen":"IRONCLAD","items_purchased":["Dream Catcher","Heavy Blade","Finesse","Shrug It Off"],"gold_per_floor":[115,40,50,50,50,50,83,83,106,106,124,137,167,11,11,107,107,120,120,138,156,173,173,173,36,36,36,36,66,20,34,34,138,138,152,0,0,48,63,63],"floor_reached":41,"campfire_rested":3,"playtime":2284,"current_hp_per_floor":[75,75,75,60,53,53,44,44,44,69,75,75,45,45,45,7,65,49,33,33,12,15,41,41,41,41,41,41,41,41,21,47,53,79,44,44,44,77,77,77],"items_purged":["Parasite"],"gold":63,"score":596,"play_id":"c11064aa-c829-4091-afde-aa3b6735e543","is_prod":false,"is_daily":false,"is_ascension_mode":true,"campfire_upgraded":5,"path_taken":["M","$","M","?","?","R","E","R","T","R","?","M","E","?","R","BOSS","M","?","?","M","M","R","?","$","T","R","$","?","$","M","R","BOSS","M","?","?","?","M","R","E"],"build_version":"2018-02-15-PROD1","purchased_purges":3,"victory":false,"master_deck":["Strike_R+1","Strike_R+1","Strike_R+1","Defend_R","Defend_R","Defend_R","Defend_R","Bash","Infernal Blade+1","Headbutt+1","Cleave","Disarm+1","Limit Break+1","Whirlwind","Shrug It Off","Limit Break","Heavy Blade","Finesse","Shrug It Off","Double Tap","True Grit","Body Slam+1","Shockwave"],"max_hp_per_floor":[80,77,77,77,77,77,84,84,84,84,84,84,84,84,84,84,84,84,84,84,84,87,87,87,87,87,87,87,87,87,87,87,87,87,87,87,87,87,87,87],"relics":["Burning Blood","Whetstone","Strawberry","Ancient Tea Set","Vajra","Dream Catcher","Runic Dome","Nilry\u0027s Codex","Bird Faced Urn","Tiny Chest","Mark of Pain","Red Mask","Ginger"],"card_choices":[{"not_picked":["Warcry","Second Wind"],"picked":"Infernal Blade"},{"not_picked":["Sword Boomerang","Entrench"],"picked":"Headbutt"},{"not_picked":["Uppercut","Metallicize"],"picked":"Cleave"},{"not_picked":["Bloodletting","Body Slam"],"picked":"Disarm"},{"not_picked":["Impervious","Brutality"],"picked":"Limit Break"},{"not_picked":["Headbutt","Armaments"],"picked":"Whirlwind"},{"not_picked":["Pummel","Clash"],"picked":"Shrug It Off"},{"not_picked":["Bludgeon","Brutality"],"picked":"Double Tap"},{"not_picked":["Carnage","Reckless Charge"],"picked":"True Grit"},{"not_picked":["Dual Wield","Cleave"],"picked":"Body Slam"},{"not_picked":["Corruption","Wild Strike"],"picked":"Shockwave"}],"player_experience":167859,"potions_floor_usage":[7,16,21,22,33,33],"damage_taken":[{"damage":3,"enemies":"Small Slimes","floor":1,"turns":3},{"damage":6,"enemies":"2 Louse","floor":3,"turns":3},{"damage":22,"enemies":"3 Sentries","floor":7,"turns":6},{"damage":0,"enemies":"Cultist","floor":11,"turns":2},{"damage":6,"enemies":"Lots of Slimes","floor":12,"turns":2},{"damage":36,"enemies":"Lagavulin","floor":13,"turns":5},{"damage":44,"enemies":"Hexaghost","floor":16,"turns":10},{"damage":22,"enemies":"2 Thieves","floor":18,"turns":4},{"damage":6,"enemies":"Spheric Guardian","floor":20,"turns":3},{"damage":27,"enemies":"Centurion and Healer","floor":21,"turns":5},{"damage":6,"enemies":"Snecko","floor":22,"turns":5},{"damage":26,"enemies":"Sentry and Sphere","floor":31,"turns":5},{"damage":0,"enemies":"Collector","floor":33,"turns":6},{"damage":41,"enemies":"3 Darklings","floor":35,"turns":3},{"damage":30,"enemies":"Mysterious Sphere","floor":38,"turns":28},{"damage":6,"enemies":"Orb Walker","floor":39,"turns":4},{"damage":92,"enemies":"Giant Head","floor":41,"turns":7}],"event_choices":[{"event_name":"Shining Light","player_choice":"Entered Light","floor":4,"damage_taken":0},{"event_name":"Golden Wing","player_choice":"Card Removal","floor":5,"damage_taken":0},{"event_name":"Cursed Tome","player_choice":"Obtained Book","floor":19,"damage_taken":0},{"event_name":"Duplicator","player_choice":"One dupe","floor":24,"damage_taken":0},{"event_name":"The Mausoleum","player_choice":"Yes","floor":29,"damage_taken":0},{"event_name":"Tomb of Lord Red Mask","player_choice":"Paid","floor":36,"damage_taken":0},{"event_name":"Mysterious Sphere","player_choice":"Fight","floor":38,"damage_taken":0}],"boss_relics":[{"not_picked":["Cursed Key","Astrolabe"],"picked":"Runic Dome"},{"not_picked":["Snecko Eye","Black Star"],"picked":"Mark of Pain"}],"potions_floor_spawned":[1,3,11,20,21,22],"seed_played":"-6239342499905597097","killed_by":"Giant Head","ascension_level":10,"is_trial":false}