{"gold_per_floor":[117,117,67,67,87,87,98,98,98,110,110,110,36,56,56,158,158,173,173,190,190,206,206,223,223,248,265,265,294,294,308,308,308],"floor_reached":33,"playtime":1821,"items_purged":[],"score":259,"play_id":"19bbe43c-7b7e-4bb2-919c-40f27bdebad5","local_time":"20190320005019","is_ascension_mode":false,"campfire_choices":[{"data":"Poisoned Stab","floor":6,"key":"SMITH"},{"data":"Dodge and Roll","floor":8,"key":"SMITH"},{"data":"Noxious Fumes","floor":12,"key":"SMITH"},{"data":"Noxious Fumes","floor":15,"key":"SMITH"},{"data":"Leg Sweep","floor":23,"key":"SMITH"},{"data":"Backflip","floor":25,"key":"SMITH"},{"floor":32,"key":"REST"}],"neow_cost":"NONE","seed_source_timestamp":892253067080790,"circlet_count":0,"master_deck":["Defend_G","Defend_G","Defend_G","Strike_G","Strike_G","Survivor","Neutralize","Poisoned Stab+1","Backflip+1","Dodge and Roll+1","Noxious Fumes+1","Noxious Fumes+1","Leg Sweep+1","Bullet Time","Noxious Fumes","Backstab","Poisoned Stab","Dodge and Roll+1"],"relics":["Empty Cage"],"potions_floor_usage":[16,16,21,21,22,29,29],"damage_taken":[{"damage":0,"enemies":"Jaw Worm","floor":1,"turns":7},{"damage":1,"enemies":"2 Louse","floor":5,"turns":3},{"damage":0,"enemies":"Cultist","floor":7,"turns":3},{"damage":1,"enemies":"Blue Slaver","floor":10,"turns":4},{"damage":1,"enemies":"Large Slime","floor":14,"turns":6},{"damage":2,"enemies":"Hexaghost","floor":16,"turns":9},{"damage":4,"enemies":"Chosen","floor":18,"turns":6},{"damage":10,"enemies":"Spheric Guardian","floor":20,"turns":5},{"damage":4,"enemies":"Cultist and Chosen","floor":21,"turns":6},{"damage":10,"enemies":"Chosen and Byrds","floor":22,"turns":5},{"damage":12,"enemies":"Shelled Parasite and Fungi","floor":24,"turns":6},{"damage":6,"enemies":"3 Cultists","floor":27,"turns":5},{"damage":13,"enemies":"Colosseum Slavers","floor":28,"turns":7},{"damage":6,"enemies":"Slavers","floor":29,"turns":6},{"damage":0,"enemies":"Snecko","floor":31,"turns":6},{"damage":38,"enemies":"Automaton","floor":33,"turns":6}],"seed_played":"-6287020844071597365","potions_obtained":[{"floor":4,"key":"SmokeBomb"},{"floor":4,"key":"Energy Potion"},{"floor":4,"key":"FairyPotion"},{"floor":7,"key":"SkillPotion"},{"floor":16,"key":"Weak Potion"},{"floor":20,"key":"Swift Potion"},{"floor":24,"key":"SteroidPotion"},{"floor":27,"key":"PowerPotion"}],"is_trial":false,"path_per_floor":["M","?","?","?","M","R","M","R","T","M","?","R","$","M","R","B",null,"M","?","M","M","M","R","M","R","T","M","?","E","?","M","R","B"],"character_chosen":"THE_SILENT","items_purchased":["Noxious Fumes"],"campfire_rested":1,"item_purchase_floors":[13],"current_hp_per_floor":[70,70,70,70,69,69,69,69,69,68,61,61,61,60,60,58,70,66,66,56,52,42,42,30,30,30,24,11,5,5,5,26,0],"gold":308,"neow_bonus":"BOSS_RELIC","is_prod":false,"is_daily":false,"chose_seed":false,"campfire_upgraded":6,"win_rate":0,"timestamp":1553057419,"path_taken":["M","?","?","?","?","R","M","R","T","M","?","R","$","M","R","BOSS","M","?","M","M","M","R","M","R","T","M","?","E","?","M","R","BOSS"],"build_version":"2019-01-23","purchased_purges":0,"victory":false,"max_hp_per_floor":[70,70,70,70,70,70,70,70,70,70,70,70,70,70,70,70,70,70,70,70,70,70,70,70,70,70,70,70,70,70,70,70,70],"card_choices":[{"not_picked":["PiercingWail","Acrobatics"],"picked":"Poisoned Stab","floor":1},{"not_picked":["Predator","Reflex"],"picked":"Backflip","floor":5},{"not_picked":["Deflect","Leg Sweep"],"picked":"Dodge and Roll","floor":7},{"not_picked":["Quick Slash","Skewer"],"picked":"Noxious Fumes","floor":10},{"not_picked":["Setup","Dodge and Roll"],"picked":"Leg Sweep","floor":14},{"not_picked":["A Thousand Cuts","After Image"],"picked":"Bullet Time","floor":16},{"not_picked":["Dagger Spray","Outmaneuver"],"picked":"Noxious Fumes","floor":18},{"not_picked":["Acrobatics+1","Flying Knee"],"picked":"Backstab","floor":20},{"not_picked":["Acrobatics","Riddle With Holes"],"picked":"Poisoned Stab","floor":22},{"not_picked":["Blade Dance+1","Tools of the Trade","Quick Slash"],"picked":"SKIP","floor":24},{"not_picked":["Infinite Blades","Quick Slash"],"picked":"Dodge and Roll+1","floor":27},{"not_picked":["Deflect","Poisoned Stab","Outmaneuver"],"picked":"SKIP","floor":29},{"not_picked":["Quick Slash","Poisoned Stab","Prepared"],"picked":"SKIP","floor":31}],"player_experience":877880,"relics_obtained":[],"event_choices":[{"damage_healed":0,"gold_gain":0,"player_choice":"Fled","damage_taken":0,"max_hp_gain":0,"max_hp_loss":0,"event_name":"Scrap Ooze","floor":2,"gold_loss":0},{"cards_removed":["Strike_G"],"damage_healed":0,"gold_gain":0,"player_choice":"Card Removal","damage_taken":0,"max_hp_gain":0,"max_hp_loss":0,"event_name":"The Cleric","floor":3,"gold_loss":50},{"damage_healed":0,"gold_gain":0,"player_choice":"Got Potions","damage_taken":0,"max_hp_gain":0,"max_hp_loss":0,"event_name":"Lab","floor":4,"gold_loss":0},{"cards_removed":["Defend_G"],"damage_healed":0,"gold_gain":0,"player_choice":"Card Removal","damage_taken":7,"max_hp_gain":0,"max_hp_loss":0,"event_name":"Golden Wing","floor":11,"gold_loss":0},{"damage_healed":0,"gold_gain":0,"player_choice":"Ignored","damage_taken":0,"max_hp_gain":0,"max_hp_loss":0,"event_name":"The Mausoleum","floor":19,"gold_loss":0},{"damage_healed":0,"gold_gain":0,"player_choice":"Fight","damage_taken":0,"max_hp_gain":0,"max_hp_loss":0,"event_name":"Colosseum","floor":28,"gold_loss":0},{"damage_healed":0,"gold_gain":0,"player_choice":"Fled From Nobs","damage_taken":0,"max_hp_gain":0,"max_hp_loss":0,"event_name":"Colosseum","floor":28,"gold_loss":0},{"cards_removed":["Strike_G"],"damage_healed":0,"gold_gain":0,"player_choice":"Card Removal","damage_taken":0,"max_hp_gain":0,"max_hp_loss":0,"event_name":"Wheel of Change","floor":30,"gold_loss":0}],"is_beta":false,"boss_relics":[{"not_picked":[]}],"items_purged_floors":[],"is_endless":false,"potions_floor_spawned":[7,16,20,21,24,27],"killed_by":"Automaton","ascension_level":0}