{"gold_per_floor":[15,25,25,44,55,84,84,114,140,168,168,168,168,181,181,277,277,289,324,335,22,22,51,51,77,77,96,96,125,125,139,139,235,235,250,262,309,309,309,309,323,323,348,363,375,387,17,37,37,37],"floor_reached":51,"playtime":8452,"items_purged":[],"score":891,"play_id":"4585831e-4d1d-49aa-9dbb-6f87477aabcb","local_time":"20190416225918","is_ascension_mode":true,"campfire_choices":[{"data":"Zap","floor":7.0,"key":"SMITH"},{"data":"Self Repair","floor":12.0,"key":"SMITH"},{"floor":15.0,"key":"REST"},{"data":"Electrodynamics","floor":24.0,"key":"SMITH"},{"data":"Defragment","floor":28.0,"key":"SMITH"},{"data":"Dualcast","floor":32.0,"key":"SMITH"},{"data":"Loop","floor":40,"key":"SMITH"},{"data":"Coolheaded","floor":42,"key":"SMITH"},{"data":"Rainbow","floor":49,"key":"SMITH"}],"neow_cost":"NO_GOLD","seed_source_timestamp":0,"circlet_count":0,"master_deck":["Strike_B+1","Strike_B+1","Strike_B","Defend_B","Defend_B+1","Defend_B","Defend_B","Zap+1","Dualcast+1","Leap","Conserve Battery","Electrodynamics+1","Redo","Ball Lightning+1","Self Repair+1","Coolheaded+1","Rainbow+1","Loop+1","Compile Driver","Consume","Necronomicurse","White Noise+1","Defragment+1","Chill","Redo+1","Defragment+1","Buffer","Biased Cognition","Conserve Battery","Chill+1","Good Instincts","Metamorphosis","Glacier+1","Chaos+1","Meteor Strike","Defragment+1","Thunder Strike"],"special_seed":0,"relics":["Cracked Core","Sundial","Whetstone","Strawberry","Happy Flower","Cursed Key","Red Mask","Mango","Necronomicon","Omamori","Torii","FossilizedHelix","Pocketwatch","Philosopher\u0027s Stone","Bird Faced Urn","Oddly Smooth Stone","DollysMirror"],"potions_floor_usage":[50,50,50],"damage_taken":[{"damage":4.0,"enemies":"2 Louse","floor":1.0,"turns":4.0},{"damage":0.0,"enemies":"Cultist","floor":2.0,"turns":3.0},{"damage":0.0,"enemies":"Jaw Worm","floor":4.0,"turns":4.0},{"damage":2.0,"enemies":"Blue Slaver","floor":5.0,"turns":3.0},{"damage":0.0,"enemies":"Gremlin Nob","floor":6.0,"turns":3.0},{"damage":10.0,"enemies":"3 Sentries","floor":8.0,"turns":4.0},{"damage":20.0,"enemies":"Lagavulin","floor":10.0,"turns":5.0},{"damage":3.0,"enemies":"Looter","floor":14.0,"turns":2.0},{"damage":63.0,"enemies":"Hexaghost","floor":16.0,"turns":12.0},{"damage":0.0,"enemies":"Chosen","floor":18.0,"turns":4.0},{"damage":32.0,"enemies":"Masked Bandits","floor":19.0,"turns":4.0},{"damage":0.0,"enemies":"Spheric Guardian","floor":20.0,"turns":3.0},{"damage":49.0,"enemies":"Gremlin Leader","floor":23.0,"turns":6.0},{"damage":11.0,"enemies":"Book of Stabbing","floor":25.0,"turns":6.0},{"damage":15.0,"enemies":"Centurion and Healer","floor":27.0,"turns":4.0},{"damage":0.0,"enemies":"Slavers","floor":29.0,"turns":4.0},{"damage":0.0,"enemies":"Cultist and Chosen","floor":31.0,"turns":5.0},{"damage":0.0,"enemies":"Champ","floor":33.0,"turns":10.0},{"damage":19,"enemies":"Orb Walker","floor":35,"turns":3},{"damage":0,"enemies":"3 Darklings","floor":36,"turns":2},{"damage":14,"enemies":"2 Orb Walkers","floor":37,"turns":3},{"damage":0,"enemies":"4 Shapes","floor":41,"turns":3},{"damage":0,"enemies":"Sphere and 2 Shapes","floor":44,"turns":5},{"damage":23,"enemies":"Spire Growth","floor":45,"turns":5},{"damage":0,"enemies":"Transient","floor":46,"turns":5},{"damage":18,"enemies":"3 Darklings","floor":48,"turns":6},{"damage":20,"enemies":"Time Eater","floor":50,"turns":10}],"seed_played":"5928911544583710752","potions_obtained":[{"floor":2.0,"key":"Swift Potion"},{"floor":3.0,"key":"AttackPotion"},{"floor":3.0,"key":"Swift Potion"},{"floor":3.0,"key":"Fruit Juice"},{"floor":5.0,"key":"FocusPotion"},{"floor":10.0,"key":"EssenceOfSteel"},{"floor":16.0,"key":"Regen Potion"},{"floor":23.0,"key":"Block Potion"},{"floor":25.0,"key":"Dexterity Potion"},{"floor":33.0,"key":"PowerPotion"}],"is_trial":false,"path_per_floor":["?","M","?","?","?","?","?","M","?","?","$","M"],"character_chosen":"DEFECT","items_purchased":["Mango","DollysMirror","Thunder Strike"],"campfire_rested":1,"item_purchase_floors":[21,47,47],"current_hp_per_floor":[85,85,90,90,88,88,88,78,85,65,58,58,38,35,65,12,101,101,79,89,103,87,48,48,47,47,42,42,52,52,62,62,62,115,106,106,92,82,82,82,102,102,102,115,110,115,115,99,99,115],"gold":37,"neow_bonus":"TWENTY_PERCENT_HP_BONUS","is_prod":false,"is_daily":false,"chose_seed":false,"campfire_upgraded":8,"win_rate":0,"timestamp":1555469958,"path_taken":["M","M","?","?","M","E","R","E","T","E","?","R","?","M","R","BOSS","M","?","M","$","?","E","R","E","T","M","R","E","?","?","R","BOSS","M","M","?","?","?","R","M","R","T","?","M","M","$","M","R","BOSS"],"build_version":"2019-01-23","purchased_purges":0,"victory":true,"max_hp_per_floor":[89,89,94,94,94,94,94,94,101,101,101,101,101,101,101,101,101,101,101,101,115,115,115,115,115,115,115,115,115,115,115,115,115,115,115,115,115,115,115,115,115,115,115,115,115,115,115,115,115,115],"card_choices":[{"not_picked":["Turbo","Steam"],"picked":"Leap","floor":1.0},{"not_picked":["Streamline","Static Discharge"],"picked":"Conserve Battery","floor":2.0},{"not_picked":["Gash","Redo"],"picked":"Electrodynamics","floor":4.0},{"not_picked":["Streamline","Beam Cell","Stack"],"picked":"SKIP","floor":5.0},{"not_picked":["Machine Learning","Beam Cell"],"picked":"Redo","floor":6.0},{"not_picked":["Turbo","Streamline"],"picked":"Ball Lightning","floor":8.0},{"not_picked":["Loop","Consume"],"picked":"Self Repair","floor":10.0},{"not_picked":["Blizzard","Consume"],"picked":"Coolheaded","floor":14.0},{"not_picked":["Biased Cognition","Thunder Strike"],"picked":"Rainbow","floor":16.0},{"not_picked":["Genetic Algorithm","Coolheaded"],"picked":"Loop","floor":18.0},{"not_picked":["Ball Lightning","Turbo+1"],"picked":"Compile Driver","floor":19.0},{"not_picked":["Gash","Undo+1"],"picked":"Consume","floor":20.0},{"not_picked":["Glacier","Turbo"],"picked":"White Noise+1","floor":23.0},{"not_picked":["Stack","Leap+1"],"picked":"Defragment","floor":25.0},{"not_picked":["White Noise","Hologram"],"picked":"Chill","floor":27.0},{"not_picked":["Gash+1","Genetic Algorithm"],"picked":"Redo+1","floor":29.0},{"not_picked":["Consume","Fusion"],"picked":"Buffer","floor":31.0},{"not_picked":["Rainbow","Meteor Strike"],"picked":"Biased Cognition","floor":33.0},{"not_picked":["Turbo","Streamline"],"picked":"Conserve Battery","floor":35},{"not_picked":["Buffer","Steam"],"picked":"Chill+1","floor":36},{"not_picked":["Blind","Chrysalis"],"picked":"Good Instincts","floor":38},{"not_picked":["Discovery","Swift Strike"],"picked":"Metamorphosis","floor":38},{"not_picked":["Ball Lightning","Aggregate","Lockon+1"],"picked":"SKIP","floor":41},{"not_picked":["Steam Power","Hologram"],"picked":"Glacier+1","floor":44},{"not_picked":["Hello World+1","Steam+1"],"picked":"Chaos+1","floor":45},{"not_picked":["Turbo+1","Rip and Tear"],"picked":"Meteor Strike","floor":46},{"not_picked":["Cold Snap+1","Streamline+1","Leap+1"],"picked":"SKIP","floor":48}],"player_experience":168325,"relics_obtained":[{"floor":6.0,"key":"Sundial"},{"floor":8.0,"key":"Whetstone"},{"floor":9.0,"key":"Strawberry"},{"floor":10.0,"key":"Happy Flower"},{"floor":19.0,"key":"Red Mask"},{"floor":22.0,"key":"Necronomicon"},{"floor":23.0,"key":"Omamori"},{"floor":25.0,"key":"Torii"},{"floor":26.0,"key":"FossilizedHelix"},{"floor":29.0,"key":"Pocketwatch"},{"floor":37,"key":"Bird Faced Urn"},{"floor":43,"key":"Oddly Smooth Stone"}],"event_choices":[{"damage_healed":0.0,"max_hp_gain":0.0,"max_hp_loss":0.0,"gold_gain":0.0,"event_name":"Lab","player_choice":"Got Potions","floor":3.0,"gold_loss":0.0,"damage_taken":0.0},{"cards_removed":["Strike_B"],"damage_healed":0.0,"max_hp_gain":0.0,"max_hp_loss":0.0,"gold_gain":0.0,"event_name":"Golden Wing","player_choice":"Card Removal","floor":11.0,"gold_loss":0.0,"damage_taken":7.0},{"damage_healed":0.0,"max_hp_gain":0.0,"max_hp_loss":0.0,"gold_gain":0.0,"event_name":"Shining Light","player_choice":"Entered Light","floor":13.0,"gold_loss":0.0,"damage_taken":20.0,"cards_upgraded":["Defend_B","Ball Lightning"]},{"damage_healed":0.0,"max_hp_gain":0.0,"max_hp_loss":0.0,"gold_gain":0.0,"event_name":"Masked Bandits","player_choice":"Fought Bandits","floor":19.0,"gold_loss":0.0,"damage_taken":0.0},{"damage_healed":0.0,"max_hp_gain":0.0,"max_hp_loss":0.0,"gold_gain":0.0,"event_name":"Cursed Tome","player_choice":"Obtained Book","floor":22.0,"gold_loss":0.0,"damage_taken":16.0},{"damage_healed":0.0,"max_hp_gain":0.0,"max_hp_loss":0.0,"gold_gain":0.0,"event_name":"Duplicator","player_choice":"Copied","floor":30.0,"gold_loss":0.0,"damage_taken":0.0,"cards_obtained":["Defragment"]},{"damage_healed":0,"gold_gain":0,"player_choice":"Fight","damage_taken":0,"max_hp_gain":0,"max_hp_loss":0,"event_name":"Mysterious Sphere","floor":37,"gold_loss":0},{"damage_healed":0,"gold_gain":0,"player_choice":"Memory 3","damage_taken":10,"max_hp_gain":0,"max_hp_loss":0,"event_name":"SensoryStone","floor":38,"gold_loss":0}],"is_beta":false,"boss_relics":[{"not_picked":["Black Star","Snecko Eye"],"picked":"Cursed Key"},{"not_picked":["White Beast Statue","Velvet Choker"],"picked":"Philosopher\u0027s Stone"}],"items_purged_floors":[],"is_endless":false,"potions_floor_spawned":[2,5,10,14,16,23,25,27,33,36],"ascension_level":1}