{"gold_per_floor":[111,141,168,180,180,206,206,206,206,206,226,226,245,257,257,361,361,380,380],"floor_reached":19,"playtime":1641,"items_purged":[],"score":167,"play_id":"936df185-059b-417c-b0ec-8792d1abf437","local_time":"20190323234436","is_ascension_mode":false,"campfire_choices":[{"floor":7,"key":"REST"},{"floor":10,"key":"REST"},{"floor":12,"key":"REST"},{"floor":15,"key":"REST"}],"neow_cost":"NONE","seed_source_timestamp":20888612048846,"circlet_count":0,"master_deck":["Strike_B","Strike_B","Strike_B","Strike_B","Defend_B","Defend_B","Defend_B","Defend_B+1","Zap+1","Dualcast","Darkness","Redo","Steam","Conserve Battery","Chill","Barrage","Creative AI+1","Normality","Pain","Normality","Defragment+1"],"relics":["Cracked Core","Tiny Chest","Oddly Smooth Stone","Frozen Egg 2","Thread and Needle","Bag of Preparation","Calling Bell","Bag of Marbles","Meat on the Bone","Ginger"],"potions_floor_usage":[16],"damage_taken":[{"damage":5,"enemies":"Small Slimes","floor":1,"turns":3},{"damage":8,"enemies":"Jaw Worm","floor":4,"turns":4},{"damage":50,"enemies":"Gremlin Nob","floor":6,"turns":5},{"damage":0,"enemies":"2 Louse","floor":11,"turns":2},{"damage":0,"enemies":"Blue Slaver","floor":13,"turns":3},{"damage":1,"enemies":"Exordium Wildlife","floor":14,"turns":6},{"damage":37,"enemies":"Hexaghost","floor":16,"turns":9},{"damage":22,"enemies":"Spheric Guardian","floor":18,"turns":6},{"damage":22,"enemies":"Colosseum Slavers","floor":19,"turns":5},{"damage":68,"enemies":"Colosseum Nobs","floor":19,"turns":4}],"seed_played":"2134126661728053105","potions_obtained":[{"floor":4,"key":"PowerPotion"},{"floor":11,"key":"Swift Potion"},{"floor":16,"key":"Explosive Potion"}],"is_trial":false,"path_per_floor":["?","T","T","?","?"],"character_chosen":"DEFECT","items_purchased":[],"campfire_rested":4,"item_purchase_floors":[],"current_hp_per_floor":[77,70,70,62,62,12,36,20,20,44,44,68,68,67,82,45,82,60,0],"gold":380,"neow_bonus":"TEN_PERCENT_HP_BONUS","is_prod":false,"is_daily":false,"chose_seed":false,"campfire_upgraded":0,"win_rate":0.0,"timestamp":1553399076,"path_taken":["M","?","?","M","?","E","R","?","T","R","M","R","M","M","R","BOSS","M","?"],"build_version":"2019-01-23","purchased_purges":0,"victory":false,"max_hp_per_floor":[82,82,82,82,82,82,82,82,82,82,82,82,82,82,82,82,82,82,82],"card_choices":[{"not_picked":["Compile Driver","Leap"],"picked":"Darkness","floor":1},{"not_picked":["Leap","Sweeping Beam"],"picked":"Redo","floor":4},{"not_picked":["Go for the Eyes","Sweeping Beam"],"picked":"Steam","floor":6},{"not_picked":["Skim","Gash"],"picked":"Conserve Battery","floor":11},{"not_picked":["Stack","Conserve Battery"],"picked":"Chill","floor":13},{"not_picked":["Doom and Gloom","Steam"],"picked":"Barrage","floor":14},{"not_picked":["Multi-Cast","Biased Cognition+1"],"picked":"Creative AI+1","floor":16},{"not_picked":["Barrage","Ball Lightning"],"picked":"Defragment+1","floor":18}],"player_experience":39324,"relics_obtained":[{"floor":3,"key":"Oddly Smooth Stone"},{"floor":5,"key":"Frozen Egg 2"},{"floor":6,"key":"Thread and Needle"},{"floor":9,"key":"Bag of Preparation"},{"floor":17,"key":"Bag of Marbles"},{"floor":17,"key":"Meat on the Bone"},{"floor":17,"key":"Ginger"}],"event_choices":[{"damage_healed":0,"gold_gain":0,"player_choice":"Success","damage_taken":7,"relics_obtained":["Tiny Chest"],"max_hp_gain":0,"max_hp_loss":0,"event_name":"Scrap Ooze","floor":2,"gold_loss":0},{"damage_healed":0,"gold_gain":0,"player_choice":"Entered Light","damage_taken":16,"max_hp_gain":0,"max_hp_loss":0,"event_name":"Shining Light","floor":8,"gold_loss":0,"cards_upgraded":["Zap","Defend_B"]},{"damage_healed":0,"gold_gain":0,"player_choice":"Fight","damage_taken":0,"max_hp_gain":0,"max_hp_loss":0,"event_name":"Colosseum","floor":19,"gold_loss":0},{"damage_healed":0,"gold_gain":0,"player_choice":"Fought Nobs","damage_taken":0,"max_hp_gain":0,"max_hp_loss":0,"event_name":"Colosseum","floor":19,"gold_loss":0}],"is_beta":false,"boss_relics":[{"not_picked":["Lizard Tail","Coffee Dripper"],"picked":"Calling Bell"}],"items_purged_floors":[],"is_endless":false,"potions_floor_spawned":[4,11,16],"killed_by":"Colosseum Nobs","ascension_level":0}