{"gold_per_floor":[109,126,146,71,82,82,109,109,109,126,91,119,119],"floor_reached":13,"playtime":598,"items_purged":[],"score":109,"play_id":"15b130d3-b8e6-43c1-87a7-f3f645cef5df","local_time":"20190416232225","is_ascension_mode":true,"campfire_choices":[{"data":"White Noise","floor":6,"key":"SMITH"},{"floor":8,"key":"REST"}],"neow_cost":"NONE","seed_source_timestamp":262270462672051,"circlet_count":0,"master_deck":["Strike_B","Strike_B","Strike_B","Strike_B","Defend_B","Defend_B","Defend_B","Defend_B","Zap","Dualcast","Gash","White Noise+1","Melter","Defragment","Sweeping Beam","Gash","Leap"],"relics":["Sozu","Regal Pillow","Dodecahedron"],"potions_floor_usage":[],"damage_taken":[{"damage":4,"enemies":"Cultist","floor":1,"turns":5},{"damage":6,"enemies":"2 Louse","floor":2,"turns":3},{"damage":2,"enemies":"Jaw Worm","floor":3,"turns":3},{"damage":21,"enemies":"Looter","floor":5,"turns":4},{"damage":40,"enemies":"3 Sentries","floor":7,"turns":6},{"damage":20,"enemies":"Exordium Wildlife","floor":10,"turns":3},{"damage":33,"enemies":"Gremlin Nob","floor":12,"turns":4},{"damage":7,"enemies":"Lots of Slimes","floor":13,"turns":1}],"seed_played":"9108418548536209494","potions_obtained":[],"is_trial":false,"path_per_floor":["M","M","M","$","M","R","E","R","T","M","?","E","M"],"character_chosen":"DEFECT","items_purchased":["Defragment"],"campfire_rested":1,"item_purchase_floors":[4],"current_hp_per_floor":[71,65,63,63,42,42,2,39,39,19,37,4,0],"gold":119,"neow_bonus":"BOSS_RELIC","is_prod":false,"is_daily":false,"chose_seed":false,"campfire_upgraded":1,"win_rate":0,"timestamp":1555474945,"path_taken":["M","?","M","$","M","R","E","R","T","M","?","E","M"],"build_version":"2019-01-23","purchased_purges":0,"victory":false,"max_hp_per_floor":[75,75,75,75,75,75,75,75,75,75,75,75,75],"card_choices":[{"not_picked":["Turbo","Hologram"],"picked":"Gash","floor":1},{"not_picked":["Hologram","Barrage"],"picked":"White Noise","floor":2},{"not_picked":["Aggregate","Blizzard"],"picked":"Melter","floor":3},{"not_picked":["Barrage","Go for the Eyes"],"picked":"Sweeping Beam","floor":5},{"not_picked":["Coolheaded","Beam Cell"],"picked":"Gash","floor":7},{"not_picked":["Rebound","Turbo","Stack"],"picked":"SKIP","floor":10},{"not_picked":["Self Repair","Static Discharge"],"picked":"Leap","floor":12}],"player_experience":230282,"relics_obtained":[{"floor":7,"key":"Regal Pillow"},{"floor":12,"key":"Dodecahedron"}],"event_choices":[{"damage_healed":18,"gold_gain":0,"player_choice":"Healed","damage_taken":0,"max_hp_gain":0,"max_hp_loss":0,"event_name":"The Cleric","floor":11,"gold_loss":35}],"is_beta":false,"boss_relics":[],"items_purged_floors":[],"is_endless":false,"potions_floor_spawned":[5,10],"killed_by":"Lots of Slimes","ascension_level":3}