{"gold_per_floor":[109,121,133,153,171,171,171,171,171,19,35,35,54,82,82,187,187,202,12,31,31,31,31,46,46,115,15,15,27,62,77,77,176,176,192,210,210,227,247,278,290,309,377,15,35,35,49,75,75,75],"floor_reached":50,"playtime":5173,"items_purged":["Regret","Defend_G"],"score":938,"play_id":"f9c088b3-df37-459f-84e5-8ed910c5f130","local_time":"20180731003320","is_ascension_mode":true,"campfire_choices":[{"floor":6.0,"key":"REST"},{"floor":8.0,"key":"REST"},{"floor":15.0,"key":"REST"},{"data":"A Thousand Cuts","floor":23.0,"key":"SMITH"},{"data":"Noxious Fumes","floor":25.0,"key":"SMITH"},{"data":"Cloak And Dagger","floor":28.0,"key":"SMITH"},{"data":"Cloak And Dagger","floor":32.0,"key":"SMITH"}],"neow_cost":"CURSE","seed_source_timestamp":537992202321286,"circlet_count":0,"master_deck":["Defend_G+1","Defend_G+1","Defend_G+1","Defend_G+1","Strike_G+1","Strike_G+1","Strike_G+1","Strike_G+1","Strike_G+1","Survivor+1","Neutralize+1","AscendersBane","Malaise+1","All Out Attack+1","Dagger Throw+1","Crippling Poison+1","Slice+1","A Thousand Cuts+1","Well Laid Plans+1","Backflip+1","Noxious Fumes+1","Backflip+1","Cloak And Dagger+1","Cloak And Dagger+1","Burst+1","Injury","Prepared+1","Footwork+1","Poisoned Stab+1","Cloak And Dagger+1","PiercingWail+1","Deflect+1","Cloak And Dagger+1"],"special_seed":0,"relics":["Ring of the Snake","Bronze Scales","Omamori","Coffee Dripper","Lee\u0027s Waffle","Blue Candle","Toxic Egg 2","Calling Bell","Incense Burner","Question Card","War Paint","Mark of the Bloom","Ancient Tea Set","Molten Egg 2","Bottled Tornado","Pantograph"],"potions_floor_usage":[39,40,45,48,48],"damage_taken":[{"damage":23.0,"enemies":"Cultist","floor":1.0,"turns":7.0},{"damage":3.0,"enemies":"Small Slimes","floor":2.0,"turns":4.0},{"damage":2.0,"enemies":"Jaw Worm","floor":3.0,"turns":5.0},{"damage":15.0,"enemies":"Large Slime","floor":4.0,"turns":8.0},{"damage":9.0,"enemies":"2 Fungi Beasts","floor":5.0,"turns":5.0},{"damage":4.0,"enemies":"Looter","floor":11.0,"turns":4.0},{"damage":8.0,"enemies":"Gremlin Gang","floor":13.0,"turns":3.0},{"damage":24.0,"enemies":"Gremlin Nob","floor":14.0,"turns":4.0},{"damage":30.0,"enemies":"Slime Boss","floor":16.0,"turns":10.0},{"damage":22.0,"enemies":"2 Thieves","floor":18.0,"turns":4.0},{"damage":1.0,"enemies":"Chosen","floor":20.0,"turns":6.0},{"damage":13.0,"enemies":"Centurion and Healer","floor":24.0,"turns":7.0},{"damage":9.0,"enemies":"3 Cultists","floor":29.0,"turns":5.0},{"damage":5.0,"enemies":"Gremlin Leader","floor":30.0,"turns":6.0},{"damage":18.0,"enemies":"Snake Plant","floor":31.0,"turns":4.0},{"damage":35.0,"enemies":"Automaton","floor":33.0,"turns":8.0},{"damage":7.0,"enemies":"3 Darklings","floor":35.0,"turns":4.0},{"damage":7.0,"enemies":"Flame Bruiser 1 Orb","floor":36.0,"turns":7.0},{"damage":13.0,"enemies":"Sphere and 2 Shapes","floor":38.0,"turns":7.0},{"damage":19,"enemies":"Transient","floor":39,"turns":5},{"damage":9,"enemies":"Nemesis","floor":40,"turns":7},{"damage":0,"enemies":"Maw","floor":41,"turns":7},{"damage":4,"enemies":"Spire Growth","floor":42,"turns":6},{"damage":0,"enemies":"3 Darklings","floor":45,"turns":4},{"damage":2,"enemies":"Sphere and 2 Shapes","floor":47,"turns":4},{"damage":0,"enemies":"2 Orb Walkers","floor":48,"turns":4},{"damage":11,"enemies":"Awakened One","floor":50,"turns":6}],"seed_played":"6693636931935977687","potions_obtained":[{"floor":2.0,"key":"Weak Potion"},{"floor":3.0,"key":"Explosive Potion"},{"floor":14.0,"key":"Strength Potion"},{"floor":16.0,"key":"Poison Potion"},{"floor":18.0,"key":"AttackPotion"},{"floor":31.0,"key":"Strength Potion"},{"floor":33.0,"key":"GhostInAJar"},{"floor":35.0,"key":"Energy Potion"},{"floor":38.0,"key":"Swift Potion"},{"floor":42,"key":"Energy Potion"},{"floor":45,"key":"Weak Potion"},{"floor":47,"key":"Swift Potion"}],"is_trial":false,"path_per_floor":["M","M","M","M","M","R","?","R","T","$","M","?","M","E","R","B",null,"M","$","M","?","?","R","M","R","T","$","R","M","E","M","R","B",null,"M","M","?","M","M","E","M","M","T","$","M","$","M","E","R"],"character_chosen":"THE_SILENT","items_purchased":["Well Laid Plans","Lee\u0027s Waffle","Bottled Tornado","GhostInAJar","PiercingWail+1"],"campfire_rested":3,"item_purchase_floors":[10,19,44,44,44],"current_hp_per_floor":[40,37,35,20,11,32,32,53,53,53,49,54,46,22,44,14,60,38,82,81,81,92,92,79,79,79,79,79,70,65,47,47,12,72,65,58,58,45,26,17,17,13,13,13,13,13,11,11,11,0],"gold":75,"neow_bonus":"THREE_RARE_CARDS","is_prod":false,"is_daily":false,"chose_seed":false,"campfire_upgraded":4,"win_rate":0,"timestamp":1532961200,"path_taken":["M","M","M","M","?","R","?","R","T","$","M","?","?","E","R","BOSS","M","$","M","?","?","R","M","R","T","$","R","?","E","M","R","BOSS","M","?","?","M","?","E","M","M","T","$","M","?","M","E","R","BOSS"],"build_version":"2018-07-26","purchased_purges":2,"victory":false,"max_hp_per_floor":[70,70,70,70,70,70,70,70,70,70,70,75,75,75,75,75,75,75,82,82,82,92,92,92,92,92,92,92,92,92,92,92,92,92,92,92,92,92,92,92,92,92,92,92,92,92,92,92,92,92],"card_choices":[{"not_picked":["Bullet Time","After Image"],"picked":"Malaise","floor":0.0},{"not_picked":["Accuracy","Sucker Punch"],"picked":"All Out Attack","floor":1.0},{"not_picked":["Masterful Stab","Prepared"],"picked":"Dagger Throw","floor":2.0},{"not_picked":["Sucker Punch","Bane"],"picked":"Crippling Poison","floor":3.0},{"not_picked":["Accuracy","Setup"],"picked":"Slice","floor":4.0},{"not_picked":["Outmaneuver","Backflip"],"picked":"A Thousand Cuts","floor":5.0},{"not_picked":["Bane","Catalyst"],"picked":"Backflip","floor":11.0},{"not_picked":["Setup","Infinite Blades"],"picked":"Noxious Fumes","floor":13.0},{"not_picked":["Backflip","Accuracy","Phantasmal Killer"],"picked":"SKIP","floor":14.0},{"not_picked":["A Thousand Cuts","Phantasmal Killer"],"picked":"Die Die Die","floor":16.0},{"not_picked":["Acrobatics+1","Sucker Punch"],"picked":"Backflip+1","floor":18.0},{"not_picked":["Outmaneuver","Dodge and Roll"],"picked":"Cloak And Dagger","floor":20.0},{"not_picked":["Acrobatics","Quick Slash"],"picked":"Cloak And Dagger","floor":24.0},{"not_picked":["Accuracy","All Out Attack","Flying Knee"],"picked":"SKIP","floor":29.0},{"not_picked":["Grand Finale","Finisher","Eviscerate"],"picked":"SKIP","floor":30.0},{"not_picked":["Underhanded Strike","Outmaneuver+1","Slice"],"picked":"SKIP","floor":31.0},{"not_picked":["A Thousand Cuts","Night Terror+1"],"picked":"Burst+1","floor":33.0},{"not_picked":["Terror+1","Heel Hook","Outmaneuver+1"],"picked":"Prepared+1","floor":35.0},{"not_picked":["Unload","Accuracy","Quick Slash"],"picked":"Footwork","floor":36.0},{"not_picked":["Flechettes","Flying Knee","Dodge and Roll+1"],"picked":"Poisoned Stab+1","floor":38.0},{"not_picked":["Outmaneuver+1","Deadly Poison+1","Unload","Slice"],"picked":"SKIP","floor":39},{"not_picked":["Outmaneuver+1","Deadly Poison+1","Unload","Slice"],"picked":"SKIP","floor":39},{"not_picked":["Phantasmal Killer+1","Expertise+1","Setup+1"],"picked":"Cloak And Dagger+1","floor":40},{"not_picked":["Finisher+1","Prepared+1","Underhanded Strike","Dash"],"picked":"SKIP","floor":41},{"not_picked":["Slice","Bane","All Out Attack","Concentrate+1"],"picked":"SKIP","floor":42},{"not_picked":["Slice+1","Bouncing Flask+1","Concentrate+1"],"picked":"Deflect+1","floor":45},{"not_picked":["Calculated Gamble+1","Expertise+1","Footwork"],"picked":"Cloak And Dagger+1","floor":47},{"not_picked":["Outmaneuver+1","Setup+1","Acrobatics+1","Caltrops"],"picked":"SKIP","floor":48}],"player_experience":297693,"relics_obtained":[{"floor":9.0,"key":"Bronze Scales"},{"floor":14.0,"key":"Omamori"},{"floor":26.0,"key":"Blue Candle"},{"floor":30.0,"key":"Toxic Egg 2"},{"floor":34.0,"key":"Incense Burner"},{"floor":34.0,"key":"Question Card"},{"floor":34.0,"key":"War Paint"},{"floor":40,"key":"Ancient Tea Set"},{"floor":43,"key":"Molten Egg 2"},{"floor":48,"key":"Pantograph"}],"event_choices":[{"event_name":"Upgrade Shrine","player_choice":"Upgraded","floor":7.0,"damage_taken":0.0},{"event_name":"Big Fish","player_choice":"Donut","floor":12.0,"damage_taken":0.0},{"event_name":"Addict","player_choice":"Ignored","floor":21.0,"damage_taken":0.0},{"event_name":"Bonfire Elementals","player_choice":"RARE","floor":22.0,"damage_taken":0.0},{"event_name":"MindBloom","player_choice":"Upgrade","floor":37.0,"damage_taken":0.0}],"is_beta":false,"boss_relics":[{"not_picked":["Empty Cage","Black Star"],"picked":"Coffee Dripper"},{"not_picked":["Tiny House","Lizard Tail"],"picked":"Calling Bell"}],"items_purged_floors":[10,27],"is_endless":false,"potions_floor_spawned":[2,3,4,14,16,18,29,31,33,35,38,42,45,47],"killed_by":"Awakened One","ascension_level":12}