{"gold_per_floor":[99,99,99,99,99,99,99,99,99,99,99,99,99,99,99,99,99,99,99,14,14,0,0,0,0,0,0,0,0,0,0,0,0,0,0,0,0,0,0,0,0,0,0,0,0,0,0,0,0,0],"floor_reached":51,"playtime":8178,"items_purged":[],"score":756,"play_id":"b6c5bfa7-edd7-4c45-bdbf-5f0c59ba182d","local_time":"20190318211305","is_ascension_mode":true,"campfire_choices":[{"data":"Cloak And Dagger","floor":6.0,"key":"SMITH"},{"floor":8.0,"key":"REST"},{"data":"Corpse Explosion","floor":12.0,"key":"SMITH"},{"floor":15.0,"key":"REST"},{"data":"Backstab","floor":24.0,"key":"SMITH"},{"data":"Blur","floor":30,"key":"SMITH"},{"data":"Well Laid Plans","floor":32,"key":"SMITH"},{"data":"Crippling Poison","floor":40,"key":"SMITH"},{"data":"Caltrops","floor":45,"key":"SMITH"},{"data":"Catalyst","floor":49,"key":"SMITH"}],"neow_cost":"NONE","seed_source_timestamp":0,"circlet_count":0,"master_deck":["Defend_G","Defend_G","Defend_G","Defend_G","Defend_G","Strike_G","Survivor","Neutralize+1","Acrobatics","PiercingWail","Cloak And Dagger+1","Backstab+1","Corpse Explosion+1","Terror","Deflect","Adrenaline","Crippling Poison+1","Blur+1","Blade Dance+1","Blade Dance","Blur+1","Well Laid Plans+1","Blur+1","Noxious Fumes+1","Endless Agony+1","Dash+1","PiercingWail+1","Bane+1","Caltrops+1","Catalyst+1","Finisher"],"special_seed":0,"relics":["Ectoplasm","Bird Faced Urn","Pocketwatch","NlothsMask","WristBlade","Pantograph","Old Coin","Meat on the Bone","Dream Catcher","Astrolabe","Torii","Letter Opener","Anchor","Bottled Tornado"],"potions_floor_usage":[33,41,47,50,50],"damage_taken":[{"damage":0.0,"enemies":"Cultist","floor":1.0,"turns":5.0},{"damage":0.0,"enemies":"Small Slimes","floor":2.0,"turns":3.0},{"damage":0.0,"enemies":"2 Louse","floor":3.0,"turns":4.0},{"damage":64.0,"enemies":"Gremlin Nob","floor":7.0,"turns":7.0},{"damage":2.0,"enemies":"Red Slaver","floor":10.0,"turns":3.0},{"damage":0.0,"enemies":"3 Louse","floor":13.0,"turns":3.0},{"damage":12.0,"enemies":"Gremlin Gang","floor":14.0,"turns":4.0},{"damage":9.0,"enemies":"Slime Boss","floor":16.0,"turns":9.0},{"damage":1.0,"enemies":"Shell Parasite","floor":18.0,"turns":5.0},{"damage":0.0,"enemies":"2 Thieves","floor":22.0,"turns":4.0},{"damage":19.0,"enemies":"Slavers","floor":23.0,"turns":3.0},{"damage":4.0,"enemies":"Book of Stabbing","floor":25.0,"turns":5.0},{"damage":7.0,"enemies":"Sentry and Sphere","floor":27.0,"turns":6.0},{"damage":4.0,"enemies":"3 Cultists","floor":28.0,"turns":6.0},{"damage":21,"enemies":"Snake Plant","floor":29,"turns":4},{"damage":23,"enemies":"Champ","floor":33,"turns":19},{"damage":0,"enemies":"3 Shapes","floor":35,"turns":5},{"damage":2,"enemies":"Orb Walker","floor":36,"turns":2},{"damage":1,"enemies":"3 Darklings","floor":37,"turns":6},{"damage":23,"enemies":"2 Orb Walkers","floor":38,"turns":6},{"damage":11,"enemies":"4 Shapes","floor":39,"turns":4},{"damage":30,"enemies":"Reptomancer","floor":41,"turns":9},{"damage":12,"enemies":"Sphere and 2 Shapes","floor":46,"turns":5},{"damage":11,"enemies":"Jaw Worm Horde","floor":47,"turns":4},{"damage":0,"enemies":"4 Shapes","floor":48,"turns":3},{"damage":52,"enemies":"Donu and Deca","floor":50,"turns":6}],"seed_played":"5511160310550859079","potions_obtained":[{"floor":7.0,"key":"Regen Potion"},{"floor":10.0,"key":"LiquidBronze"},{"floor":23.0,"key":"Dexterity Potion"},{"floor":27.0,"key":"GamblersBrew"},{"floor":33,"key":"Dexterity Potion"},{"floor":36,"key":"Strength Potion"},{"floor":41,"key":"SteroidPotion"},{"floor":46,"key":"PowerPotion"},{"floor":48,"key":"Strength Potion"}],"is_trial":false,"path_per_floor":["M","M","M","?","?","R","E","R","T","M","?","R","M","M","R","B",null,"M","?","?","$","M","E","R","E","T","M","M","M","R","?","R","B",null,"M","M","M","?","M","R","E","?","T","T","R","M","M","M","R","B",null],"character_chosen":"THE_SILENT","items_purchased":[],"campfire_rested":2,"item_purchase_floors":[],"current_hp_per_floor":[70,70,70,70,70,70,6,27,27,25,25,25,34,22,43,34,70,69,69,69,69,69,50,50,46,46,39,47,38,38,38,38,42,70,70,68,70,51,44,44,28,28,28,28,28,34,41,43,43,32],"gold":0,"neow_bonus":"BOSS_RELIC","is_prod":false,"is_daily":false,"chose_seed":false,"campfire_upgraded":8,"win_rate":0,"timestamp":1552961585,"path_taken":["M","?","M","?","?","R","E","R","T","?","?","R","?","M","R","BOSS","M","?","?","?","?","E","R","E","T","M","M","M","R","?","R","BOSS","M","M","M","?","M","R","E","?","T","?","R","M","?","M","R","BOSS"],"build_version":"2019-01-23","purchased_purges":0,"victory":true,"max_hp_per_floor":[70,70,70,70,70,70,70,70,70,70,70,70,70,70,70,70,70,70,70,70,70,70,70,70,70,70,70,70,70,70,70,70,70,70,70,70,70,70,70,70,70,70,70,70,70,70,70,70,70,70],"card_choices":[{"not_picked":["Slice","Prepared"],"picked":"Acrobatics","floor":1.0},{"not_picked":["Setup","Flying Knee"],"picked":"PiercingWail","floor":2.0},{"not_picked":["Prepared","Deadly Poison"],"picked":"Cloak And Dagger","floor":3.0},{"not_picked":["Blade Dance","Escape Plan"],"picked":"Backstab","floor":7.0},{"not_picked":["Distraction","Infinite Blades"],"picked":"Corpse Explosion","floor":10.0},{"not_picked":["Flechettes","Flying Knee"],"picked":"Terror","floor":13.0},{"not_picked":["Dagger Throw","PiercingWail"],"picked":"Deflect","floor":14.0},{"not_picked":["A Thousand Cuts","Die Die Die"],"picked":"Adrenaline","floor":16.0},{"not_picked":["Skewer","Acrobatics+1"],"picked":"Crippling Poison","floor":18.0},{"not_picked":["Flying Knee","Reflex"],"picked":"Blur+1","floor":22.0},{"not_picked":["Dagger Spray","Slice"],"picked":"Blade Dance+1","floor":23.0},{"not_picked":["Poisoned Stab","Sucker Punch"],"picked":"Blade Dance","floor":25.0},{"not_picked":["Corpse Explosion","Expertise"],"picked":"Blur","floor":27.0},{"not_picked":["Prepared+1","Flying Knee+1"],"picked":"Well Laid Plans","floor":28.0},{"not_picked":["Masterful Stab","Riddle With Holes"],"picked":"Blur+1","floor":29},{"not_picked":["Bullet Time","Venomology"],"picked":"Malaise","floor":33},{"not_picked":["Underhanded Strike+1","Expertise+1"],"picked":"PiercingWail+1","floor":35},{"not_picked":["Deflect","Deadly Poison","Tactician+1"],"picked":"SKIP","floor":36},{"not_picked":["PiercingWail+1","Well Laid Plans+1"],"picked":"Bane+1","floor":37},{"not_picked":["Underhanded Strike+1","Heel Hook+1","Slice"],"picked":"SKIP","floor":39},{"not_picked":["A Thousand Cuts","Dodge and Roll+1"],"picked":"Caltrops","floor":41},{"not_picked":["Bane","Outmaneuver+1","Infinite Blades+1"],"picked":"SKIP","floor":46},{"not_picked":["Concentrate+1","Quick Slash+1"],"picked":"Catalyst","floor":47},{"not_picked":["Cloak And Dagger","Dagger Throw+1"],"picked":"Finisher","floor":48}],"player_experience":68886,"relics_obtained":[{"floor":7.0,"key":"Bird Faced Urn"},{"floor":9.0,"key":"Pocketwatch"},{"floor":23.0,"key":"Meat on the Bone"},{"floor":25.0,"key":"Dream Catcher"},{"floor":38,"key":"Torii"},{"floor":41,"key":"Letter Opener"},{"floor":43,"key":"Anchor"},{"floor":44,"key":"Bottled Tornado"}],"event_choices":[{"damage_healed":0.0,"max_hp_gain":0.0,"max_hp_loss":0.0,"gold_gain":0.0,"event_name":"Living Wall","player_choice":"Grow","floor":4.0,"gold_loss":0.0,"damage_taken":0.0,"cards_upgraded":["Neutralize"]},{"cards_removed":["Strike_G"],"damage_healed":0.0,"max_hp_gain":0.0,"max_hp_loss":0.0,"gold_gain":0.0,"event_name":"Purifier","player_choice":"Purged","floor":5.0,"gold_loss":0.0,"damage_taken":0.0},{"damage_healed":0.0,"max_hp_gain":0.0,"max_hp_loss":0.0,"gold_gain":0.0,"event_name":"FaceTrader","player_choice":"Trade","floor":11.0,"gold_loss":0.0,"damage_taken":0.0,"relics_obtained":["NlothsMask"]},{"damage_healed":0.0,"max_hp_gain":0.0,"max_hp_loss":0.0,"gold_gain":0.0,"event_name":"The Mausoleum","player_choice":"Opened","floor":19.0,"gold_loss":0.0,"damage_taken":0.0,"relics_obtained":["Pantograph"]},{"damage_healed":0.0,"max_hp_gain":0.0,"max_hp_loss":0.0,"gold_gain":0.0,"event_name":"Addict","player_choice":"Obtained Relic","floor":20.0,"gold_loss":85.0,"damage_taken":0.0,"relics_obtained":["Old Coin"]},{"damage_healed":0,"gold_gain":0,"player_choice":"Ignored","damage_taken":0,"max_hp_gain":0,"max_hp_loss":0,"event_name":"Vampires","floor":31,"gold_loss":0},{"damage_healed":0,"gold_gain":0,"player_choice":"Fight","damage_taken":0,"max_hp_gain":0,"max_hp_loss":0,"event_name":"Mysterious Sphere","floor":38,"gold_loss":0},{"cards_removed":["Malaise"],"damage_healed":0,"gold_gain":0,"player_choice":"Removed Skill","damage_taken":0,"max_hp_gain":0,"max_hp_loss":0,"event_name":"Falling","floor":42,"gold_loss":0}],"is_beta":false,"boss_relics":[{"not_picked":["Fusion Hammer","Eternal Feather"],"picked":"WristBlade"},{"not_picked":["Lizard Tail","Velvet Choker"],"picked":"Astrolabe"}],"items_purged_floors":[],"is_endless":false,"potions_floor_spawned":[7,10,23,27,33,36,39,41,46,48],"ascension_level":1}