{"gold_per_floor":[116,116,127,127,127,158,158,176,176,176,188,188,204,214,214,319,319,336,91,101,117,130,130,229,229,299,299,312,322,322,342,342,342],"floor_reached":33,"playtime":2613,"items_purged":[],"score":251,"play_id":"0eaebf42-2561-4706-a91f-b6f197e7fae7","local_time":"20181221175224","is_ascension_mode":false,"campfire_choices":[{"floor":7,"key":"REST"},{"floor":10,"key":"REST"},{"floor":12,"key":"REST"},{"data":"Bash","floor":15,"key":"SMITH"},{"floor":23,"key":"REST"},{"data":"Infernal Blade","floor":25,"key":"SMITH"},{"data":"Flame Barrier","floor":27,"key":"SMITH"},{"floor":30,"key":"REST"},{"floor":32,"key":"REST"}],"neow_cost":"NONE","seed_source_timestamp":61010215641464,"circlet_count":0,"master_deck":["Strike_R","Strike_R","Strike_R","Defend_R","Defend_R","Defend_R","Bash+1","Heavy Blade","Armaments+1","Reckless Charge","Carnage","Pommel Strike","Infernal Blade+1","Thunderclap","Juggernaut","Heavy Blade+1","Heavy Blade+1","Juggernaut+1","Seeing Red","Armaments+1","Flame Barrier+1","Warcry","Shrug It Off","Barricade","Ghostly Armor+1"],"relics":["Burning Blood","Self Forming Clay","Bottled Flame","Astrolabe","Bottled Tornado","Shuriken"],"potions_floor_usage":[29,29,29],"damage_taken":[{"damage":6,"enemies":"Jaw Worm","floor":1,"turns":3},{"damage":1,"enemies":"2 Louse","floor":3,"turns":2},{"damage":79,"enemies":"Gremlin Nob","floor":6,"turns":7},{"damage":6,"enemies":"Cultist","floor":8,"turns":3},{"damage":16,"enemies":"Large Slime","floor":11,"turns":4},{"damage":11,"enemies":"Exordium Wildlife","floor":13,"turns":4},{"damage":3,"enemies":"Red Slaver","floor":14,"turns":3},{"damage":49,"enemies":"The Guardian","floor":16,"turns":10},{"damage":15,"enemies":"Chosen","floor":18,"turns":4},{"damage":15,"enemies":"3 Byrds","floor":20,"turns":4},{"damage":28,"enemies":"Cultist and Chosen","floor":21,"turns":6},{"damage":21,"enemies":"Shelled Parasite and Fungi","floor":22,"turns":7},{"damage":42,"enemies":"Centurion and Healer","floor":28,"turns":6},{"damage":11,"enemies":"Cultist and Chosen","floor":29,"turns":5},{"damage":26,"enemies":"3 Cultists","floor":31,"turns":6},{"damage":70,"enemies":"Automaton","floor":33,"turns":8}],"seed_played":"6481639284918766904","potions_obtained":[{"floor":3,"key":"Explosive Potion"},{"floor":13,"key":"BloodPotion"},{"floor":16,"key":"Energy Potion"},{"floor":28,"key":"Fruit Juice"}],"is_trial":false,"path_per_floor":["M","?","M","?","$","E","R","M","T","R","M","R","M","M","R","B",null,"M","$","M","M","M","R","?","R","T","R","M","M","R","M","R","B"],"character_chosen":"IRONCLAD","items_purchased":["Bottled Tornado"],"campfire_rested":6,"item_purchase_floors":[19],"current_hp_per_floor":[88,88,88,88,88,15,41,41,41,67,57,83,78,81,81,38,88,79,79,70,48,33,59,59,59,59,59,23,32,59,39,66,0],"gold":342,"neow_bonus":"TEN_PERCENT_HP_BONUS","is_prod":false,"is_daily":false,"chose_seed":false,"campfire_upgraded":3,"win_rate":0,"timestamp":1545443544,"path_taken":["M","?","M","?","$","E","R","M","T","R","M","R","?","M","R","BOSS","M","$","M","M","M","R","?","R","T","R","M","M","R","M","R","BOSS"],"build_version":"2018-12-20","purchased_purges":0,"victory":false,"max_hp_per_floor":[88,88,88,88,88,88,88,88,88,88,88,88,88,88,88,88,88,88,88,88,88,88,88,88,88,88,88,88,93,93,93,93,93],"card_choices":[{"not_picked":["Warcry","Twin Strike"],"picked":"Heavy Blade","floor":1},{"not_picked":["Iron Wave","Perfected Strike"],"picked":"Armaments","floor":3},{"not_picked":["True Grit","Hemokinesis"],"picked":"Reckless Charge","floor":6},{"not_picked":["Burning Pact","Sever Soul"],"picked":"Carnage","floor":8},{"not_picked":["Body Slam","Flex"],"picked":"Pommel Strike","floor":11},{"not_picked":["Dark Embrace","Headbutt"],"picked":"Infernal Blade","floor":13},{"not_picked":["True Grit","Anger"],"picked":"Thunderclap","floor":14},{"not_picked":["Reaper","Bludgeon"],"picked":"Juggernaut","floor":16},{"not_picked":["Body Slam","Anger"],"picked":"Seeing Red","floor":18},{"not_picked":["Flex","Combust"],"picked":"Armaments+1","floor":20},{"not_picked":["Rampage+1","True Grit"],"picked":"Flame Barrier","floor":21},{"not_picked":["Heavy Blade","Armaments"],"picked":"Warcry","floor":22},{"not_picked":["Fire Breathing+1","Bloodletting"],"picked":"Shrug It Off","floor":28},{"not_picked":["Warcry","Sword Boomerang+1"],"picked":"Barricade","floor":29},{"not_picked":["Clothesline+1","Carnage"],"picked":"Ghostly Armor+1","floor":31}],"player_experience":106379,"relics_obtained":[{"floor":6,"key":"Self Forming Clay"},{"floor":9,"key":"Bottled Flame"},{"floor":26,"key":"Shuriken"}],"event_choices":[{"damage_healed":0,"gold_gain":0,"player_choice":"Leave","damage_taken":0,"max_hp_gain":0,"max_hp_loss":0,"event_name":"The Cleric","floor":2,"gold_loss":0},{"damage_healed":0,"gold_gain":0,"player_choice":"Upgraded","damage_taken":0,"max_hp_gain":0,"max_hp_loss":0,"event_name":"Upgrade Shrine","floor":4,"gold_loss":0,"cards_upgraded":["Armaments"]},{"damage_healed":0,"gold_gain":99,"player_choice":"Stole From Cult","damage_taken":0,"max_hp_gain":0,"max_hp_loss":0,"event_name":"Nest","floor":24,"gold_loss":0}],"is_beta":false,"boss_relics":[{"not_picked":["Runic Cube","Lizard Tail"],"picked":"Astrolabe"}],"items_purged_floors":[],"is_endless":false,"potions_floor_spawned":[3,13,16,18,28],"killed_by":"Automaton","ascension_level":0}