{"gold_per_floor":[112,187,200,125,137,137,169,169,169,169,179,191,191,45,45,147,147,157,157,168,43,43,76,76,94,119,133,133,147,147,147,147,251,251,261,261],"floor_reached":36,"playtime":2390,"items_purged":["Defend_B","Defend_B","Strike_B"],"score":427,"play_id":"ab3e61f3-9bfb-434f-b74f-9b192c52e0d0","local_time":"20190212005634","is_ascension_mode":true,"campfire_choices":[{"data":"Zap","floor":6,"key":"SMITH"},{"data":"Dualcast","floor":10,"key":"SMITH"},{"data":"Defend_B","floor":15,"key":"SMITH"},{"data":"Coolheaded","floor":24,"key":"SMITH"},{"floor":32,"key":"REST"}],"neow_cost":"NONE","seed_source_timestamp":213338869679583,"circlet_count":0,"master_deck":["Strike_B","Defend_B+1","Defend_B","Zap+1","Dualcast+1","Go for the Eyes","Coolheaded+1","Coolheaded+1"],"relics":["Cracked Core","Letter Opener","Mummified Hand","FaceOfCleric","Runic Pyramid","Orichalcum","Ancient Tea Set","Nuclear Battery"],"potions_floor_usage":[7,16,23,23,33,33,33,36],"damage_taken":[{"damage":0,"enemies":"2 Louse","floor":1,"turns":2},{"damage":0,"enemies":"Cultist","floor":3,"turns":3},{"damage":0,"enemies":"Small Slimes","floor":5,"turns":3},{"damage":21,"enemies":"Lagavulin","floor":7,"turns":6},{"damage":7,"enemies":"Exordium Thugs","floor":11,"turns":4},{"damage":0,"enemies":"Exordium Wildlife","floor":12,"turns":4},{"damage":13,"enemies":"Hexaghost","floor":16,"turns":9},{"damage":2,"enemies":"Spheric Guardian","floor":18,"turns":4},{"damage":17,"enemies":"Colosseum Slavers","floor":19,"turns":4},{"damage":7,"enemies":"2 Thieves","floor":20,"turns":3},{"damage":0,"enemies":"Book of Stabbing","floor":23,"turns":4},{"damage":0,"enemies":"Centurion and Healer","floor":25,"turns":3},{"damage":11,"enemies":"Snecko","floor":27,"turns":7},{"damage":0,"enemies":"Sentry and Sphere","floor":29,"turns":3},{"damage":17,"enemies":"Automaton","floor":33,"turns":9},{"damage":0,"enemies":"Orb Walker","floor":35,"turns":3},{"damage":101,"enemies":"2 Orb Walkers","floor":36,"turns":5}],"seed_played":"-818648626966634375","potions_obtained":[{"floor":3,"key":"Swift Potion"},{"floor":7,"key":"Weak Potion"},{"floor":11,"key":"LiquidBronze"},{"floor":12,"key":"SpeedPotion"},{"floor":20,"key":"Weak Potion"},{"floor":23,"key":"Weak Potion"},{"floor":25,"key":"Dexterity Potion"},{"floor":33,"key":"Energy Potion"},{"floor":35,"key":"Block Potion"}],"is_trial":false,"path_per_floor":["M","?","M","$","M","R","E","?","T","R","M","M","?","$","R","B",null,"M","?","M","$","?","E","R","M","T","M","$","M","?","$","R","B",null,"M","?"],"character_chosen":"DEFECT","items_purchased":["Coolheaded"],"campfire_rested":1,"item_purchase_floors":[14],"current_hp_per_floor":[75,64,64,64,64,64,43,43,43,43,36,36,36,36,36,24,76,75,59,53,53,53,54,54,55,55,45,45,46,46,46,70,54,84,85,0],"gold":261,"neow_bonus":"TRANSFORM_CARD","is_prod":false,"is_daily":false,"chose_seed":false,"campfire_upgraded":4,"win_rate":0,"timestamp":1549950994,"path_taken":["M","?","M","$","M","R","E","?","T","R","M","?","?","$","R","BOSS","M","?","M","$","?","E","R","M","T","?","?","M","?","$","R","BOSS","M","?"],"build_version":"2019-01-23","purchased_purges":3,"victory":false,"max_hp_per_floor":[75,75,75,75,75,75,75,75,75,75,75,75,75,75,75,76,76,77,78,79,79,79,80,80,81,81,82,82,83,83,83,83,84,84,85,85],"card_choices":[{"not_picked":["Redo","Skim","Undo"],"picked":"SKIP","floor":1},{"not_picked":["Rip and Tear","Beam Cell","Aggregate"],"picked":"SKIP","floor":3},{"not_picked":["Barrage","Steam","Chill"],"picked":"SKIP","floor":5},{"not_picked":["Heatsinks","Rebound","Loop"],"picked":"SKIP","floor":7},{"not_picked":["Ball Lightning","Beam Cell","Redo"],"picked":"SKIP","floor":11},{"not_picked":["Conserve Battery","Go for the Eyes","Stack"],"picked":"SKIP","floor":12},{"not_picked":["Compile Driver","Force Field","Turbo"],"picked":"SKIP","floor":18},{"not_picked":["Steam Power+1","Sunder+1"],"picked":"Coolheaded+1","floor":20},{"not_picked":["FTL","Go for the Eyes","Melter"],"picked":"SKIP","floor":23},{"not_picked":["Skim+1","Rebound+1","FTL+1"],"picked":"SKIP","floor":25},{"not_picked":["Auto Shields","FTL+1","Steam Power"],"picked":"SKIP","floor":27},{"not_picked":["Sweeping Beam","Streamline","Heatsinks"],"picked":"SKIP","floor":29},{"not_picked":["Turbo+1","Rebound+1","Hologram"],"picked":"SKIP","floor":35}],"player_experience":782841,"relics_obtained":[{"floor":7,"key":"Letter Opener"},{"floor":9,"key":"Mummified Hand"},{"floor":23,"key":"Orichalcum"},{"floor":26,"key":"Ancient Tea Set"}],"event_choices":[{"damage_healed":0,"gold_gain":75,"player_choice":"Gather Gold","damage_taken":11,"max_hp_gain":0,"max_hp_loss":0,"event_name":"World of Goop","floor":2,"gold_loss":0},{"cards_removed":["Strike_B"],"damage_healed":0,"gold_gain":0,"player_choice":"Offered Basic","damage_taken":0,"max_hp_gain":0,"max_hp_loss":0,"event_name":"Bonfire Elementals","floor":8,"gold_loss":0},{"damage_healed":0,"gold_gain":0,"player_choice":"Trade","damage_taken":0,"relics_obtained":["FaceOfCleric"],"max_hp_gain":0,"max_hp_loss":0,"event_name":"FaceTrader","floor":13,"gold_loss":0},{"damage_healed":0,"gold_gain":0,"player_choice":"Fight","damage_taken":0,"max_hp_gain":0,"max_hp_loss":0,"event_name":"Colosseum","floor":19,"gold_loss":0},{"damage_healed":0,"gold_gain":0,"player_choice":"Fled From Nobs","damage_taken":0,"max_hp_gain":0,"max_hp_loss":0,"event_name":"Colosseum","floor":19,"gold_loss":0},{"damage_healed":0,"gold_gain":0,"player_choice":"Ignored","damage_taken":0,"max_hp_gain":0,"max_hp_loss":0,"event_name":"Duplicator","floor":22,"gold_loss":0},{"damage_healed":0,"gold_gain":0,"player_choice":"Ignored","damage_taken":0,"max_hp_gain":0,"max_hp_loss":0,"event_name":"The Mausoleum","floor":30,"gold_loss":0},{"damage_healed":0,"gold_gain":0,"player_choice":"Fight","damage_taken":0,"max_hp_gain":0,"max_hp_loss":0,"event_name":"Mysterious Sphere","floor":36,"gold_loss":0}],"is_beta":false,"boss_relics":[{"not_picked":["Eternal Feather","Calling Bell"],"picked":"Runic Pyramid"},{"not_picked":["Cursed Key","Inserter"],"picked":"Nuclear Battery"}],"items_purged_floors":[4,14,21],"is_endless":false,"potions_floor_spawned":[3,7,11,12,20,23,25,33,35],"killed_by":"2 Orb Walkers","ascension_level":1}