{"gold_per_floor":[117,136,156,156,15,15,35,35,35,51,85,85,85,103,103,198,198,185,205,205,223,323,323,335,360,386,421,421,421,449,374,374,477,477,492,504,504,514,180,180,190,190,190,201,201,217,217,227,227,227,227,227,53,83,83],"floor_reached":55,"playtime":7652,"items_purged":["Strike_R","Strike_R"],"score":738,"play_id":"f7ca869d-00bd-4dbf-9d46-f2a9fbde3eed","local_time":"20190411214114","is_ascension_mode":true,"campfire_choices":[{"floor":6.0,"key":"RECALL"},{"data":"Flame Barrier","floor":8.0,"key":"SMITH"},{"data":"True Grit","floor":12.0,"key":"SMITH"},{"data":"Body Slam","floor":15.0,"key":"SMITH"},{"floor":23.0,"key":"REST"},{"floor":29.0,"key":"REST"},{"floor":32,"key":"REST"},{"data":"Impervious","floor":40,"key":"SMITH"},{"data":"Fiend Fire","floor":42,"key":"SMITH"},{"data":"Inflame","floor":45,"key":"SMITH"},{"data":"Metallicize","floor":47,"key":"SMITH"},{"data":"Shrug It Off","floor":49,"key":"SMITH"},{"data":"Disarm","floor":52,"key":"SMITH"}],"neow_cost":"NONE","seed_source_timestamp":0,"circlet_count":0,"master_deck":["Strike_R","Strike_R","Strike_R","Defend_R","Defend_R","Defend_R","Defend_R","Bash","Metallicize+1","True Grit+1","Spot Weakness","Impervious+1","Flame Barrier+1","Shrug It Off+1","Inflame+1","Body Slam+1","Fiend Fire+1","Flex","Pommel Strike+1","RitualDagger","Disarm+1","Offering+1","Sentinel+1","Ghostly Armor+1","Bloodletting+1","Reaper","Body Slam+1","Flex+1","Offering+1","Dual Wield+1","Entrench+1","Shrug It Off+1","Clothesline+1","Battle Trance+1","Battle Trance+1"],"special_seed":0,"relics":["Burning Blood","Oddly Smooth Stone","CultistMask","Mango","Dream Catcher","Lizard Tail","Ice Cream","Toxic Egg 2","Ancient Tea Set","Boot","Incense Burner","Regal Pillow","Cursed Key","Thread and Needle","Ornamental Fan"],"potions_floor_usage":[41,55,55,55],"damage_taken":[{"damage":2.0,"enemies":"Jaw Worm","floor":1.0,"turns":5.0},{"damage":0.0,"enemies":"Cultist","floor":2.0,"turns":4.0},{"damage":4.0,"enemies":"2 Louse","floor":3.0,"turns":4.0},{"damage":0.0,"enemies":"Red Slaver","floor":7.0,"turns":5.0},{"damage":6.0,"enemies":"2 Fungi Beasts","floor":10.0,"turns":4.0},{"damage":21.0,"enemies":"Gremlin Nob","floor":11.0,"turns":6.0},{"damage":2.0,"enemies":"Large Slime","floor":14.0,"turns":9.0},{"damage":20.0,"enemies":"Slime Boss","floor":16.0,"turns":17.0},{"damage":18.0,"enemies":"2 Thieves","floor":18.0,"turns":4.0},{"damage":4.0,"enemies":"Shell Parasite","floor":19.0,"turns":4.0},{"damage":30.0,"enemies":"3 Cultists","floor":21.0,"turns":7.0},{"damage":27.0,"enemies":"Colosseum Slavers","floor":22.0,"turns":5.0},{"damage":39.0,"enemies":"Colosseum Nobs","floor":22.0,"turns":8.0},{"damage":6.0,"enemies":"Centurion and Healer","floor":24.0,"turns":3.0},{"damage":9.0,"enemies":"Gremlin Leader","floor":25.0,"turns":12.0},{"damage":18.0,"enemies":"Book of Stabbing","floor":27.0,"turns":5.0},{"damage":43.0,"enemies":"Slavers","floor":30.0,"turns":7.0},{"damage":33,"enemies":"Champ","floor":33,"turns":12},{"damage":19,"enemies":"3 Darklings","floor":35,"turns":4},{"damage":26,"enemies":"Orb Walker","floor":36,"turns":4},{"damage":20,"enemies":"4 Shapes","floor":38,"turns":5},{"damage":23,"enemies":"Sphere and 2 Shapes","floor":41,"turns":6},{"damage":6,"enemies":"Transient","floor":44,"turns":5},{"damage":3,"enemies":"Jaw Worm Horde","floor":46,"turns":3},{"damage":26,"enemies":"4 Shapes","floor":48,"turns":5},{"damage":51,"enemies":"Donu and Deca","floor":50,"turns":7},{"damage":31,"enemies":"Shield and Spear","floor":54,"turns":9},{"damage":99,"enemies":"The Heart","floor":55,"turns":8}],"seed_played":"4078089048911892751","potions_obtained":[{"floor":2.0,"key":"GamblersBrew"},{"floor":7.0,"key":"Explosive Potion"},{"floor":10.0,"key":"SteroidPotion"},{"floor":11.0,"key":"GamblersBrew"},{"floor":14.0,"key":"Energy Potion"},{"floor":18.0,"key":"Fire Potion"},{"floor":22.0,"key":"SneckoOil"},{"floor":24.0,"key":"Weak Potion"},{"floor":25.0,"key":"Explosive Potion"},{"floor":35,"key":"Strength Potion"},{"floor":36,"key":"Strength Potion"}],"is_trial":false,"path_per_floor":["?","$","M","?","?","?","?","?","M"],"character_chosen":"IRONCLAD","items_purchased":["Impervious","Thread and Needle","Block Potion","EssenceOfSteel"],"campfire_rested":3,"item_purchase_floors":[5,39,39,53],"current_hp_per_floor":[80,80,80,80,80,80,80,80,80,80,79,79,79,83,83,69,94,82,84,78,54,53,81,81,78,78,66,66,94,57,57,94,73,94,94,74,74,84,84,84,77,77,77,82,82,85,85,84,84,51,94,94,94,89,0],"gold":83,"neow_bonus":"RANDOM_COMMON_RELIC","is_prod":false,"is_daily":false,"chose_seed":false,"campfire_upgraded":9,"win_rate":0,"timestamp":1555033274,"path_taken":["M","M","M","?","?","R","M","R","T","?","E","R","?","M","R","BOSS","M","M","?","M","?","R","M","E","T","E","?","R","E","$","R","BOSS","M","M","?","M","$","R","?","R","T","M","R","M","R","M","R","BOSS","R","$","E","BOSS"],"build_version":"2019-01-23","purchased_purges":2,"victory":false,"max_hp_per_floor":[80,80,80,80,80,80,80,80,80,80,94,94,94,94,94,94,94,94,94,94,94,94,94,94,94,94,94,94,94,94,94,94,94,94,94,94,94,94,94,94,94,94,94,94,94,94,94,94,94,94,94,94,94,94,94],"card_choices":[{"not_picked":["Twin Strike","Anger"],"picked":"Metallicize","floor":1.0},{"not_picked":["Combust","Armaments"],"picked":"True Grit","floor":2.0},{"not_picked":["Clash","Corruption"],"picked":"Spot Weakness","floor":3.0},{"not_picked":["Iron Wave","Havoc"],"picked":"Flame Barrier","floor":7.0},{"not_picked":["Clash","True Grit"],"picked":"Shrug It Off","floor":10.0},{"not_picked":["Havoc","Whirlwind"],"picked":"Inflame","floor":11.0},{"not_picked":["Rage","Iron Wave"],"picked":"Body Slam","floor":14.0},{"not_picked":["Bludgeon","Dark Embrace"],"picked":"Fiend Fire","floor":16.0},{"not_picked":["Body Slam","Sword Boomerang"],"picked":"Flex","floor":18.0},{"not_picked":["Wild Strike+1","Twin Strike"],"picked":"Pommel Strike+1","floor":19.0},{"not_picked":["Armaments","Thunderclap"],"picked":"Disarm","floor":21.0},{"not_picked":["Havoc","Shrug It Off"],"picked":"Offering","floor":22.0},{"not_picked":["Shrug It Off+1","Anger"],"picked":"Sentinel+1","floor":23.0},{"not_picked":["Cleave","Uppercut"],"picked":"Ghostly Armor+1","floor":24.0},{"not_picked":["Thunderclap","Perfected Strike+1"],"picked":"Bloodletting+1","floor":25.0},{"not_picked":["Anger","Perfected Strike"],"picked":"Reaper","floor":27.0},{"not_picked":["Perfected Strike","Shrug It Off+1"],"picked":"Flex+1","floor":29.0},{"not_picked":["Second Wind+1","Juggernaut","Wild Strike"],"picked":"SKIP","floor":30},{"not_picked":["Juggernaut","Brutality"],"picked":"Offering+1","floor":33},{"not_picked":["Iron Wave","Cleave","Havoc+1"],"picked":"SKIP","floor":35},{"not_picked":["Dropkick+1","Power Through+1"],"picked":"Dual Wield+1","floor":36},{"not_picked":["Thunderclap","Anger+1"],"picked":"Shrug It Off+1","floor":38},{"not_picked":["Juggernaut","Battle Trance+1"],"picked":"Clothesline+1","floor":41},{"not_picked":["Clash","Shrug It Off+1","Hemokinesis+1"],"picked":"SKIP","floor":44},{"not_picked":["Corruption","Shockwave+1"],"picked":"Battle Trance+1","floor":46},{"not_picked":["True Grit+1","Thunderclap","Cleave+1"],"picked":"SKIP","floor":48},{"not_picked":["Clash","Battle Trance+1","Rampage"],"picked":"SKIP","floor":54},{"not_picked":["Clash","Rampage"],"picked":"Battle Trance+1","floor":54}],"player_experience":119285,"relics_obtained":[{"floor":11.0,"key":"Mango"},{"floor":22.0,"key":"Ice Cream"},{"floor":22.0,"key":"Toxic Egg 2"},{"floor":25.0,"key":"Ancient Tea Set"},{"floor":26.0,"key":"Boot"},{"floor":27.0,"key":"Incense Burner"},{"floor":30,"key":"Regal Pillow"},{"floor":54,"key":"Ornamental Fan"}],"event_choices":[{"damage_healed":0.0,"max_hp_gain":0.0,"max_hp_loss":0.0,"gold_gain":0.0,"event_name":"FaceTrader","player_choice":"Trade","floor":4.0,"gold_loss":0.0,"damage_taken":0.0,"relics_obtained":["CultistMask"]},{"damage_healed":0.0,"max_hp_gain":0.0,"max_hp_loss":0.0,"gold_gain":0.0,"event_name":"WeMeetAgain","player_choice":"Gave Potion","floor":13.0,"gold_loss":0.0,"damage_taken":0.0,"relics_obtained":["Dream Catcher"]},{"damage_healed":0.0,"max_hp_gain":0.0,"max_hp_loss":0.0,"gold_gain":0.0,"event_name":"Nest","player_choice":"Joined the Cult","floor":20.0,"gold_loss":0.0,"damage_taken":6.0,"cards_obtained":["RitualDagger"]},{"damage_healed":0.0,"max_hp_gain":0.0,"max_hp_loss":0.0,"gold_gain":0.0,"event_name":"Colosseum","player_choice":"Fight","floor":22.0,"gold_loss":0.0,"damage_taken":0.0},{"damage_healed":0.0,"max_hp_gain":0.0,"max_hp_loss":0.0,"gold_gain":0.0,"event_name":"Colosseum","player_choice":"Fought Nobs","floor":22.0,"gold_loss":0.0,"damage_taken":0.0},{"damage_healed":0.0,"max_hp_gain":0.0,"max_hp_loss":0.0,"gold_gain":0.0,"event_name":"Duplicator","player_choice":"Copied","floor":28.0,"gold_loss":0.0,"damage_taken":0.0,"cards_obtained":["Body Slam"]},{"damage_healed":0,"gold_gain":0,"player_choice":"1 cards matched","damage_taken":0,"max_hp_gain":0,"max_hp_loss":0,"event_name":"Match and Keep!","floor":37,"gold_loss":0,"cards_obtained":["Entrench"]}],"is_beta":false,"boss_relics":[{"not_picked":["Black Blood","Snecko Eye"],"picked":"Lizard Tail"},{"not_picked":["Astrolabe","Runic Cube"],"picked":"Cursed Key"}],"items_purged_floors":[31,53],"is_endless":false,"potions_floor_spawned":[2,7,10,11,14,18,22,24,25,35,36,54],"killed_by":"The Heart","ascension_level":1}