{"gold_per_floor":[369,379,60,60,70,99,109,122,122,153,48,79,79,94,94,196,196,214,139,70,90,107,107,137,137,214,214,249,268,15,15,15,110,110,123,123,139,153,172,202,219,219,219,219,229,241,275,10,10,10],"floor_reached":51,"playtime":4641,"items_purged":[],"score":819,"play_id":"31ddee44-34d7-4fa3-bafa-22dc8a632abd","local_time":"20190101022025","is_ascension_mode":false,"campfire_choices":[{"data":"Combust","floor":13,"key":"SMITH"},{"data":"Clothesline","floor":15,"key":"SMITH"},{"floor":23,"key":"REST"},{"data":"Strike_R","floor":25,"key":"PURGE"},{"data":"Strike_R","floor":27,"key":"PURGE"},{"floor":32,"key":"REST"},{"data":"Strike_R","floor":42,"key":"PURGE"},{"data":"True Grit","floor":44,"key":"PURGE"},{"data":"Flex","floor":49,"key":"PURGE"}],"neow_cost":"TEN_PERCENT_HP_LOSS","seed_source_timestamp":23568761787462,"circlet_count":0,"master_deck":["Defend_R","Defend_R+1","Defend_R+1","Bash","Pommel Strike","Clothesline+1","Reaper","Headbutt","Battle Trance","Flame Barrier","Corruption","Combust+1","Impervious","Rupture+1","Disarm","Armaments+1","Flame Barrier+1","Shrug It Off+1","Battle Trance","Pommel Strike","Shockwave","Shrug It Off","Sword Boomerang","Rampage","Brutality+1","Shrug It Off+1","Feel No Pain+1","Metallicize+1","Shrug It Off+1","Metallicize+1","Shrug It Off+1","Armaments+1","Shockwave+1","Shrug It Off+1","Heavy Blade","Iron Wave"],"relics":["Burning Blood","Self Forming Clay","War Paint","Oddly Smooth Stone","Strawberry","Pear","Fusion Hammer","Peace Pipe","Frozen Egg 2","Sundial","Centennial Puzzle","Snecko Eye","Toxic Egg 2","Bottled Tornado","Blood Vial"],"potions_floor_usage":[10,16,29,41,50,50],"damage_taken":[{"damage":1,"enemies":"2 Louse","floor":1,"turns":3},{"damage":6,"enemies":"Jaw Worm","floor":2,"turns":3},{"damage":6,"enemies":"Cultist","floor":5,"turns":3},{"damage":28,"enemies":"Lagavulin","floor":6,"turns":10},{"damage":15,"enemies":"Exordium Wildlife","floor":7,"turns":7},{"damage":0,"enemies":"Large Slime","floor":8,"turns":5},{"damage":17,"enemies":"Gremlin Nob","floor":10,"turns":4},{"damage":12,"enemies":"Lagavulin","floor":12,"turns":9},{"damage":12,"enemies":"Blue Slaver","floor":14,"turns":3},{"damage":57,"enemies":"Slime Boss","floor":16,"turns":13},{"damage":7,"enemies":"Shell Parasite","floor":18,"turns":4},{"damage":4,"enemies":"Spheric Guardian","floor":21,"turns":5},{"damage":4,"enemies":"3 Cultists","floor":22,"turns":5},{"damage":17,"enemies":"Book of Stabbing","floor":24,"turns":6},{"damage":74,"enemies":"Gremlin Leader","floor":28,"turns":9},{"damage":3,"enemies":"Snecko","floor":29,"turns":5},{"damage":11,"enemies":"Champ","floor":33,"turns":11},{"damage":14,"enemies":"3 Shapes","floor":35,"turns":4},{"damage":3,"enemies":"Orb Walker","floor":37,"turns":4},{"damage":6,"enemies":"Spire Growth","floor":38,"turns":4},{"damage":9,"enemies":"Maw","floor":39,"turns":7},{"damage":28,"enemies":"Nemesis","floor":40,"turns":7},{"damage":3,"enemies":"3 Darklings","floor":41,"turns":4},{"damage":8,"enemies":"Spire Growth","floor":45,"turns":5},{"damage":8,"enemies":"Sphere and 2 Shapes","floor":46,"turns":4},{"damage":7,"enemies":"Reptomancer","floor":47,"turns":6},{"damage":15,"enemies":"Awakened One","floor":50,"turns":10}],"seed_played":"-9119672548299230101","potions_obtained":[{"floor":1,"key":"Dexterity Potion"},{"floor":6,"key":"Strength Potion"},{"floor":7,"key":"GamblersBrew"},{"floor":14,"key":"GamblersBrew"},{"floor":16,"key":"Energy Potion"},{"floor":18,"key":"EntropicBrew"},{"floor":35,"key":"Swift Potion"},{"floor":45,"key":"Poison Potion"},{"floor":46,"key":"BloodPotion"}],"is_trial":false,"path_per_floor":["M","M","$","?","M","E","M","M","T","E","$","E","R","M","R","B",null,"M","?","$","M","M","R","E","R","T","R","E","M","$","?","R","B",null,"M","?","M","M","M","E","M","R","T","R","M","M","E","$","R","B",null],"character_chosen":"IRONCLAD","items_purchased":["Self Forming Clay","Reaper","Flame Barrier","Corruption","Disarm","Shockwave","Centennial Puzzle","Shrug It Off","Shockwave+1","Shrug It Off+1","Heavy Blade","Iron Wave","EssenceOfSteel"],"campfire_rested":2,"item_purchase_floors":[3,3,11,11,20,30,30,30,48,48,48,48,48],"current_hp_per_floor":[72,72,72,77,77,59,50,62,62,64,64,72,72,72,72,29,94,94,94,94,94,94,94,92,92,92,92,27,30,30,30,58,70,94,94,94,94,94,94,91,94,94,94,94,94,93,94,94,94,94],"gold":10,"neow_bonus":"TWO_FIFTY_GOLD","is_prod":false,"is_daily":false,"chose_seed":false,"campfire_upgraded":2,"win_rate":0.0,"timestamp":1546305625,"path_taken":["M","M","$","?","M","E","M","M","T","E","$","E","R","M","R","BOSS","M","?","$","M","M","R","E","R","T","R","E","M","$","?","R","BOSS","M","?","M","M","M","E","M","R","T","R","M","M","E","$","R","BOSS"],"build_version":"2018-12-20","purchased_purges":0,"victory":true,"max_hp_per_floor":[72,72,72,77,77,77,77,77,77,84,84,94,94,94,94,94,94,94,94,94,94,94,94,94,94,94,94,94,94,94,94,94,94,94,94,94,94,94,94,94,94,94,94,94,94,94,94,94,94,94],"card_choices":[{"not_picked":["Ghostly Armor","Warcry"],"picked":"Pommel Strike","floor":1},{"not_picked":["Carnage","Rampage"],"picked":"Clothesline","floor":2},{"not_picked":["Body Slam","Shrug It Off"],"picked":"Headbutt","floor":5},{"not_picked":["Sword Boomerang","Dropkick","Headbutt"],"picked":"SKIP","floor":6},{"not_picked":["Sword Boomerang","Reckless Charge"],"picked":"Flex","floor":7},{"not_picked":["Fire Breathing","Bloodletting"],"picked":"True Grit","floor":8},{"not_picked":["Body Slam","Berserk"],"picked":"Battle Trance","floor":10},{"not_picked":["Perfected Strike","Flex"],"picked":"Combust","floor":12},{"not_picked":["Second Wind","Sword Boomerang","Flex"],"picked":"SKIP","floor":14},{"not_picked":["Double Tap","Barricade"],"picked":"Impervious","floor":16},{"not_picked":["Second Wind","Clothesline"],"picked":"Rupture+1","floor":18},{"not_picked":["Thunderclap+1","Anger"],"picked":"Armaments+1","floor":21},{"not_picked":["Armaments","Clash"],"picked":"Flame Barrier+1","floor":22},{"not_picked":["Warcry","Clash+1"],"picked":"Shrug It Off+1","floor":24},{"not_picked":["True Grit","Sever Soul"],"picked":"Battle Trance","floor":28},{"not_picked":["Bloodletting","Iron Wave"],"picked":"Pommel Strike","floor":29},{"not_picked":["Offering","Barricade+1"],"picked":"Brutality+1","floor":33},{"not_picked":["Perfected Strike","Combust+1","Clothesline+1"],"picked":"SKIP","floor":35},{"not_picked":["Intimidate","Headbutt+1"],"picked":"Shrug It Off+1","floor":37},{"not_picked":["Flex","Iron Wave+1"],"picked":"Feel No Pain+1","floor":38},{"not_picked":["Second Wind","Perfected Strike+1","Intimidate+1"],"picked":"SKIP","floor":39},{"not_picked":["Shrug It Off","Perfected Strike"],"picked":"Metallicize+1","floor":40},{"not_picked":["Thunderclap+1","Rage+1"],"picked":"Shrug It Off+1","floor":41},{"not_picked":["Armaments+1","Offering+1"],"picked":"Metallicize+1","floor":45},{"not_picked":["Pommel Strike","Headbutt"],"picked":"Shrug It Off+1","floor":46},{"not_picked":["True Grit+1","Rage+1"],"picked":"Armaments+1","floor":47}],"player_experience":162516,"relics_obtained":[{"floor":6,"key":"War Paint"},{"floor":9,"key":"Oddly Smooth Stone"},{"floor":10,"key":"Strawberry"},{"floor":12,"key":"Pear"},{"floor":24,"key":"Peace Pipe"},{"floor":26,"key":"Frozen Egg 2"},{"floor":28,"key":"Sundial"},{"floor":40,"key":"Toxic Egg 2"},{"floor":43,"key":"Bottled Tornado"},{"floor":47,"key":"Blood Vial"}],"event_choices":[{"damage_healed":0,"gold_gain":0,"player_choice":"Donut","damage_taken":0,"max_hp_gain":5,"max_hp_loss":0,"event_name":"Big Fish","floor":4,"gold_loss":0},{"cards_removed":["Strike_R"],"damage_healed":0,"gold_gain":0,"player_choice":"Gave Gold","damage_taken":0,"max_hp_gain":0,"max_hp_loss":0,"event_name":"Beggar","floor":19,"gold_loss":75},{"damage_healed":0,"gold_gain":0,"cards_transformed":["Strike_R","Defend_R"],"player_choice":"Became Test Subject","damage_taken":0,"max_hp_gain":0,"max_hp_loss":0,"event_name":"Drug Dealer","floor":31,"gold_loss":0,"cards_obtained":["Sword Boomerang","Rampage"]},{"damage_healed":0,"gold_gain":0,"player_choice":"Bought 0 Potions","damage_taken":0,"max_hp_gain":0,"max_hp_loss":0,"event_name":"The Woman in Blue","floor":36,"gold_loss":0}],"is_beta":false,"boss_relics":[{"not_picked":["Black Star","Lizard Tail"],"picked":"Fusion Hammer"},{"not_picked":["Calling Bell","Tiny House"],"picked":"Snecko Eye"}],"items_purged_floors":[],"is_endless":false,"potions_floor_spawned":[1,6,7,14,16,18,21,24,35,38,45,46],"ascension_level":0}