{"gold_per_floor":[110,120,139,155,169,204,204,215,215,225,225,16,16,16,16,16],"floor_reached":16,"playtime":857,"items_purged":["Strike_B"],"score":182,"play_id":"69f545df-0fae-4bf9-8e44-962ec8f1948a","local_time":"20181102035256","is_ascension_mode":true,"campfire_choices":[{"data":"Streamline","floor":7,"key":"SMITH"},{"floor":11,"key":"REST"},{"data":"Go for the Eyes","floor":15,"key":"SMITH"}],"neow_cost":"NONE","seed_source_timestamp":1424737660773170,"circlet_count":0,"master_deck":["AscendersBane","Strike_B","Strike_B","Defend_B","Defend_B","Defend_B","Defend_B","Zap","Dualcast","Sweeping Beam","Streamline+1","BootSequence","Self Repair","Steam","Stack","Gash","Leap+1","Go for the Eyes+1","Reinforced Body+1"],"relics":["Cracked Core","Orichalcum","Toxic Egg 2"],"potions_floor_usage":[6,10],"damage_taken":[{"damage":1,"enemies":"Cultist","floor":1,"turns":3},{"damage":0,"enemies":"2 Louse","floor":2,"turns":2},{"damage":4,"enemies":"Small Slimes","floor":3,"turns":3},{"damage":0,"enemies":"3 Louse","floor":4,"turns":3},{"damage":16,"enemies":"Exordium Thugs","floor":5,"turns":4},{"damage":46,"enemies":"Lagavulin","floor":6,"turns":6},{"damage":0,"enemies":"2 Fungi Beasts","floor":8,"turns":2},{"damage":0,"enemies":"3 Louse","floor":10,"turns":2},{"damage":42,"enemies":"Slime Boss","floor":16,"turns":10}],"seed_played":"-1546772451299978030","potions_obtained":[{"floor":3,"key":"Explosive Potion"},{"floor":4,"key":"AttackPotion"}],"is_trial":false,"path_per_floor":["M","M","M","M","M","E","R","M","T","M","R","$","?","?","R","B"],"character_chosen":"DEFECT","items_purchased":["Go for the Eyes","Reinforced Body+1"],"campfire_rested":1,"item_purchase_floors":[12,12],"current_hp_per_floor":[70,70,66,66,57,18,18,18,18,18,41,41,41,41,41,0],"gold":16,"neow_bonus":"TEN_PERCENT_HP_BONUS","is_prod":false,"is_daily":false,"chose_seed":false,"campfire_upgraded":2,"win_rate":0,"timestamp":1541127176,"path_taken":["M","M","M","M","M","E","R","M","T","M","R","?","?","?","R","BOSS"],"build_version":"2018-11-01v2","purchased_purges":1,"victory":false,"max_hp_per_floor":[78,78,78,78,78,78,78,78,78,78,78,78,78,78,78,78],"card_choices":[{"not_picked":["Heatsinks","Melter"],"picked":"Sweeping Beam","floor":1},{"not_picked":["Steam","Beam Cell"],"picked":"Streamline","floor":2},{"not_picked":["Fusion","Skim"],"picked":"BootSequence","floor":3},{"not_picked":["Gash","Steam"],"picked":"Self Repair","floor":4},{"not_picked":["Gash","Sweeping Beam"],"picked":"Steam","floor":5},{"not_picked":["Double Energy","Rainbow"],"picked":"Stack","floor":6},{"not_picked":["Beam Cell","Rebound"],"picked":"Gash","floor":8},{"not_picked":["Compile Driver","Chaos+1"],"picked":"Leap+1","floor":10}],"player_experience":161659,"relics_obtained":[{"floor":6,"key":"Orichalcum"},{"floor":9,"key":"Toxic Egg 2"}],"event_choices":[{"damage_healed":0,"gold_gain":0,"player_choice":"Ignored","damage_taken":0,"max_hp_gain":0,"max_hp_loss":0,"event_name":"Liars Game","floor":13,"gold_loss":0},{"cards_removed":["Strike_B"],"damage_healed":0,"gold_gain":0,"player_choice":"Forget","damage_taken":0,"max_hp_gain":0,"max_hp_loss":0,"event_name":"Living Wall","floor":14,"gold_loss":0}],"is_beta":true,"boss_relics":[],"items_purged_floors":[12],"is_endless":false,"potions_floor_spawned":[3,4],"killed_by":"Slime Boss","ascension_level":15}