{"gold_per_floor":[144,189,234,279,324,324,369,369,369,414,504,84,129,174,174,474,474,519,519,564,609,654,744,789,789,814,859,904,949,994,1051,1063,1375,1387,1444,1501,1558,1645,21,21,111,186,261,286,331,331,376,421,421,421],"floor_reached":51,"playtime":4648,"items_purged":[],"score":817,"play_id":"00fc75f0-65ca-4e6d-b666-a4a8dfd52db9","local_time":"20190217201708","daily_mods":["Draft","Vintage","Midas"],"is_ascension_mode":false,"campfire_choices":[{"floor":6,"key":"REST"},{"floor":8,"key":"REST"},{"floor":15,"key":"REST"},{"floor":25,"key":"REST"},{"floor":32,"key":"REST"},{"floor":40,"key":"REST"},{"floor":46,"key":"REST"},{"floor":49,"key":"REST"}],"neow_cost":"","seed_source_timestamp":0,"circlet_count":0,"master_deck":["Flex","Twin Strike","Twin Strike","Iron Wave","Carnage","Shrug It Off+1","Whirlwind+1","Sword Boomerang","Heavy Blade","Shockwave","Metallicize","Pommel Strike+1","Pommel Strike","Shrug It Off+1","Iron Wave","Trip+1","Mayhem","Impervious+1","Armaments+1","Metallicize","Disarm+1","Metallicize","Immolate","Flex+1","Whirlwind"],"special_seed":17945,"relics":["Burning Blood","Vajra","Bottled Tornado","Juzu Bracelet","Happy Flower","Bag of Marbles","Toxic Egg 2","Self Forming Clay","Omamori","Ancient Tea Set","Whetstone","Incense Burner","Bottled Flame","Orrery","StoneCalendar","The Courier","Torii","Blood Vial","Bronze Scales","Oddly Smooth Stone","Strawberry","Centennial Puzzle","Dead Branch","Bird Faced Urn","MawBank","Boot","Lizard Tail","Ornamental Fan","Pen Nib","Anchor","Tiny Chest","PreservedInsect","War Paint","Frozen Egg 2","Mango","Regal Pillow","Potion Belt","Dodecahedron","Orichalcum","Frozen Eye","Singing Bowl","Shuriken","Kunai","Sundial","Lantern","Bag of Preparation","Ice Cream","Meat on the Bone"],"potions_floor_usage":[23,38],"damage_taken":[{"damage":0,"enemies":"Cultist","floor":1,"turns":2},{"damage":3,"enemies":"Jaw Worm","floor":2,"turns":3},{"damage":0,"enemies":"2 Louse","floor":3,"turns":2},{"damage":10,"enemies":"Exordium Wildlife","floor":4,"turns":4},{"damage":2,"enemies":"Looter","floor":5,"turns":2},{"damage":3,"enemies":"3 Louse","floor":7,"turns":2},{"damage":3,"enemies":"Lots of Slimes","floor":10,"turns":2},{"damage":12,"enemies":"Lagavulin","floor":11,"turns":4},{"damage":8,"enemies":"Large Slime","floor":13,"turns":2},{"damage":0,"enemies":"Red Slaver","floor":14,"turns":1},{"damage":18,"enemies":"The Guardian","floor":16,"turns":6},{"damage":4,"enemies":"Chosen","floor":18,"turns":3},{"damage":6,"enemies":"3 Byrds","floor":20,"turns":5},{"damage":9,"enemies":"Snake Plant","floor":21,"turns":4},{"damage":13,"enemies":"Centurion and Healer","floor":22,"turns":5},{"damage":27,"enemies":"Slavers","floor":23,"turns":4},{"damage":2,"enemies":"Shelled Parasite and Fungi","floor":24,"turns":4},{"damage":0,"enemies":"Snake Plant","floor":27,"turns":2},{"damage":2,"enemies":"Centurion and Healer","floor":28,"turns":5},{"damage":0,"enemies":"3 Cultists","floor":29,"turns":3},{"damage":1,"enemies":"Snake Plant","floor":30,"turns":4},{"damage":12,"enemies":"Shelled Parasite and Fungi","floor":31,"turns":3},{"damage":32,"enemies":"Champ","floor":33,"turns":10},{"damage":11,"enemies":"Orb Walker","floor":35,"turns":3},{"damage":0,"enemies":"3 Shapes","floor":36,"turns":3},{"damage":6,"enemies":"Writhing Mass","floor":37,"turns":4},{"damage":10,"enemies":"4 Shapes","floor":38,"turns":2},{"damage":3,"enemies":"Giant Head","floor":41,"turns":5},{"damage":0,"enemies":"Transient","floor":45,"turns":5},{"damage":0,"enemies":"Writhing Mass","floor":47,"turns":3},{"damage":1,"enemies":"Spire Growth","floor":48,"turns":3},{"damage":16,"enemies":"Donu and Deca","floor":50,"turns":7}],"seed_played":"-8239529163417230353","potions_obtained":[{"floor":1,"key":"GamblersBrew"},{"floor":2,"key":"GamblersBrew"},{"floor":3,"key":"SkillPotion"},{"floor":11,"key":"Dexterity Potion"},{"floor":14,"key":"Ancient Potion"},{"floor":27,"key":"Block Potion"}],"is_trial":false,"path_per_floor":["M","M","M","M","M","R","M","R","T","M","E","$","M","M","R","B",null,"M","?","M","M","M","E","M","R","T","M","M","M","M","M","R","B",null,"M","M","M","M","$","R","E","T","T","T","M","R","M","M","R","B",null],"character_chosen":"IRONCLAD","items_purchased":["Trip+1","Mayhem","Whetstone","Flex+1","PreservedInsect","War Paint","Frozen Egg 2","Mango","Regal Pillow","Potion Belt","Dodecahedron","Orichalcum","Frozen Eye","Singing Bowl"],"campfire_rested":8,"item_purchase_floors":[12,12,12,39,39,39,39,39,39,39,39,39,39,39],"current_hp_per_floor":[80,80,80,76,80,80,80,80,80,80,74,74,72,78,80,68,80,80,72,72,69,62,43,49,73,80,87,87,87,87,81,87,62,87,82,87,87,83,97,101,101,101,101,101,101,101,101,101,101,92],"gold":421,"neow_bonus":"","is_prod":false,"is_daily":true,"chose_seed":false,"campfire_upgraded":0,"win_rate":0,"timestamp":1550463428,"path_taken":["M","M","M","M","M","R","M","R","T","M","E","$","M","M","R","BOSS","M","?","M","M","M","E","M","R","T","M","M","M","M","M","R","BOSS","M","M","M","M","$","R","E","?","T","?","M","R","M","M","R","BOSS"],"build_version":"2019-01-23","purchased_purges":0,"victory":true,"max_hp_per_floor":[80,80,80,80,80,80,80,80,80,80,80,80,80,80,80,80,80,80,80,80,80,80,80,80,80,87,87,87,87,87,87,87,87,87,87,87,87,87,101,101,101,101,101,101,101,101,101,101,101,101],"card_choices":[{"not_picked":["Headbutt","Perfected Strike"],"picked":"Flex","floor":0},{"not_picked":["Hemokinesis","Havoc"],"picked":"Twin Strike","floor":0},{"not_picked":["Wild Strike","Rupture"],"picked":"Twin Strike","floor":0},{"not_picked":["Perfected Strike","Second Wind"],"picked":"Iron Wave","floor":0},{"not_picked":["Warcry","Thunderclap"],"picked":"Carnage","floor":0},{"not_picked":["Warcry","Twin Strike"],"picked":"Shrug It Off","floor":0},{"not_picked":["Cleave","Twin Strike"],"picked":"Whirlwind","floor":0},{"not_picked":["True Grit","Pommel Strike"],"picked":"Sword Boomerang","floor":0},{"not_picked":["Wild Strike","Cleave"],"picked":"Heavy Blade","floor":0},{"not_picked":["Reckless Charge","Evolve"],"picked":"Shockwave","floor":0},{"not_picked":["Iron Wave","Shrug It Off"],"picked":"Metallicize","floor":0},{"not_picked":["Headbutt","Twin Strike"],"picked":"Pommel Strike","floor":0},{"not_picked":["Evolve","Seeing Red"],"picked":"Pommel Strike","floor":0},{"not_picked":["True Grit","Bloodletting"],"picked":"Shrug It Off","floor":0},{"not_picked":["Shrug It Off","Headbutt"],"picked":"Iron Wave","floor":0},{"not_picked":["Pummel","Thunderclap","Power Through+1"],"picked":"SKIP","floor":11},{"not_picked":["Brutality","Offering+1"],"picked":"Impervious+1","floor":16},{"not_picked":["Anger","Uppercut"],"picked":"Armaments+1","floor":17},{"not_picked":["Thunderclap","Perfected Strike"],"picked":"Metallicize","floor":17},{"not_picked":["Pommel Strike","Rupture"],"picked":"Disarm+1","floor":17},{"not_picked":["Reckless Charge","Sword Boomerang"],"picked":"Metallicize","floor":17},{"not_picked":["Rupture","Wild Strike","Brutality"],"picked":"SKIP","floor":23},{"not_picked":["Exhume+1","Double Tap+1"],"picked":"Immolate","floor":33},{"not_picked":["Wild Strike+1","Pummel"],"picked":"Whirlwind","floor":41}],"player_experience":843599,"relics_obtained":[{"floor":1,"key":"Vajra"},{"floor":2,"key":"Bottled Tornado"},{"floor":3,"key":"Juzu Bracelet"},{"floor":4,"key":"Happy Flower"},{"floor":5,"key":"Bag of Marbles"},{"floor":7,"key":"Toxic Egg 2"},{"floor":9,"key":"Self Forming Clay"},{"floor":10,"key":"Omamori"},{"floor":11,"key":"Ancient Tea Set"},{"floor":13,"key":"Incense Burner"},{"floor":14,"key":"Bottled Flame"},{"floor":18,"key":"StoneCalendar"},{"floor":20,"key":"The Courier"},{"floor":21,"key":"Torii"},{"floor":22,"key":"Blood Vial"},{"floor":23,"key":"Bronze Scales"},{"floor":24,"key":"Oddly Smooth Stone"},{"floor":26,"key":"Strawberry"},{"floor":27,"key":"Centennial Puzzle"},{"floor":28,"key":"Dead Branch"},{"floor":29,"key":"Bird Faced Urn"},{"floor":30,"key":"MawBank"},{"floor":31,"key":"Boot"},{"floor":35,"key":"Ornamental Fan"},{"floor":36,"key":"Pen Nib"},{"floor":37,"key":"Anchor"},{"floor":38,"key":"Tiny Chest"},{"floor":41,"key":"Shuriken"},{"floor":42,"key":"Kunai"},{"floor":43,"key":"Sundial"},{"floor":44,"key":"Lantern"},{"floor":45,"key":"Bag of Preparation"},{"floor":47,"key":"Ice Cream"},{"floor":48,"key":"Meat on the Bone"}],"event_choices":[{"damage_healed":0,"gold_gain":0,"player_choice":"Damaged","damage_taken":8,"max_hp_gain":0,"max_hp_loss":0,"event_name":"Wheel of Change","floor":19,"gold_loss":0}],"is_beta":false,"boss_relics":[{"not_picked":["Busted Crown","Mark of Pain"],"picked":"Orrery"},{"not_picked":["Astrolabe","Black Star"],"picked":"Lizard Tail"}],"items_purged_floors":[],"is_endless":false,"potions_floor_spawned":[1,2,3,11,14,21,22,27,28,29,30,33,36,37,47],"ascension_level":0}