{"gold_per_floor":[144,189,189,114,114,114,204,249,324,369,444,94,94,139,139,439,439,484,484,484,484,263,263,178,223,298,343,388,433,523,568,568,868,868,913,913,913,1039,1084,1129,654,654],"floor_reached":42,"playtime":2130,"items_purged":["Defend_R","Strike_R","Strike_G"],"score":443,"play_id":"9708f54b-aeab-4359-b3f1-7c7895488b18","local_time":"20190217102123","daily_mods":["Chimera","Time Dilation","Midas"],"is_ascension_mode":false,"campfire_choices":[{"floor":6,"key":"REST"},{"floor":13,"key":"REST"},{"floor":15,"key":"REST"},{"floor":23,"key":"REST"},{"floor":32,"key":"REST"}],"neow_cost":"","seed_source_timestamp":0,"circlet_count":0,"master_deck":["Bash","Survivor","Zap","Defend_G","Defend_B","Ball Lightning+1","Redo+1","Hello World","Ball Lightning","Self Repair","Multi-Cast","Tempest+1","Defragment","Leap","Ball Lightning+1","Steam+1","Redo+1","Steam+1","Beam Cell+1","Buffer","Conserve Battery+1","Apotheosis+1","White Noise+1","Redo+1"],"special_seed":17944,"relics":["Cracked Core","Bag of Preparation","Mercury Hourglass","Cables","Lizard Tail","MutagenicStrength","Emotion Chip","Bag of Marbles","Molten Egg 2","Toxic Egg 2","Letter Opener","Philosopher\u0027s Stone","StoneCalendar","ClockworkSouvenir","PreservedInsect"],"potions_floor_usage":[7,16,27,28,30,33,33,38,42,42],"damage_taken":[{"damage":8,"enemies":"Jaw Worm","floor":1,"turns":4},{"damage":0,"enemies":"Small Slimes","floor":2,"turns":3},{"damage":32,"enemies":"3 Sentries","floor":7,"turns":4},{"damage":0,"enemies":"2 Louse","floor":8,"turns":2},{"damage":0,"enemies":"Exordium Wildlife","floor":10,"turns":2},{"damage":0,"enemies":"3 Louse","floor":14,"turns":1},{"damage":22,"enemies":"Hexaghost","floor":16,"turns":6},{"damage":11,"enemies":"3 Byrds","floor":18,"turns":3},{"damage":32,"enemies":"Colosseum Slavers","floor":21,"turns":3},{"damage":20,"enemies":"2 Thieves","floor":25,"turns":2},{"damage":35,"enemies":"Centurion and Healer","floor":27,"turns":4},{"damage":0,"enemies":"3 Cultists","floor":28,"turns":3},{"damage":0,"enemies":"Snecko","floor":29,"turns":3},{"damage":33,"enemies":"Book of Stabbing","floor":30,"turns":3},{"damage":3,"enemies":"Snake Plant","floor":31,"turns":2},{"damage":32,"enemies":"Automaton","floor":33,"turns":7},{"damage":0,"enemies":"3 Shapes","floor":35,"turns":3},{"damage":39,"enemies":"2 Orb Walkers","floor":38,"turns":4},{"damage":0,"enemies":"3 Darklings","floor":39,"turns":3},{"damage":19,"enemies":"Maw","floor":40,"turns":5},{"damage":30,"enemies":"Jaw Worm Horde","floor":42,"turns":1}],"seed_played":"3988833726402513641","potions_obtained":[{"floor":2,"key":"LiquidBronze"},{"floor":8,"key":"Fire Potion"},{"floor":10,"key":"PowerPotion"},{"floor":16,"key":"Regen Potion"},{"floor":27,"key":"Explosive Potion"},{"floor":29,"key":"LiquidBronze"},{"floor":31,"key":"LiquidBronze"},{"floor":33,"key":"FearPotion"},{"floor":35,"key":"Block Potion"},{"floor":40,"key":"FocusPotion"}],"is_trial":false,"path_per_floor":["M","M","?","$","?","R","E","M","T","M","?","$","R","M","R","B",null,"M","?","T","?","$","R","?","M","T","M","M","M","E","M","R","B",null,"M","?","?","?","M","M","$","M"],"character_chosen":"DEFECT","items_purchased":["Cables","Bag of Marbles","Defragment","ClockworkSouvenir","PreservedInsect"],"campfire_rested":5,"item_purchase_floors":[12,22,22,41,41],"current_hp_per_floor":[67,67,52,52,45,67,35,35,35,35,24,24,46,46,68,53,75,64,64,64,39,39,61,61,48,48,32,32,32,37,34,56,24,75,75,75,75,36,36,27,27,0],"gold":654,"neow_bonus":"","is_prod":false,"is_daily":true,"chose_seed":false,"campfire_upgraded":0,"win_rate":0,"timestamp":1550427683,"path_taken":["M","M","?","$","?","R","E","M","T","?","?","$","R","M","R","BOSS","M","?","?","?","$","R","?","M","T","M","M","M","E","M","R","BOSS","M","?","?","?","?","M","$","M"],"build_version":"2019-01-23","purchased_purges":3,"victory":false,"max_hp_per_floor":[75,75,75,75,75,75,75,75,75,75,75,75,75,75,75,75,75,75,75,75,75,75,75,75,75,75,75,75,75,75,75,75,75,75,75,75,75,75,75,75,75,75],"card_choices":[{"not_picked":["Rebound","Hologram"],"picked":"Ball Lightning","floor":1},{"not_picked":["Chill","Lockon"],"picked":"Redo","floor":2},{"not_picked":["Chill","Gash"],"picked":"Hello World","floor":7},{"not_picked":["Streamline","Recycle"],"picked":"Ball Lightning","floor":8},{"not_picked":["Glacier","Chaos","Gash"],"picked":"SKIP","floor":10},{"not_picked":["Tempest","Skim"],"picked":"Self Repair","floor":14},{"not_picked":["Creative AI","Amplify"],"picked":"Multi-Cast","floor":16},{"not_picked":["Redo","Rebound"],"picked":"Tempest+1","floor":18},{"not_picked":["Undo","Barrage+1"],"picked":"Leap","floor":25},{"not_picked":["Chill+1","Consume+1"],"picked":"Ball Lightning+1","floor":27},{"not_picked":["Fusion+1","Storm"],"picked":"Steam+1","floor":28},{"not_picked":["Streamline+1","Melter+1"],"picked":"Redo+1","floor":29},{"not_picked":["Fusion+1","Streamline+1"],"picked":"Steam+1","floor":30},{"not_picked":["BootSequence+1","Tempest+1"],"picked":"Beam Cell+1","floor":31},{"not_picked":["Rainbow+1","Reboot+1"],"picked":"Buffer","floor":33},{"not_picked":["Aggregate+1","Beam Cell+1"],"picked":"Conserve Battery+1","floor":35},{"not_picked":["Good Instincts+1","Secret Weapon+1"],"picked":"Apotheosis+1","floor":36},{"not_picked":["Recycle+1","Darkness+1"],"picked":"White Noise+1","floor":39},{"not_picked":["Barrage+1","Turbo+1"],"picked":"Redo+1","floor":40}],"player_experience":838696,"relics_obtained":[{"floor":7,"key":"Bag of Preparation"},{"floor":9,"key":"Mercury Hourglass"},{"floor":20,"key":"Emotion Chip"},{"floor":26,"key":"Toxic Egg 2"},{"floor":30,"key":"Letter Opener"},{"floor":38,"key":"StoneCalendar"}],"event_choices":[{"damage_healed":0,"gold_gain":0,"player_choice":"Entered Light","damage_taken":15,"max_hp_gain":0,"max_hp_loss":0,"event_name":"Shining Light","floor":3,"gold_loss":0,"cards_upgraded":["Redo","Ball Lightning"]},{"cards_removed":["Strike_B"],"damage_healed":0,"gold_gain":0,"player_choice":"Card Removal","damage_taken":7,"max_hp_gain":0,"max_hp_loss":0,"event_name":"Golden Wing","floor":5,"gold_loss":0},{"damage_healed":0,"gold_gain":75,"player_choice":"Gather Gold","damage_taken":11,"max_hp_gain":0,"max_hp_loss":0,"event_name":"World of Goop","floor":11,"gold_loss":0},{"damage_healed":0,"gold_gain":0,"player_choice":"Inject Mutagens","damage_taken":0,"relics_obtained":["MutagenicStrength"],"max_hp_gain":0,"max_hp_loss":0,"event_name":"Drug Dealer","floor":19,"gold_loss":0},{"damage_healed":0,"gold_gain":0,"player_choice":"Fight","damage_taken":0,"max_hp_gain":0,"max_hp_loss":0,"event_name":"Colosseum","floor":21,"gold_loss":0},{"damage_healed":0,"gold_gain":0,"player_choice":"Fled From Nobs","damage_taken":0,"max_hp_gain":0,"max_hp_loss":0,"event_name":"Colosseum","floor":21,"gold_loss":0},{"damage_healed":0,"gold_gain":0,"player_choice":"Obtained Relic","damage_taken":0,"relics_obtained":["Molten Egg 2"],"max_hp_gain":0,"max_hp_loss":0,"event_name":"Addict","floor":24,"gold_loss":85},{"damage_healed":0,"gold_gain":0,"player_choice":"Memory 1","damage_taken":0,"max_hp_gain":0,"max_hp_loss":0,"event_name":"SensoryStone","floor":36,"gold_loss":0},{"damage_healed":0,"gold_gain":0,"player_choice":"Ignored","damage_taken":0,"max_hp_gain":0,"max_hp_loss":0,"event_name":"Tomb of Lord Red Mask","floor":37,"gold_loss":0},{"damage_healed":0,"gold_gain":0,"player_choice":"Fight","damage_taken":0,"max_hp_gain":0,"max_hp_loss":0,"event_name":"Mysterious Sphere","floor":38,"gold_loss":0}],"is_beta":false,"boss_relics":[{"not_picked":["Runic Dome","Eternal Feather"],"picked":"Lizard Tail"},{"not_picked":["FrozenCore","Empty Cage"],"picked":"Philosopher\u0027s Stone"}],"items_purged_floors":[4,12,41],"is_endless":false,"potions_floor_spawned":[2,8,10,16,21,27,29,31,33,35,40],"killed_by":"Jaw Worm Horde","ascension_level":0}