{"gold_per_floor":[119,139,139,154,3,3,65,65,112,131,31,42,42,117,117,215,215,230,243,46,58,148,148,160,160,160,160,160,173,188,44,44,146,146,163,163],"floor_reached":36,"playtime":46015,"items_purged":["Strike_B","Strike_B"],"score":354,"play_id":"6ad2711e-68e7-42f4-8fb4-a71a3d532e68","local_time":"20181225083207","is_ascension_mode":false,"campfire_choices":[{"data":"Capacitor","floor":6,"key":"SMITH"},{"floor":8,"key":"REST"},{"floor":15,"key":"REST"},{"floor":23,"key":"REST"},{"floor":25,"key":"REST"},{"data":"Loop","floor":27,"key":"SMITH"},{"floor":32,"key":"REST"}],"neow_cost":"NONE","seed_source_timestamp":329237329921660,"circlet_count":0,"master_deck":["Strike_B+1","Defend_B","Defend_B","Defend_B","Defend_B+1","Zap","Dualcast","Leap","Capacitor+1","Electrodynamics","Loop+1","Conserve Battery","Thunder Strike","FTL+1","Doom and Gloom+1","Coolheaded+1","Biased Cognition"],"relics":["FrozenCore","Oddly Smooth Stone","Potion Belt","Vajra","Inserter","Toy Ornithopter","Bird Faced Urn","Pen Nib"],"potions_floor_usage":[7,16,29,33,33],"damage_taken":[{"damage":0,"enemies":"2 Louse","floor":1,"turns":2},{"damage":0,"enemies":"Small Slimes","floor":2,"turns":3},{"damage":0,"enemies":"Cultist","floor":4,"turns":3},{"damage":29,"enemies":"Gremlin Nob","floor":7,"turns":6},{"damage":10,"enemies":"Exordium Wildlife","floor":10,"turns":5},{"damage":6,"enemies":"Blue Slaver","floor":12,"turns":3},{"damage":27,"enemies":"Hexaghost","floor":16,"turns":10},{"damage":5,"enemies":"Shell Parasite","floor":18,"turns":8},{"damage":17,"enemies":"2 Thieves","floor":19,"turns":4},{"damage":14,"enemies":"Snecko","floor":21,"turns":8},{"damage":14,"enemies":"Chosen and Byrds","floor":24,"turns":6},{"damage":18,"enemies":"Shelled Parasite and Fungi","floor":29,"turns":8},{"damage":20,"enemies":"Snake Plant","floor":30,"turns":5},{"damage":17,"enemies":"Collector","floor":33,"turns":9},{"damage":35,"enemies":"3 Darklings","floor":35,"turns":3},{"damage":68,"enemies":"2 Orb Walkers","floor":36,"turns":4}],"seed_played":"-6390334220222363096","potions_obtained":[{"floor":1,"key":"PowerPotion"},{"floor":4,"key":"Fire Potion"},{"floor":12,"key":"SteroidPotion"},{"floor":18,"key":"PowerPotion"},{"floor":21,"key":"Regen Potion"},{"floor":30,"key":"Weak Potion"},{"floor":33,"key":"Dexterity Potion"},{"floor":35,"key":"LiquidBronze"}],"is_trial":false,"path_per_floor":["M","M","?","M","$","R","?","R","T","M","$","M","?","?","R","B",null,"M","M","$","M","?","R","M","R","T","R","$","M","M","$","R","B",null,"M","?"],"character_chosen":"DEFECT","items_purchased":["Capacitor","Toy Ornithopter","Pen Nib"],"campfire_rested":5,"item_purchase_floors":[5,20,31],"current_hp_per_floor":[75,75,60,60,60,60,31,53,53,43,43,37,30,19,41,14,75,70,53,53,39,25,47,33,55,55,55,55,63,47,47,69,60,75,42,0],"gold":163,"neow_bonus":"RANDOM_COMMON_RELIC","is_prod":false,"is_daily":false,"chose_seed":false,"campfire_upgraded":2,"win_rate":0,"timestamp":1545755527,"path_taken":["M","M","?","M","$","R","?","R","T","M","$","M","?","?","R","BOSS","M","M","$","M","?","R","M","R","T","R","?","M","M","?","R","BOSS","M","?"],"build_version":"2018-12-20","purchased_purges":2,"victory":false,"max_hp_per_floor":[75,75,75,75,75,75,75,75,75,75,75,75,75,75,75,75,75,75,75,75,75,75,75,75,75,75,75,75,75,75,75,75,75,75,75,75],"card_choices":[{"not_picked":["Force Field","Turbo","Fusion"],"picked":"SKIP","floor":1},{"not_picked":["Sweeping Beam","Double Energy"],"picked":"Leap","floor":2},{"not_picked":["Rebound","Barrage","Hologram"],"picked":"SKIP","floor":4},{"not_picked":["Recycle","Scrape"],"picked":"Electrodynamics","floor":7},{"not_picked":["Sunder","Self Repair"],"picked":"Loop","floor":10},{"not_picked":["Streamline","Glacier"],"picked":"Conserve Battery","floor":12},{"not_picked":["Machine Learning","Amplify"],"picked":"Thunder Strike","floor":16},{"not_picked":["Hologram","Gash","Leap"],"picked":"SKIP","floor":18},{"not_picked":["Rebound","Beam Cell","Hologram"],"picked":"SKIP","floor":19},{"not_picked":["Barrage+1","Sweeping Beam+1"],"picked":"FTL+1","floor":21},{"not_picked":["Skim","Melter"],"picked":"Doom and Gloom+1","floor":24},{"not_picked":["Hyperbeam","Go for the Eyes+1"],"picked":"Coolheaded+1","floor":29},{"not_picked":["Steam","Go for the Eyes","Conserve Battery"],"picked":"SKIP","floor":30},{"not_picked":["Hyperbeam","Seek"],"picked":"Biased Cognition","floor":33},{"not_picked":["Rebound","Stack+1","Melter"],"picked":"SKIP","floor":35}],"player_experience":316642,"relics_obtained":[{"floor":9,"key":"Vajra"},{"floor":26,"key":"Bird Faced Urn"}],"event_choices":[{"damage_healed":0,"gold_gain":0,"player_choice":"Entered Light","damage_taken":15,"max_hp_gain":0,"max_hp_loss":0,"event_name":"Shining Light","floor":3,"gold_loss":0,"cards_upgraded":["Defend_B","Strike_B"]},{"damage_healed":0,"gold_gain":0,"player_choice":"Searched \u00272\u0027 times","damage_taken":0,"relics_obtained":["Potion Belt"],"max_hp_gain":0,"max_hp_loss":0,"event_name":"Dead Adventurer","floor":7,"gold_loss":0},{"cards_removed":["Strike_B"],"damage_healed":0,"gold_gain":0,"player_choice":"Card Removal","damage_taken":7,"max_hp_gain":0,"max_hp_loss":0,"event_name":"Golden Wing","floor":13,"gold_loss":0},{"damage_healed":0,"gold_gain":75,"player_choice":"Gather Gold","damage_taken":11,"max_hp_gain":0,"max_hp_loss":0,"event_name":"World of Goop","floor":14,"gold_loss":0},{"damage_healed":0,"gold_gain":90,"player_choice":"GOLD ","damage_taken":14,"max_hp_gain":0,"max_hp_loss":0,"event_name":"Knowing Skull","floor":22,"potions_obtained":[],"gold_loss":0,"cards_obtained":[]},{"damage_healed":0,"gold_gain":0,"player_choice":"Fight","damage_taken":0,"max_hp_gain":0,"max_hp_loss":0,"event_name":"Mysterious Sphere","floor":36,"gold_loss":0}],"is_beta":false,"boss_relics":[{"not_picked":["Snecko Eye","Busted Crown"],"picked":"Inserter"},{"not_picked":["Fusion Hammer","Coffee Dripper"],"picked":"FrozenCore"}],"items_purged_floors":[5,11],"is_endless":false,"potions_floor_spawned":[1,4,12,18,21,30,33,35],"killed_by":"2 Orb Walkers","ascension_level":0}