{"gold_per_floor":[119,131,146,146,321,271,271,271,271,291,304,94,106,35,35,35],"floor_reached":16,"playtime":1013,"items_purged":["Strike_R"],"score":92,"play_id":"664bbae7-615e-4ca6-8785-1f178201fd0d","local_time":"20181123175426","is_ascension_mode":false,"campfire_choices":[{"data":"Searing Blow+1","floor":7,"key":"SMITH"},{"data":"Flex","floor":15,"key":"SMITH"}],"neow_cost":"NONE","seed_source_timestamp":581693133159285,"circlet_count":0,"master_deck":["Strike_R","Strike_R","Strike_R","Defend_R","Defend_R","Defend_R","Defend_R","Bash+1","Searing Blow+2","Iron Wave","Doubt","Flex+1","Anger","Armaments","Good Instincts","Warcry","Flex","Warcry"],"relics":["Burning Blood","Centennial Puzzle"],"potions_floor_usage":[],"damage_taken":[{"damage":8,"enemies":"Small Slimes","floor":1,"turns":4},{"damage":15,"enemies":"2 Louse","floor":2,"turns":3},{"damage":1,"enemies":"Cultist","floor":3,"turns":4},{"damage":31,"enemies":"Exordium Thugs","floor":10,"turns":7},{"damage":10,"enemies":"Looter","floor":11,"turns":3},{"damage":4,"enemies":"2 Fungi Beasts","floor":13,"turns":4},{"damage":64,"enemies":"The Guardian","floor":16,"turns":8}],"seed_played":"3569184019456824675","potions_obtained":[{"floor":1,"key":"SteroidPotion"},{"floor":11,"key":"SpeedPotion"}],"is_trial":false,"path_per_floor":["M","M","M","?","?","?","R","?","T","M","M","$","M","$","R","B"],"character_chosen":"IRONCLAD","items_purchased":["Armaments","Good Instincts","Flex","Warcry"],"campfire_rested":0,"item_purchase_floors":[12,12,14,14],"current_hp_per_floor":[86,77,82,82,82,82,82,82,82,57,53,53,55,55,55,0],"gold":35,"neow_bonus":"TEN_PERCENT_HP_BONUS","is_prod":false,"is_daily":false,"chose_seed":false,"campfire_upgraded":2,"win_rate":0.0,"timestamp":1543017266,"path_taken":["M","M","M","?","?","?","R","?","T","?","M","?","M","$","R","BOSS"],"build_version":"2018-11-15","purchased_purges":1,"victory":false,"max_hp_per_floor":[88,88,88,88,88,88,88,88,88,88,88,88,88,88,88,88],"card_choices":[{"not_picked":["Inflame","Cleave"],"picked":"Searing Blow","floor":1},{"not_picked":["Shockwave","Ghostly Armor"],"picked":"Iron Wave","floor":2},{"not_picked":["Headbutt","Uppercut","Corruption"],"picked":"SKIP","floor":3},{"not_picked":["Disarm","Armaments"],"picked":"Flex","floor":10},{"not_picked":["Twin Strike","Sword Boomerang"],"picked":"Anger","floor":11},{"not_picked":["Twin Strike","Entrench"],"picked":"Warcry","floor":13}],"player_experience":599,"relics_obtained":[{"floor":9,"key":"Centennial Puzzle"}],"event_choices":[{"damage_healed":0,"gold_gain":0,"player_choice":"Grow","damage_taken":0,"max_hp_gain":0,"max_hp_loss":0,"event_name":"Living Wall","floor":4,"gold_loss":0,"cards_upgraded":["Searing Blow"]},{"damage_healed":0,"gold_gain":175,"player_choice":"AGREE","damage_taken":0,"max_hp_gain":0,"max_hp_loss":0,"event_name":"Liars Game","floor":5,"gold_loss":0,"cards_obtained":["Doubt"]},{"cards_removed":["Strike_R"],"damage_healed":0,"gold_gain":0,"player_choice":"Card Removal","damage_taken":0,"max_hp_gain":0,"max_hp_loss":0,"event_name":"The Cleric","floor":6,"gold_loss":50},{"damage_healed":0,"gold_gain":0,"player_choice":"Forge","damage_taken":0,"max_hp_gain":0,"max_hp_loss":0,"event_name":"Accursed Blacksmith","floor":8,"gold_loss":0,"cards_upgraded":["Bash"]}],"is_beta":false,"boss_relics":[],"items_purged_floors":[12],"is_endless":false,"potions_floor_spawned":[1,11],"killed_by":"The Guardian","ascension_level":0}