{"gold_per_floor":[114,114,132,132,132,166,166,194,239,266,279,296,316,342,342,444,444,464,51,51,47,59,86,86,86,86,86,96,96,21,21,21,125,125,136,148,167,183,194,194,194],"floor_reached":41,"playtime":2142,"items_purged":["Strike_R"],"score":788,"play_id":"46612ec6-718a-47c5-a7b8-f9ea36986911","local_time":"20190420170103","is_ascension_mode":true,"campfire_choices":[{"data":"Iron Wave","floor":7,"key":"SMITH"},{"data":"True Grit","floor":15,"key":"SMITH"},{"data":"Dark Embrace","floor":25,"key":"SMITH"},{"data":"Body Slam","floor":27,"key":"SMITH"},{"data":"Feed","floor":29,"key":"SMITH"},{"data":"Berserk","floor":32,"key":"SMITH"},{"data":"Pummel","floor":40,"key":"SMITH"}],"neow_cost":"NONE","seed_source_timestamp":675903526662800,"circlet_count":0,"master_deck":["AscendersBane","Strike_R+1","Strike_R","Strike_R","Defend_R","Defend_R+1","Defend_R+1","Defend_R+1","Bash","Iron Wave+1","Pummel+1","Demon Form","Body Slam+1","True Grit+1","Havoc","Reaper","Feed+1","Anger","Iron Wave","Dark Embrace+1","Flame Barrier+1","Heavy Blade+1","Headbutt+1","Berserk+1","Impervious","Shrug It Off","Spot Weakness","Disarm"],"relics":["Burning Blood","NeowsBlessing","Vajra","StoneCalendar","Unceasing Top","Blood Vial","Pen Nib","Bag of Preparation","Mark of Pain","FossilizedHelix","Spirit Poop","War Paint","Molten Egg 2","Coffee Dripper"],"potions_floor_usage":[8,10,13,14,16,18,22,33,38,41,41],"damage_taken":[{"damage":0,"enemies":"Small Slimes","floor":1,"turns":1},{"damage":0,"enemies":"2 Louse","floor":3,"turns":1},{"damage":0,"enemies":"Gremlin Nob","floor":6,"turns":1},{"damage":28,"enemies":"3 Sentries","floor":8,"turns":7},{"damage":16,"enemies":"Gremlin Nob","floor":10,"turns":4},{"damage":3,"enemies":"Cultist","floor":11,"turns":2},{"damage":9,"enemies":"Exordium Wildlife","floor":12,"turns":7},{"damage":27,"enemies":"Gremlin Gang","floor":13,"turns":4},{"damage":32,"enemies":"Lagavulin","floor":14,"turns":6},{"damage":30,"enemies":"Hexaghost","floor":16,"turns":9},{"damage":25,"enemies":"3 Byrds","floor":18,"turns":4},{"damage":16,"enemies":"2 Thieves","floor":21,"turns":4},{"damage":8,"enemies":"Cultist and Chosen","floor":22,"turns":6},{"damage":77,"enemies":"Gremlin Leader","floor":23,"turns":7},{"damage":0,"enemies":"Centurion and Healer","floor":28,"turns":7},{"damage":28,"enemies":"Champ","floor":33,"turns":9},{"damage":0,"enemies":"Orb Walker","floor":35,"turns":2},{"damage":22,"enemies":"3 Darklings","floor":36,"turns":5},{"damage":32,"enemies":"Spire Growth","floor":37,"turns":5},{"damage":36,"enemies":"Jaw Worm Horde","floor":38,"turns":5},{"damage":18,"enemies":"Maw","floor":39,"turns":7},{"damage":29,"enemies":"Nemesis","floor":41,"turns":6}],"seed_played":"7913049378133385235","potions_obtained":[{"floor":1,"key":"SkillPotion"},{"floor":5,"key":"BloodPotion"},{"floor":5,"key":"FairyPotion"},{"floor":5,"key":"Fire Potion"},{"floor":8,"key":"FearPotion"},{"floor":11,"key":"LiquidBronze"},{"floor":13,"key":"BloodPotion"},{"floor":16,"key":"LiquidBronze"},{"floor":21,"key":"Regen Potion"},{"floor":28,"key":"Block Potion"},{"floor":36,"key":"AttackPotion"},{"floor":38,"key":"EssenceOfSteel"}],"is_trial":false,"path_per_floor":["M","?","M","?","?","E","R","E","T","E","M","M","M","E","R","B",null,"M","$","?","M","M","E","?","R","T","R","M","R","$","?","R","B",null,"M","M","M","M","M","R","E"],"character_chosen":"IRONCLAD","items_purchased":["FossilizedHelix","Dexterity Potion","Heavy Blade+1","Headbutt+1"],"campfire_rested":0,"item_purchase_floors":[19,19,30,30],"current_hp_per_floor":[78,78,80,64,64,70,70,48,48,40,45,44,30,27,27,15,64,56,56,56,59,80,35,35,35,35,35,60,60,60,60,60,52,73,80,64,40,16,17,17,0],"gold":194,"neow_bonus":"THREE_ENEMY_KILL","is_prod":false,"is_daily":false,"chose_seed":false,"campfire_upgraded":7,"win_rate":0,"timestamp":1555772463,"path_taken":["M","?","M","?","?","E","R","E","T","E","M","?","M","E","R","BOSS","M","$","?","?","?","E","?","R","T","R","M","R","?","?","R","BOSS","M","?","M","?","M","R","E"],"build_version":"2019-01-23","purchased_purges":1,"victory":false,"max_hp_per_floor":[80,80,80,80,80,80,80,80,80,80,80,80,80,80,80,80,80,80,80,80,80,80,80,80,80,80,80,80,80,80,80,80,80,80,80,80,80,84,88,88,88],"card_choices":[{"not_picked":["Disarm","Headbutt"],"picked":"Iron Wave","floor":1},{"not_picked":["Flex","Clash"],"picked":"Pummel","floor":3},{"not_picked":["Iron Wave","Thunderclap"],"picked":"Demon Form","floor":6},{"not_picked":["Carnage","Anger"],"picked":"Body Slam","floor":8},{"not_picked":["Sword Boomerang","Blood for Blood"],"picked":"True Grit","floor":10},{"not_picked":["Warcry","Searing Blow"],"picked":"Havoc","floor":11},{"not_picked":["Iron Wave","Second Wind"],"picked":"Reaper","floor":12},{"not_picked":["Clash","Perfected Strike","Hemokinesis"],"picked":"SKIP","floor":13},{"not_picked":["Reckless Charge","Body Slam","Anger"],"picked":"SKIP","floor":14},{"not_picked":["Brutality","Juggernaut"],"picked":"Feed","floor":16},{"not_picked":["Warcry","Havoc"],"picked":"Anger","floor":18},{"not_picked":["True Grit","Perfected Strike","Burning Pact"],"picked":"SKIP","floor":21},{"not_picked":["Cleave","True Grit","Fire Breathing"],"picked":"SKIP","floor":22},{"not_picked":["Dual Wield","Anger"],"picked":"Iron Wave","floor":23},{"not_picked":["Twin Strike+1","Pommel Strike+1"],"picked":"Flame Barrier+1","floor":28},{"not_picked":["Limit Break","Demon Form"],"picked":"Impervious","floor":33},{"not_picked":["Cleave+1","Warcry","Flex"],"picked":"SKIP","floor":35},{"not_picked":["Flex","Wild Strike+1"],"picked":"Shrug It Off","floor":36},{"not_picked":["Iron Wave+1","Immolate+1"],"picked":"Spot Weakness","floor":37},{"not_picked":["Body Slam+1","Heavy Blade+1"],"picked":"Disarm","floor":38},{"not_picked":["Perfected Strike+1","Dropkick+1","Pommel Strike+1"],"picked":"SKIP","floor":39}],"player_experience":225039,"relics_obtained":[{"floor":6,"key":"StoneCalendar"},{"floor":8,"key":"Unceasing Top"},{"floor":9,"key":"Blood Vial"},{"floor":10,"key":"Pen Nib"},{"floor":14,"key":"Bag of Preparation"},{"floor":23,"key":"War Paint"},{"floor":26,"key":"Molten Egg 2"}],"event_choices":[{"damage_healed":0,"gold_gain":0,"player_choice":"Box","damage_taken":0,"relics_obtained":["Vajra"],"max_hp_gain":0,"max_hp_loss":0,"event_name":"Big Fish","floor":2,"gold_loss":0,"cards_obtained":["Regret"]},{"damage_healed":0,"gold_gain":0,"player_choice":"Entered Light","damage_taken":16,"max_hp_gain":0,"max_hp_loss":0,"event_name":"Shining Light","floor":4,"gold_loss":0,"cards_upgraded":["Defend_R","Strike_R"]},{"damage_healed":0,"gold_gain":0,"player_choice":"Got Potions","damage_taken":0,"max_hp_gain":0,"max_hp_loss":0,"event_name":"Lab","floor":5,"gold_loss":0},{"cards_removed":["Regret"],"damage_healed":0,"gold_gain":0,"player_choice":"Offered Curse","damage_taken":0,"relics_obtained":["Spirit Poop"],"max_hp_gain":0,"max_hp_loss":0,"event_name":"Bonfire Elementals","floor":20,"gold_loss":0},{"damage_healed":0,"gold_gain":0,"player_choice":"Read","damage_taken":0,"max_hp_gain":0,"max_hp_loss":0,"event_name":"The Library","floor":24,"gold_loss":0,"cards_obtained":["Dark Embrace"]},{"damage_healed":0,"gold_gain":0,"cards_transformed":["Strike_R"],"player_choice":"Transformed","damage_taken":0,"max_hp_gain":0,"max_hp_loss":0,"event_name":"Transmorgrifier","floor":31,"gold_loss":0,"cards_obtained":["Berserk"]}],"is_beta":false,"boss_relics":[{"not_picked":["Astrolabe","Runic Dome"],"picked":"Mark of Pain"},{"not_picked":["Empty Cage","Velvet Choker"],"picked":"Coffee Dripper"}],"items_purged_floors":[19],"is_endless":false,"potions_floor_spawned":[1,8,11,12,13,16,21,28,36,37,38],"killed_by":"Nemesis","ascension_level":12}