{"path_per_floor":["M","$","M","M","$","R","E","R","T","E","R","M","M"],"character_chosen":"DEFECT","items_purchased":["Hologram","All For One"],"gold_per_floor":[210,187,203,213,49,49,82,82,160,186,186,203,223,223],"floor_reached":14,"campfire_rested":1,"playtime":845,"item_purchase_floors":[2,5],"current_hp_per_floor":[66,66,65,58,58,58,41,41,41,5,27,15,12,0],"items_purged":[],"gold":223,"score":160,"play_id":"2e8d358f-3aea-40d1-bd9c-c13af977cd0b","local_time":"20180527015045","is_prod":false,"is_daily":false,"chose_seed":false,"is_ascension_mode":true,"campfire_upgraded":2,"win_rate":0,"timestamp":1527378645,"campfire_choices":[{"data":"Streamline","floor":6,"key":"SMITH"},{"data":"Zap","floor":8,"key":"SMITH"},{"floor":11,"key":"REST"}],"path_taken":["M","$","M","M","$","R","E","R","T","E","R","M","M","M"],"build_version":"2018-05-25","seed_source_timestamp":648731439561489,"purchased_purges":0,"victory":false,"master_deck":["Strike_B","Strike_B","Strike_B","Strike_B","Defend_B","Defend_B","Defend_B","Defend_B","Zap+1","Dualcast","AscendersBane","Streamline+1","Hologram","Cold Snap","Auto Shields","All For One","Reprogram","Go for the Eyes","Self Repair","Chill"],"max_hp_per_floor":[75,75,75,75,75,75,75,75,75,75,75,75,75,75],"relics":["Cracked Core","Pen Nib","Mercury Hourglass","Darkstone Periapt"],"card_choices":[{"not_picked":["Hologram","Compile Driver"],"picked":"Streamline","floor":1},{"not_picked":["Streamline","Loop"],"picked":"Cold Snap","floor":3},{"not_picked":["Ball Lightning","Tempest"],"picked":"Auto Shields","floor":4},{"not_picked":["Amplify","Coolheaded"],"picked":"Reprogram","floor":7},{"not_picked":["Streamline","Chaos"],"picked":"Go for the Eyes","floor":10},{"not_picked":["Conserve Battery","Turbo"],"picked":"Self Repair","floor":12},{"not_picked":["Coolheaded","Fusion"],"picked":"Chill","floor":13}],"player_experience":144047,"potions_floor_usage":[7,7],"damage_taken":[{"damage":2,"enemies":"2 Louse","floor":1,"turns":2},{"damage":1,"enemies":"Cultist","floor":3,"turns":3},{"damage":7,"enemies":"Small Slimes","floor":4,"turns":4},{"damage":17,"enemies":"3 Sentries","floor":7,"turns":9},{"damage":36,"enemies":"Lagavulin","floor":10,"turns":6},{"damage":12,"enemies":"Exordium Wildlife","floor":12,"turns":3},{"damage":10,"enemies":"3 Louse","floor":13,"turns":2},{"damage":12,"enemies":"Large Slime","floor":14,"turns":4}],"relics_obtained":[{"floor":7,"key":"Pen Nib"},{"floor":9,"key":"Mercury Hourglass"},{"floor":10,"key":"Darkstone Periapt"}],"event_choices":[],"boss_relics":[],"items_purged_floors":[],"potions_floor_spawned":[3,4,7],"seed_played":"-1287191228291170381","killed_by":"Large Slime","ascension_level":12,"potions_obtained":[{"floor":3,"key":"PowerPotion"},{"floor":4,"key":"Strength Potion"},{"floor":7,"key":"FocusPotion"}],"is_trial":false}