{"gold_per_floor":[99,24,24,36,36,36,55,55,124,144,144,158,171,171],"floor_reached":14,"playtime":260,"items_purged":[],"score":80,"play_id":"5f295ab8-506d-42f5-8cff-2b9bd2d8d411","local_time":"20181126185953","is_ascension_mode":false,"campfire_choices":[{"data":"Zap","floor":6,"key":"SMITH"},{"data":"Storm","floor":8,"key":"SMITH"},{"floor":11,"key":"REST"}],"neow_cost":"NONE","seed_source_timestamp":845569244654983,"circlet_count":0,"master_deck":["Strike_B","Strike_B","Strike_B","Defend_B","Defend_B+1","Defend_B","Defend_B","Zap+1","Dualcast","Storm+1","Steam Power+1","Ball Lightning","Conserve Battery","Conserve Battery","Gash"],"relics":["Cracked Core","NeowsBlessing","Bottled Tornado","Odd Mushroom"],"potions_floor_usage":[],"damage_taken":[{"damage":0,"enemies":"Cultist","floor":1,"turns":1},{"damage":0,"enemies":"2 Louse","floor":4,"turns":1},{"damage":0,"enemies":"Jaw Worm","floor":7,"turns":1},{"damage":39,"enemies":"The Mushroom Lair","floor":10,"turns":5},{"damage":16,"enemies":"Lots of Slimes","floor":12,"turns":4},{"damage":9,"enemies":"Red Slaver","floor":13,"turns":5},{"damage":15,"enemies":"Exordium Thugs","floor":14,"turns":1}],"seed_played":"574491130578387547","potions_obtained":[{"floor":4,"key":"Explosive Potion"},{"floor":12,"key":"SkillPotion"}],"is_trial":false,"path_per_floor":["M","$","?","M","?","R","M","R","T","?","R","M","M","M"],"character_chosen":"DEFECT","items_purchased":["Storm"],"campfire_rested":1,"item_purchase_floors":[2],"current_hp_per_floor":[75,75,68,68,53,53,53,53,53,14,36,20,11,0],"gold":171,"neow_bonus":"THREE_ENEMY_KILL","is_prod":false,"is_daily":false,"chose_seed":false,"campfire_upgraded":2,"win_rate":0.0,"timestamp":1543280393,"path_taken":["M","?","?","M","?","R","M","R","T","?","R","M","M","M"],"build_version":"2018-11-15","purchased_purges":0,"victory":false,"max_hp_per_floor":[75,75,75,75,75,75,75,75,75,75,75,75,75,75],"card_choices":[{"not_picked":["Rebound","Redo","Reinforced Body"],"picked":"SKIP","floor":1},{"not_picked":["Cold Snap","Hello World"],"picked":"Steam Power","floor":4},{"not_picked":["Redo","Turbo"],"picked":"Ball Lightning","floor":7},{"not_picked":["Reprogram","Streamline"],"picked":"Conserve Battery","floor":10},{"not_picked":["Redo","Skim"],"picked":"Conserve Battery","floor":12},{"not_picked":["Compile Driver","Undo"],"picked":"Gash","floor":13}],"player_experience":51701,"relics_obtained":[{"floor":9,"key":"Bottled Tornado"},{"floor":10,"key":"Odd Mushroom"}],"event_choices":[{"cards_removed":["Strike_B"],"damage_healed":0,"gold_gain":0,"player_choice":"Card Removal","damage_taken":7,"max_hp_gain":0,"max_hp_loss":0,"event_name":"Golden Wing","floor":3,"gold_loss":0},{"damage_healed":0,"gold_gain":0,"player_choice":"Entered Light","damage_taken":15,"max_hp_gain":0,"max_hp_loss":0,"event_name":"Shining Light","floor":5,"gold_loss":0,"cards_upgraded":["Defend_B","Steam Power"]},{"damage_healed":0,"gold_gain":0,"player_choice":"Fought Mushrooms","damage_taken":0,"max_hp_gain":0,"max_hp_loss":0,"event_name":"Mushrooms","floor":10,"gold_loss":0}],"is_beta":false,"boss_relics":[],"items_purged_floors":[],"is_endless":false,"potions_floor_spawned":[4,12],"killed_by":"Exordium Thugs","ascension_level":0}