{"gold_per_floor":[118,143,17,17,17,47,66,66,66,66,100,100,132,172,184,294,306,328,358,385,408,420,432,444,456,468,496,518,530,342,362,362,461,461,475,390,210,210,225,257,257,257,257,257,132,132,152,2,2,2],"floor_reached":51,"playtime":7358,"items_purged":["Strike_Br","Strike_Br","Parasite","Strike_Br"],"score":766,"play_id":"e664dc0f-3222-4d1d-a354-4a999452219e","local_time":"20190111031021","is_ascension_mode":false,"campfire_choices":[{"data":"LockedTurtyl","floor":8.0,"key":"SMITH"},{"data":"PatternShift","floor":10.0,"key":"SMITH"},{"data":"SecondHand","floor":10.0,"key":"SMITH"},{"data":"HandsUp","floor":12.0,"key":"SMITH"},{"data":"Stagnate","floor":12.0,"key":"SMITH"},{"data":"ExoVibe","floor":15.0,"key":"SMITH"},{"data":"BiteCommand","floor":15.0,"key":"SMITH"},{"data":"Analog","floor":23.0,"key":"SMITH"},{"data":"Flay","floor":23.0,"key":"SMITH"},{"data":"SecondHand","floor":25.0,"key":"SMITH"},{"data":"LockedCalendar","floor":25.0,"key":"SMITH"},{"data":"LockedAnchor","floor":29.0,"key":"SMITH"},{"data":"CrunchTime","floor":29.0,"key":"SMITH"},{"data":"Accruing","floor":32.0,"key":"SMITH"},{"data":"Accelerando","floor":32.0,"key":"SMITH"},{"data":"LockedWarPaint","floor":41.0,"key":"SMITH"},{"data":"Secret Technique","floor":41.0,"key":"SMITH"},{"data":"Accelerando","floor":46.0,"key":"SMITH"},{"data":"Cuckoo","floor":49.0,"key":"SMITH"},{"data":"Lento","floor":49.0,"key":"SMITH"}],"neow_cost":"NONE","seed_source_timestamp":45372228361102,"circlet_count":0,"master_deck":["Strike_Br","Defend_Br","Defend_Br","Defend_Br","Defend_Br","SecondHand+1","PatternShift+1","LockedTurtyl+1","TickedOff","HandsUp+1","Cuckoo+1","SlimeSpray","Stagnate+1","ExoVibe+2","BiteCommand+1","Lento+1","Flay+1","ExoVibe","Accelerando+1","CrunchTime","BlueShift","Accelerando+1","Analog+1","LockedCalendar+1","CrunchTime+1","SecondHand+1","LockedAnchor+1","HandsUp+1","Accruing+1","LockedBlood","Echonomics","LockedBlood+1","Secret Technique+1","LockedWarPaint+1","LockedUrn+1","LockedMedicine"],"special_seed":0,"relics":["Chronometer","NeowsBlessing","Dream Catcher","Orichalcum?","Matryoshka","Blood Vial","halation:PenCase","halation:OrihimeAndHikoboshiSamaAndTears","MawBank","Sozu","Gremlin Horn","beaked:ShinyBauble","WaitingRoom","Cursed Key","Dodecahedron","halation:LostSnail","Bottled Flame","Bronze Scales"],"potions_floor_usage":[50],"damage_taken":[{"damage":0.0,"enemies":"Cultist","floor":1.0,"turns":1.0},{"damage":0.0,"enemies":"3 Sentries","floor":6.0,"turns":2.0},{"damage":0.0,"enemies":"2 Louse","floor":7.0,"turns":1.0},{"damage":24.0,"enemies":"Lagavulin","floor":11.0,"turns":7.0},{"damage":6.0,"enemies":"Gremlin Nob","floor":13.0,"turns":6.0},{"damage":0.0,"enemies":"Small Slimes","floor":14.0,"turns":6.0},{"damage":7.0,"enemies":"The Guardian","floor":16.0,"turns":12.0},{"damage":4.0,"enemies":"Chosen","floor":18.0,"turns":7.0},{"damage":0.0,"enemies":"3 Byrds","floor":19.0,"turns":6.0},{"damage":11.0,"enemies":"Snake Plant","floor":20.0,"turns":7.0},{"damage":0.0,"enemies":"Centurion and Healer","floor":21.0,"turns":11.0},{"damage":11.0,"enemies":"3 Cultists","floor":27.0,"turns":6.0},{"damage":0.0,"enemies":"Sentry and Sphere","floor":28.0,"turns":2.0},{"damage":0.0,"enemies":"Shelled Parasite and Fungi","floor":31.0,"turns":2.0},{"damage":0.0,"enemies":"Champ","floor":33.0,"turns":8.0},{"damage":26.0,"enemies":"3 Shapes","floor":35.0,"turns":7.0},{"damage":3.0,"enemies":"3 Darklings","floor":39.0,"turns":5.0},{"damage":15.0,"enemies":"Nemesis","floor":40.0,"turns":7.0},{"damage":0.0,"enemies":"Maw","floor":47.0,"turns":9.0},{"damage":30,"enemies":"Donu and Deca","floor":50,"turns":6}],"seed_played":"-2808635047838060636","potions_obtained":[{"floor":1.0,"key":"Energy Potion"},{"floor":13.0,"key":"Fire Potion"},{"floor":14.0,"key":"GamblersBrew"}],"is_trial":false,"path_per_floor":["M","T","$","?","?","E","M","R","T","R","E","R","E","M","R","B",null,"M","M","M","M","?","R","?","R","T","M","M","R","$","M","R","B",null,"M","?","$","?","M","E","R","?","T","?","$","R","M","$","R","B",null],"character_chosen":"CHRONO_CLASS","items_purchased":["TickedOff","HandsUp","Accruing","LockedBlood","halation:LostSnail"],"campfire_rested":0,"item_purchase_floors":[3,3,30,30,37],"current_hp_per_floor":[65,65,65,65,65,65,65,65,65,65,41,41,37,39,39,36,65,61,63,54,56,56,56,56,56,56,47,49,49,49,51,51,59,65,43,43,43,43,42,41,41,41,41,41,41,41,62,62,62,43],"gold":2,"neow_bonus":"THREE_ENEMY_KILL","is_prod":false,"is_daily":false,"chose_seed":false,"campfire_upgraded":20,"win_rate":0.0,"timestamp":1547172621,"path_taken":["M","?","$","?","?","E","M","R","T","R","E","R","E","M","R","BOSS","M","M","M","M","?","R","?","R","T","?","M","R","$","M","R","BOSS","M","?","?","?","M","E","R","?","T","?","$","R","?","$","R","BOSS"],"build_version":"2019-01-03v4","purchased_purges":4,"victory":true,"max_hp_per_floor":[65,65,65,65,65,65,65,65,65,65,65,65,65,65,65,65,65,65,65,65,65,65,65,65,65,65,65,65,65,65,65,65,65,65,65,65,65,65,65,65,65,65,65,65,62,62,62,62,62,62],"card_choices":[{"not_picked":["LockedMawBank","ReapSow"],"picked":"LockedTurtyl","floor":1.0},{"not_picked":["FormalWear","LockedScales"],"picked":"Cuckoo","floor":6.0},{"not_picked":["LockedWarPaint","LockedOrichalcum"],"picked":"SlimeSpray","floor":7.0},{"not_picked":["PrimeTime","LockedMawBank"],"picked":"Stagnate","floor":11.0},{"not_picked":["LockedMedicine","BiteCommand"],"picked":"ExoVibe","floor":13.0},{"not_picked":["Cuckoo","Engulf"],"picked":"BiteCommand","floor":14.0},{"not_picked":["LockedBell","Pendulum"],"picked":"Flay","floor":16.0},{"not_picked":["Chronoelasticity","AlternateTimeline"],"picked":"ExoVibe","floor":18.0},{"not_picked":["PrimeTime+1","Stagnate"],"picked":"CrunchTime","floor":19.0},{"not_picked":["Parity","LockedWhetstone"],"picked":"BlueShift","floor":20.0},{"not_picked":["PrimeTime","ExoVibe"],"picked":"Analog","floor":21.0},{"not_picked":["Chronoelasticity+1","BiteCommand+1"],"picked":"LockedAnchor","floor":27.0},{"not_picked":["LockedMawBank","CrunchTime"],"picked":"HandsUp+1","floor":28.0},{"not_picked":["Parity+1","WindUp","Echoward"],"picked":"SKIP","floor":31.0},{"not_picked":["Pendulum","MasterKey"],"picked":"Echonomics","floor":33.0},{"not_picked":["Echoward","LockedUrn+1"],"picked":"LockedBlood+1","floor":35.0},{"not_picked":["Violence","Chrysalis"],"picked":"Secret Technique","floor":38.0},{"not_picked":["LockedThread+1","LockedMedicine+1"],"picked":"LockedWarPaint","floor":39.0},{"not_picked":["CrunchTime","LockedMawBank+1"],"picked":"LockedUrn+1","floor":40.0},{"not_picked":["Keepsakes","ExoVibe"],"picked":"LockedMedicine","floor":47.0}],"player_experience":823598,"relics_obtained":[{"floor":2.0,"key":"Dream Catcher"},{"floor":6.0,"key":"Matryoshka"},{"floor":9.0,"key":"Blood Vial"},{"floor":9.0,"key":"halation:PenCase"},{"floor":11.0,"key":"halation:OrihimeAndHikoboshiSamaAndTears"},{"floor":13.0,"key":"MawBank"},{"floor":26.0,"key":"beaked:ShinyBauble"},{"floor":26.0,"key":"WaitingRoom"},{"floor":40.0,"key":"Bottled Flame"},{"floor":43.0,"key":"Bronze Scales"}],"event_choices":[{"damage_healed":0.0,"max_hp_gain":0.0,"max_hp_loss":0.0,"gold_gain":0.0,"event_name":"Liars Game","player_choice":"Ignored","floor":5.0,"gold_loss":0.0,"damage_taken":0.0},{"damage_healed":0.0,"max_hp_gain":0.0,"max_hp_loss":0.0,"gold_gain":0.0,"event_name":"The Mausoleum","player_choice":"Opened","floor":22.0,"gold_loss":0.0,"damage_taken":0.0,"relics_obtained":["Gremlin Horn"]},{"damage_healed":0.0,"max_hp_gain":0.0,"max_hp_loss":0.0,"gold_gain":0.0,"event_name":"Match and Keep!","player_choice":"3 cards matched","floor":24.0,"gold_loss":0.0,"damage_taken":0.0,"cards_obtained":["LockedCalendar","CrunchTime","SecondHand"]},{"damage_healed":0.0,"max_hp_gain":0.0,"max_hp_loss":0.0,"gold_gain":0.0,"event_name":"WeMeetAgain","player_choice":"Paid Gold","floor":36.0,"gold_loss":85.0,"damage_taken":0.0,"relics_obtained":["Dodecahedron"]},{"damage_healed":0.0,"max_hp_gain":0.0,"max_hp_loss":0.0,"gold_gain":0.0,"event_name":"SensoryStone","player_choice":"Memory 1","floor":38.0,"gold_loss":0.0,"damage_taken":0.0},{"damage_healed":0.0,"max_hp_gain":0.0,"max_hp_loss":0.0,"gold_gain":0.0,"event_name":"SecretPortal","player_choice":"Ignored","floor":44.0,"gold_loss":0.0,"damage_taken":0.0}],"is_beta":false,"boss_relics":[{"not_picked":["Metronome","beaked:MawFillet"],"picked":"Sozu"},{"not_picked":["halation:Yufonium","halation:CatFaceCupcake"],"picked":"Cursed Key"}],"items_purged_floors":[30,37,45,48],"is_endless":false,"potions_floor_spawned":[1,13,14,27,28,35],"ascension_level":0}