{"path_per_floor":["M","?","M","?","M","?","R","E","T","E","M","M","R","M","R","B",null,"M","M","$","?","$","R"],"character_chosen":"IRONCLAD","items_purchased":["Centennial Puzzle","Shrug It Off","Pommel Strike","Dropkick"],"gold_per_floor":[113,188,201,161,181,181,181,210,210,245,257,270,270,282,282,386,386,400,412,37,37,37,37],"floor_reached":24,"campfire_rested":1,"playtime":1765,"current_hp_per_floor":[78,67,73,73,79,79,79,71,71,75,74,65,65,64,64,25,80,45,25,25,25,25,49],"items_purged":[],"gold":37,"play_id":"51b18a2c-ec38-48ed-b6da-a4eb00dee1e9","is_prod":false,"is_daily":false,"is_ascension_mode":false,"campfire_upgraded":3,"path_taken":["M","?","M","?","?","?","R","E","T","E","?","M","R","M","R","BOSS","M","M","$","?","?","R","E"],"build_version":"2018-02-01-PROD3","purchased_purges":0,"victory":false,"master_deck":["Strike_R","Strike_R","Strike_R","Strike_R","Strike_R","Defend_R","Defend_R","Defend_R","Defend_R","Bash","Pommel Strike","Thunderclap","Burning Pact+1","Perfected Strike","Juggernaut+1","Rampage+1","Uppercut","Bloodletting","Bludgeon","Dual Wield","Whirlwind+1","Shrug It Off","Pommel Strike","Dropkick","Armaments"],"max_hp_per_floor":[80,80,80,80,80,80,80,80,80,80,80,80,80,80,80,80,80,80,80,80,80,80,80],"relics":["Burning Blood","Vajra","Ice Cream","Happy Flower","Runic Pyramid","Centennial Puzzle"],"card_choices":[{"not_picked":["Hemokinesis","Flame Barrier"],"picked":"Pommel Strike"},{"not_picked":["True Grit","Heavy Blade"],"picked":"Thunderclap"},{"not_picked":["Sword Boomerang","Heavy Blade"],"picked":"Burning Pact"},{"not_picked":["Seeing Red","Blood for Blood"],"picked":"Perfected Strike"},{"not_picked":["Feel No Pain","Shrug It Off"],"picked":"Juggernaut"},{"not_picked":["Body Slam","Shrug It Off"],"picked":"Rampage"},{"not_picked":["Body Slam","Perfected Strike"],"picked":"Uppercut"},{"not_picked":["Burning Pact","Uppercut"],"picked":"Bloodletting"},{"not_picked":["Fiend Fire","Limit Break"],"picked":"Bludgeon"},{"not_picked":["Perfected Strike","Combust"],"picked":"Dual Wield"},{"not_picked":["Heavy Blade","Headbutt"],"picked":"Whirlwind"}],"player_experience":22261,"potions_floor_usage":[8,10,10,16,19],"damage_taken":[{"damage":8,"enemies":"Blue Slaver","floor":1,"turns":9},{"damage":0,"enemies":"Cultist","floor":3,"turns":4},{"damage":0,"enemies":"2 Louse","floor":5,"turns":4},{"damage":14,"enemies":"3 Sentries","floor":8,"turns":7},{"damage":2,"enemies":"Gremlin Nob","floor":10,"turns":3},{"damage":7,"enemies":"2 Fungi Beasts","floor":11,"turns":3},{"damage":15,"enemies":"Gremlin Gang","floor":12,"turns":3},{"damage":7,"enemies":"3 Louse","floor":14,"turns":3},{"damage":45,"enemies":"Slime Boss","floor":16,"turns":10},{"damage":41,"enemies":"2 Thieves","floor":18,"turns":4},{"damage":26,"enemies":"Shell Parasite","floor":19,"turns":6},{"damage":45,"enemies":"Book of Stabbing","floor":24,"turns":5}],"event_choices":[{"event_name":"World of Goop","player_choice":"Gather Gold","floor":2,"damage_taken":0},{"event_name":"The Woman in Blue","player_choice":"Bought 3 Potions","floor":4,"damage_taken":0},{"event_name":"Golden Wing","player_choice":"Ignored","floor":6,"damage_taken":0},{"event_name":"The Library","player_choice":"Read","floor":21,"damage_taken":0}],"boss_relics":[{"not_picked":["Lizard Tail","Eternal Feather"],"picked":"Runic Pyramid"}],"potions_floor_spawned":[1,5,8,12,19],"seed_played":"-7119382848488620373","killed_by":"Book of Stabbing","ascension_level":0,"is_trial":false}