{"gold_per_floor":[110,35,35,54,70,70,89,122,422,522,548,562,562,573,573,651,651,669,669,368,387,397,397,367,367,416,435,435,220,236,253,253,253],"floor_reached":33,"playtime":2569,"items_purged":["Strike_G","Defend_G"],"score":479,"play_id":"4f29d903-f70a-4cf5-95ad-55dde0bbfc7c","local_time":"20190405234949","is_ascension_mode":true,"campfire_choices":[{"data":"Dagger Spray","floor":6,"key":"SMITH"},{"floor":13,"key":"REST"},{"floor":15,"key":"REST"},{"data":"Cloak And Dagger","floor":23,"key":"SMITH"},{"data":"Footwork","floor":25,"key":"SMITH"},{"data":"Leg Sweep","floor":28,"key":"SMITH"},{"floor":32,"key":"REST"}],"neow_cost":"NONE","seed_source_timestamp":865653145622249,"circlet_count":0,"master_deck":["AscendersBane","Defend_G","Defend_G","Defend_G","Strike_G","Strike_G","Strike_G","Survivor","Neutralize","Cloak And Dagger+1","Accuracy","Dagger Spray+1","Footwork+1","Calculated Gamble","Deflect","Blade Dance","Blur","After Image+1","Leg Sweep+1","Accuracy+1","Backstab"],"relics":["Empty Cage","Frozen Egg 2","Old Coin","Ice Cream","Busted Crown","FaceOfCleric","Letter Opener","Juzu Bracelet"],"potions_floor_usage":[8,12,16,16,27,30,33,33],"damage_taken":[{"damage":0,"enemies":"Small Slimes","floor":1,"turns":5},{"damage":1,"enemies":"Jaw Worm","floor":4,"turns":7},{"damage":3,"enemies":"Cultist","floor":5,"turns":6},{"damage":12,"enemies":"Gremlin Gang","floor":7,"turns":4},{"damage":14,"enemies":"Lagavulin","floor":8,"turns":8},{"damage":29,"enemies":"Gremlin Nob","floor":11,"turns":6},{"damage":0,"enemies":"2 Fungi Beasts","floor":12,"turns":4},{"damage":23,"enemies":"Exordium Thugs","floor":14,"turns":6},{"damage":4,"enemies":"The Guardian","floor":16,"turns":19},{"damage":4,"enemies":"Spheric Guardian","floor":18,"turns":10},{"damage":6,"enemies":"3 Byrds","floor":21,"turns":6},{"damage":2,"enemies":"Centurion and Healer","floor":22,"turns":10},{"damage":10,"enemies":"3 Cultists","floor":27,"turns":6},{"damage":24,"enemies":"Shelled Parasite and Fungi","floor":30,"turns":6},{"damage":25,"enemies":"Snake Plant","floor":31,"turns":7},{"damage":36,"enemies":"Collector","floor":33,"turns":13}],"seed_played":"8636110429810694196","potions_obtained":[{"floor":4,"key":"AttackPotion"},{"floor":7,"key":"FairyPotion"},{"floor":8,"key":"Energy Potion"},{"floor":11,"key":"Poison Potion"},{"floor":14,"key":"Fire Potion"},{"floor":24,"key":"Energy Potion"},{"floor":24,"key":"Swift Potion"},{"floor":27,"key":"Regen Potion"},{"floor":31,"key":"Energy Potion"}],"is_trial":false,"path_per_floor":["M","$","?","M","M","R","M","E","T","?","E","M","R","M","R","B",null,"M","?","$","M","M","R","?","R","T","M","R","$","M","M","R","B"],"character_chosen":"THE_SILENT","items_purchased":["Leg Sweep","Letter Opener","Accuracy+1","Backstab"],"campfire_rested":3,"item_purchase_floors":[20,20,29,29],"current_hp_per_floor":[59,59,59,58,55,55,43,29,29,29,6,6,25,2,21,17,54,50,50,50,45,44,44,44,44,44,35,35,35,27,3,24,0],"gold":253,"neow_bonus":"BOSS_RELIC","is_prod":false,"is_daily":false,"chose_seed":false,"campfire_upgraded":4,"win_rate":0,"timestamp":1554522589,"path_taken":["M","$","?","M","M","R","M","E","T","?","E","M","R","M","R","BOSS","M","?","$","?","M","R","?","R","T","M","R","$","M","M","R","BOSS"],"build_version":"2019-01-23","purchased_purges":2,"victory":false,"max_hp_per_floor":[66,66,66,66,66,66,66,66,66,66,66,66,66,66,66,66,66,66,66,66,67,68,68,68,68,68,69,69,69,70,71,71,71],"card_choices":[{"not_picked":["Quick Slash","Deadly Poison"],"picked":"Cloak And Dagger","floor":1},{"not_picked":["Endless Agony","Well Laid Plans"],"picked":"Accuracy","floor":4},{"not_picked":["Terror","Masterful Stab"],"picked":"Dagger Spray","floor":5},{"not_picked":["PiercingWail","Bane"],"picked":"Footwork","floor":7},{"not_picked":["Malaise","Doppelganger"],"picked":"Calculated Gamble","floor":8},{"not_picked":["Predator","Underhanded Strike"],"picked":"Deflect","floor":11},{"not_picked":["Quick Slash","Bane"],"picked":"Blade Dance","floor":12},{"not_picked":["Setup","Underhanded Strike"],"picked":"Blur","floor":14},{"not_picked":["Storm of Steel","Wraith Form v2+1"],"picked":"After Image+1","floor":16},{"not_picked":["Deadly Poison+1"],"picked":"SKIP","floor":18},{"not_picked":["Bane"],"picked":"SKIP","floor":21},{"not_picked":["Sucker Punch"],"picked":"SKIP","floor":22},{"not_picked":["Prepared"],"picked":"SKIP","floor":27},{"not_picked":["Slice+1"],"picked":"SKIP","floor":30},{"not_picked":["Prepared"],"picked":"SKIP","floor":31}],"player_experience":913330,"relics_obtained":[{"floor":8,"key":"Frozen Egg 2"},{"floor":9,"key":"Old Coin"},{"floor":11,"key":"Ice Cream"},{"floor":26,"key":"Juzu Bracelet"}],"event_choices":[{"damage_healed":0,"gold_gain":0,"player_choice":"Ignored","damage_taken":0,"max_hp_gain":0,"max_hp_loss":0,"event_name":"Shining Light","floor":3,"gold_loss":0},{"damage_healed":0,"gold_gain":100,"player_choice":"Gold","damage_taken":0,"max_hp_gain":0,"max_hp_loss":0,"event_name":"Wheel of Change","floor":10,"gold_loss":0},{"damage_healed":0,"gold_gain":0,"player_choice":"Trade","damage_taken":0,"relics_obtained":["FaceOfCleric"],"max_hp_gain":0,"max_hp_loss":0,"event_name":"FaceTrader","floor":19,"gold_loss":0},{"damage_healed":0,"gold_gain":0,"player_choice":"Bought 2 Potions","damage_taken":0,"max_hp_gain":0,"max_hp_loss":0,"event_name":"The Woman in Blue","floor":24,"gold_loss":0}],"is_beta":false,"boss_relics":[{"not_picked":["Calling Bell","Lizard Tail"],"picked":"Busted Crown"}],"items_purged_floors":[2,29],"is_endless":false,"potions_floor_spawned":[4,7,8,11,14,27,31],"killed_by":"Collector","ascension_level":17}