{"gold_per_floor":[112,126,140,140,140,140,169,169,169,169,197,197,11,39,39,141,141,156,255,266,4,15,42,42,73,73,83,83,8,8,24,24,121,121,140,160,0,0,0,29,29,64,64,64,96,96,130,200,200,200],"floor_reached":51,"playtime":3996,"items_purged":["Strike_G"],"score":1211,"play_id":"9d10f5d0-2317-4658-b562-2d9de9d826ff","local_time":"20180730210224","is_ascension_mode":true,"campfire_choices":[{"data":"Poisoned Stab","floor":6,"key":"SMITH"},{"floor":10,"key":"REST"},{"data":"Noxious Fumes","floor":15,"key":"SMITH"},{"floor":24,"key":"REST"},{"floor":32,"key":"REST"},{"floor":41,"key":"REST"},{"floor":44,"key":"REST"},{"floor":46,"key":"REST"},{"floor":49,"key":"REST"}],"neow_cost":"NONE","seed_source_timestamp":526762523794681,"circlet_count":0,"master_deck":["Defend_G","Defend_G","Defend_G","Survivor","Neutralize+1","AscendersBane","Poisoned Stab+1","All Out Attack+1","Slice","Quick Slash","Noxious Fumes+1","Flash of Steel","Die Die Die","Adrenaline","Cloak And Dagger","Cloak And Dagger+1","Caltrops+1","Skewer+1","Sucker Punch+1","Venomology","Slice+1","Skewer+1","Sucker Punch+1","Dodge and Roll+1","Noxious Fumes+1","Infinite Blades+1","Distraction+1"],"relics":["Ring of the Snake","GremlinMask","Letter Opener","Singing Bowl","Blue Candle","Pantograph","Darkstone Periapt","Fusion Hammer","Mercury Hourglass","Dead Branch","Orichalcum","Question Card","Astrolabe","Red Mask","Vajra","Tough Bandages","Meat on the Bone","The Specimen","Snake Skull","Pear"],"potions_floor_usage":[22,23,25,27,36,36,42,42,45,50,50,50,50],"damage_taken":[{"damage":15,"enemies":"Jaw Worm","floor":1,"turns":7},{"damage":0,"enemies":"Cultist","floor":2,"turns":4},{"damage":0,"enemies":"Small Slimes","floor":3,"turns":3},{"damage":32,"enemies":"Gremlin Nob","floor":7,"turns":5},{"damage":10,"enemies":"Lagavulin","floor":11,"turns":6},{"damage":18,"enemies":"3 Sentries","floor":14,"turns":5},{"damage":22,"enemies":"Hexaghost","floor":16,"turns":9},{"damage":8,"enemies":"Shell Parasite","floor":18,"turns":4},{"damage":8,"enemies":"Chosen","floor":20,"turns":5},{"damage":9,"enemies":"Snake Plant","floor":22,"turns":4},{"damage":17,"enemies":"Book of Stabbing","floor":23,"turns":5},{"damage":29,"enemies":"Slavers","floor":25,"turns":3},{"damage":4,"enemies":"Centurion and Healer","floor":27,"turns":5},{"damage":2,"enemies":"3 Cultists","floor":31,"turns":3},{"damage":36,"enemies":"Automaton","floor":33,"turns":9},{"damage":0,"enemies":"Orb Walker","floor":35,"turns":3},{"damage":0,"enemies":"Flame Bruiser 1 Orb","floor":36,"turns":3},{"damage":19,"enemies":"Nemesis","floor":40,"turns":5},{"damage":28,"enemies":"2 Orb Walkers","floor":42,"turns":4},{"damage":20,"enemies":"Giant Head","floor":45,"turns":6},{"damage":32,"enemies":"Nemesis","floor":47,"turns":5},{"damage":37,"enemies":"Donu and Deca","floor":50,"turns":6}],"seed_played":"4392799137140979477","potions_obtained":[{"floor":3,"key":"PowerPotion"},{"floor":16,"key":"Fire Potion"},{"floor":23,"key":"Ancient Potion"},{"floor":25,"key":"Fruit Juice"},{"floor":35,"key":"Fire Potion"},{"floor":36,"key":"PowerPotion"},{"floor":47,"key":"Block Potion"}],"is_trial":false,"path_per_floor":["M","M","M","?","?","R","E","?","T","R","E","T","$","E","R","B",null,"M","?","M","$","M","E","R","E","T","M","?","$","?","M","R","B",null,"M","M","?","?","?","E","R","E","T","R","E","R","E","T","R","B"],"character_chosen":"THE_SILENT","items_purchased":["Noxious Fumes","Flash of Steel","Mercury Hourglass"],"campfire_rested":7,"item_purchase_floors":[13,13,21],"current_hp_per_floor":[48,48,48,48,48,48,16,9,9,30,22,22,22,4,4,7,56,48,48,40,40,33,16,38,9,9,10,10,10,10,10,34,23,67,67,67,67,67,81,64,83,55,55,79,61,85,53,63,91,58],"gold":200,"neow_bonus":"UPGRADE_CARD","is_prod":false,"is_daily":false,"chose_seed":false,"campfire_upgraded":2,"win_rate":0,"timestamp":1532948544,"path_taken":["M","M","M","?","?","R","E","?","T","R","E","?","$","E","R","BOSS","M","?","?","$","M","E","R","E","T","?","?","$","?","M","R","BOSS","M","M","?","?","?","E","R","E","T","R","E","R","E","?","R","BOSS"],"build_version":"2018-07-26","purchased_purges":1,"victory":true,"max_hp_per_floor":[70,70,70,70,70,70,70,70,70,70,72,72,72,72,72,72,72,72,72,72,72,74,74,74,74,74,79,79,79,79,81,81,81,81,81,81,81,81,81,83,83,83,83,83,85,85,85,95,95,95],"card_choices":[{"not_picked":["Acrobatics","Dagger Throw"],"picked":"Poisoned Stab","floor":1},{"not_picked":["Deflect","Poisoned Stab"],"picked":"All Out Attack","floor":2},{"not_picked":["Backflip","Envenom"],"picked":"Slice","floor":3},{"not_picked":["Distraction","Dagger Throw"],"picked":"Quick Slash","floor":7},{"not_picked":["Tactician","Bouncing Flask","Heel Hook"],"picked":"Singing Bowl","floor":11},{"not_picked":["Backflip","Deflect"],"picked":"Die Die Die","floor":14},{"not_picked":["Envenom","Die Die Die"],"picked":"Adrenaline","floor":16},{"not_picked":["Flechettes+1","Deflect"],"picked":"Cloak And Dagger","floor":18},{"not_picked":["Poisoned Stab","Dodge and Roll+1"],"picked":"Cloak And Dagger+1","floor":20},{"not_picked":["Heel Hook","Deadly Poison+1","Skewer"],"picked":"Singing Bowl","floor":22},{"not_picked":["Heel Hook","Accuracy"],"picked":"Caltrops+1","floor":23},{"not_picked":["Prepared","Grand Finale"],"picked":"Skewer+1","floor":25},{"not_picked":["Dagger Throw","Catalyst","Prepared"],"picked":"Sucker Punch+1","floor":27},{"not_picked":["Dagger Throw","Skewer","Quick Slash","Deadly Poison"],"picked":"Singing Bowl","floor":31},{"not_picked":["Phantasmal Killer","Die Die Die","Corpse Explosion"],"picked":"Venomology","floor":33},{"not_picked":["All Out Attack","Backstab","Underhanded Strike+1"],"picked":"Dodge and Roll+1","floor":35},{"not_picked":["Dodge and Roll","Sucker Punch","Prepared"],"picked":"Noxious Fumes+1","floor":36},{"not_picked":["Well Laid Plans","Cloak And Dagger","Grand Finale","Quick Slash"],"picked":"Singing Bowl","floor":40},{"not_picked":["Setup","Blur+1","Quick Slash+1"],"picked":"Infinite Blades+1","floor":42},{"not_picked":["Crippling Poison+1","Skewer","Heel Hook","Dagger Spray"],"picked":"Singing Bowl","floor":45},{"not_picked":["Slice+1","Riddle With Holes","Quick Slash"],"picked":"Distraction+1","floor":47}],"player_experience":287677,"relics_obtained":[{"floor":7,"key":"Letter Opener"},{"floor":9,"key":"Singing Bowl"},{"floor":11,"key":"Blue Candle"},{"floor":12,"key":"Pantograph"},{"floor":14,"key":"Darkstone Periapt"},{"floor":23,"key":"Dead Branch"},{"floor":25,"key":"Orichalcum"},{"floor":26,"key":"Question Card"},{"floor":40,"key":"Vajra"},{"floor":42,"key":"Tough Bandages"},{"floor":43,"key":"Meat on the Bone"},{"floor":45,"key":"The Specimen"},{"floor":47,"key":"Snake Skull"},{"floor":48,"key":"Pear"}],"event_choices":[{"event_name":"FaceTrader","player_choice":"Trade","floor":4,"damage_taken":0},{"event_name":"Living Wall","player_choice":"Grow","floor":5,"damage_taken":0},{"event_name":"Golden Wing","player_choice":"Card Removal","floor":8,"damage_taken":0},{"event_name":"Nest","player_choice":"Stole From Cult","floor":19,"damage_taken":0},{"event_name":"Ghosts","player_choice":"Ignored","floor":28,"damage_taken":0},{"event_name":"Purifier","player_choice":"One Purge","floor":30,"damage_taken":0},{"event_name":"Tomb of Lord Red Mask","player_choice":"Paid","floor":37,"damage_taken":0},{"event_name":"Purifier","player_choice":"One Purge","floor":38,"damage_taken":0},{"event_name":"Wheel of Change","player_choice":"Full Heal","floor":39,"damage_taken":0}],"is_beta":false,"boss_relics":[{"not_picked":["Velvet Choker","Ring of the Serpent"],"picked":"Fusion Hammer"},{"not_picked":["HoveringKite","Lizard Tail"],"picked":"Astrolabe"}],"items_purged_floors":[29],"is_endless":false,"potions_floor_spawned":[3,16,23,25,35,36,40,47],"ascension_level":11}