{"gold_per_floor":[112,131,131,148,164,164,197,212,212,212,246,262,275,305,305,407,407,417,116,148,148,159,159,192,192,271,271,370,370,380,397,397,495,495,510,732,144,144,19,19,44,44,44,70,89,118,137,87,87,87],"floor_reached":51,"playtime":6103,"items_purged":["Strike_G","Defend_G","Defend_G"],"score":1107,"play_id":"bc4a7492-8696-402b-aa76-db18a2a15a78","local_time":"20180729055124","is_ascension_mode":true,"campfire_choices":[{"data":"Neutralize","floor":6,"key":"SMITH"},{"data":"Noxious Fumes","floor":10,"key":"SMITH"},{"data":"Dagger Spray","floor":15,"key":"SMITH"},{"floor":23,"key":"REST"},{"floor":27,"key":"REST"},{"data":"A Thousand Cuts","floor":29,"key":"SMITH"},{"floor":32,"key":"REST"},{"data":"Footwork","floor":40,"key":"SMITH"},{"data":"Glass Knife","floor":42,"key":"SMITH"},{"floor":49,"key":"REST"}],"neow_cost":"NONE","seed_source_timestamp":383552534267400,"circlet_count":0,"master_deck":["Defend_G","Defend_G","Defend_G","Strike_G+1","Strike_G+1","Survivor","Neutralize+1","Flying Knee","Flying Knee","Leg Sweep","Noxious Fumes+1","Dodge and Roll","Cloak And Dagger","Dagger Spray+1","Adrenaline","Endless Agony+1","Infinite Blades","Blur","PiercingWail","A Thousand Cuts+1","Acrobatics+1","Footwork+1","Glass Knife+1","Crippling Poison+1","Dodge and Roll+1"],"relics":["Ring of the Snake","Anchor","Juzu Bracelet","Oddly Smooth Stone","Bag of Marbles","Torii","Runic Dome","Bronze Scales","Red Mask","Whetstone","Ninja Scroll","Snecko Eye","Bird Faced Urn","TwistedFunnel","Singing Bowl","Question Card","Snake Skull","Lantern"],"potions_floor_usage":[7,11,16,24,24,33,46,50,50,50],"damage_taken":[{"damage":0,"enemies":"Cultist","floor":1,"turns":3},{"damage":3,"enemies":"Small Slimes","floor":2,"turns":4},{"damage":0,"enemies":"2 Louse","floor":4,"turns":2},{"damage":0,"enemies":"Exordium Wildlife","floor":5,"turns":5},{"damage":1,"enemies":"Gremlin Nob","floor":7,"turns":3},{"damage":1,"enemies":"Red Slaver","floor":8,"turns":6},{"damage":0,"enemies":"Lagavulin","floor":11,"turns":8},{"damage":0,"enemies":"3 Louse","floor":12,"turns":3},{"damage":0,"enemies":"Exordium Wildlife","floor":13,"turns":2},{"damage":13,"enemies":"Gremlin Nob","floor":14,"turns":4},{"damage":13,"enemies":"Slime Boss","floor":16,"turns":8},{"damage":13,"enemies":"2 Thieves","floor":18,"turns":5},{"damage":9,"floor":20,"turns":4},{"damage":0,"enemies":"Chosen","floor":22,"turns":5},{"damage":35,"enemies":"Gremlin Leader","floor":24,"turns":7},{"damage":0,"enemies":"Slaver and Parasite","floor":30,"turns":5},{"damage":0,"enemies":"Snake Plant","floor":31,"turns":3},{"damage":47,"enemies":"Collector","floor":33,"turns":9},{"damage":1,"enemies":"Flame Bruiser 1 Orb","floor":35,"turns":4},{"damage":0,"enemies":"2 Orb Walkers","floor":41,"turns":3},{"damage":4,"enemies":"Nemesis","floor":44,"turns":5},{"damage":0,"enemies":"3 Darklings","floor":45,"turns":3},{"damage":28,"enemies":"Giant Head","floor":46,"turns":10},{"damage":0,"enemies":"Flame Bruiser 2 Orb","floor":47,"turns":5},{"damage":42,"enemies":"Donu and Deca","floor":50,"turns":8}],"seed_played":"-4370231384230713987","potions_obtained":[{"floor":2,"key":"PowerPotion"},{"floor":5,"key":"FearPotion"},{"floor":8,"key":"Dexterity Potion"},{"floor":14,"key":"Energy Potion"},{"floor":18,"key":"Explosive Potion"},{"floor":22,"key":"FearPotion"},{"floor":30,"key":"EssenceOfSteel"},{"floor":41,"key":"Poison Potion"},{"floor":44,"key":"Ancient Potion"},{"floor":45,"key":"SteroidPotion"}],"is_trial":false,"path_per_floor":["M","M","T","M","M","R","E","M","T","R","E","M","M","E","R","B",null,"M","$","?","?","M","R","E","?","T","R","?","R","M","M","R","B",null,"M","?","$","?","$","R","E","R","T","E","M","E","M","$","R","B"],"character_chosen":"THE_SILENT","items_purchased":["Bronze Scales","Infinite Blades","Bird Faced Urn","TwistedFunnel","Strength Potion"],"campfire_rested":4,"item_purchase_floors":[19,19,37,37,48],"current_hp_per_floor":[63,60,60,60,60,60,59,58,58,58,58,58,58,45,45,32,61,48,48,39,26,26,48,13,13,13,35,35,35,35,35,57,10,59,58,58,58,58,58,58,64,64,64,70,77,51,57,57,81,45],"gold":87,"neow_bonus":"TRANSFORM_CARD","is_prod":false,"is_daily":false,"chose_seed":false,"campfire_upgraded":6,"win_rate":0,"timestamp":1532807484,"path_taken":["M","M","?","M","M","R","E","M","T","R","E","M","M","E","R","BOSS","M","$","?","?","M","R","E","?","T","R","?","R","M","M","R","BOSS","M","?","$","?","?","R","E","R","T","E","M","E","M","$","R","BOSS"],"build_version":"2018-07-26","purchased_purges":3,"victory":true,"max_hp_per_floor":[70,70,70,70,70,70,70,70,70,70,70,70,70,70,70,70,70,70,70,70,75,75,75,75,75,75,75,75,75,75,75,75,75,75,75,75,75,75,75,75,75,75,75,77,77,79,81,81,81,81],"card_choices":[{"not_picked":["Deflect","Finisher"],"picked":"Flying Knee","floor":1},{"not_picked":["Underhanded Strike","Catalyst","Slice"],"picked":"SKIP","floor":2},{"not_picked":["Dash","Endless Agony"],"picked":"Leg Sweep","floor":4},{"not_picked":["Skewer","PiercingWail"],"picked":"Noxious Fumes","floor":5},{"not_picked":["Bane","Blade Dance","Underhanded Strike"],"picked":"SKIP","floor":7},{"not_picked":["Acrobatics","Poisoned Stab"],"picked":"Dodge and Roll","floor":8},{"not_picked":["Escape Plan","Tools of the Trade"],"picked":"Cloak And Dagger","floor":11},{"not_picked":["Calculated Gamble","Terror"],"picked":"Dagger Spray","floor":12},{"not_picked":["Underhanded Strike","Poisoned Stab","Riddle With Holes"],"picked":"SKIP","floor":13},{"not_picked":["Poisoned Stab","Dagger Throw","Outmaneuver"],"picked":"SKIP","floor":14},{"not_picked":["Die Die Die","Envenom"],"picked":"Adrenaline","floor":16},{"not_picked":["Deadly Poison","Acrobatics"],"picked":"Endless Agony+1","floor":18},{"not_picked":["Predator+1","Catalyst"],"picked":"Blur","floor":20},{"not_picked":["Flying Knee","Acrobatics"],"picked":"PiercingWail","floor":22},{"not_picked":["Blade Dance","Infinite Blades"],"picked":"A Thousand Cuts","floor":24},{"not_picked":["Dagger Spray","Outmaneuver"],"picked":"Acrobatics+1","floor":30},{"not_picked":["Predator","Underhanded Strike","Deflect"],"picked":"SKIP","floor":31},{"not_picked":["Dagger Spray+1","Slice"],"picked":"Footwork","floor":35},{"not_picked":["Doppelganger","Slice"],"picked":"Crippling Poison+1","floor":41},{"not_picked":["Quick Slash+1","All Out Attack+1","Prepared","Poisoned Stab"],"picked":"Singing Bowl","floor":44},{"not_picked":["Dagger Spray+1","Deflect","Sucker Punch"],"picked":"Dodge and Roll+1","floor":45},{"not_picked":["Backflip","Venomology","Expertise+1","Dodge and Roll"],"picked":"Singing Bowl","floor":46},{"not_picked":["Deadly Poison+1","Underhanded Strike","Reflex+1","All Out Attack+1"],"picked":"Singing Bowl","floor":47}],"player_experience":227565,"relics_obtained":[{"floor":3,"key":"Anchor"},{"floor":7,"key":"Juzu Bracelet"},{"floor":9,"key":"Oddly Smooth Stone"},{"floor":11,"key":"Bag of Marbles"},{"floor":14,"key":"Torii"},{"floor":20,"key":"Red Mask"},{"floor":24,"key":"Whetstone"},{"floor":26,"key":"Ninja Scroll"},{"floor":41,"key":"Singing Bowl"},{"floor":43,"key":"Question Card"},{"floor":44,"key":"Snake Skull"},{"floor":46,"key":"Lantern"}],"event_choices":[{"event_name":"Masked Bandits","player_choice":"Fought over 116 gold","floor":20,"damage_taken":0},{"event_name":"Forgotten Altar","player_choice":"Shed Blood","floor":21,"damage_taken":0},{"event_name":"Ghosts","player_choice":"Ignored","floor":25,"damage_taken":0},{"event_name":"Nest","player_choice":"Stole From Cult","floor":28,"damage_taken":0},{"event_name":"Tomb of Lord Red Mask","player_choice":"Wore Mask","floor":36,"damage_taken":0},{"event_name":"Transmorgrifier","player_choice":"Transform","floor":38,"damage_taken":0}],"is_beta":false,"boss_relics":[{"not_picked":["Velvet Choker","Runic Pyramid"],"picked":"Runic Dome"},{"not_picked":["Fusion Hammer","Busted Crown"],"picked":"Snecko Eye"}],"items_purged_floors":[19,37,39],"is_endless":false,"potions_floor_spawned":[2,5,8,14,18,22,30,41,44,45],"ascension_level":8}