{"gold_per_floor":[116,116,129,148,159,159,159,175,175,175,194,194,65,84,84,215,215,239,253,268,74,95,138,138],"floor_reached":24,"playtime":1256,"items_purged":["Normality"],"score":233,"play_id":"cfcfecd8-29f0-4995-9097-455b01696793","local_time":"20190409190709","is_ascension_mode":true,"campfire_choices":[{"data":"Neutralize","floor":6.0,"key":"SMITH"},{"data":"Dagger Spray","floor":10.0,"key":"SMITH"},{"data":"Footwork","floor":12.0,"key":"SMITH"},{"data":"Dodge and Roll","floor":15.0,"key":"SMITH"}],"neow_cost":"NONE","seed_source_timestamp":0,"circlet_count":0,"master_deck":["Defend_G","Defend_G","Defend_G","Defend_G","Defend_G","Strike_G","Strike_G","Strike_G","Strike_G","Strike_G+1","Survivor","Neutralize+1","Dodge and Roll+1","PiercingWail","Dagger Spray+1","Footwork+1","Dagger Spray","Caltrops","Cloak And Dagger","Deflect","Adrenaline","Backflip","Deadly Poison","Catalyst","Dash"],"special_seed":0,"relics":["Cursed Key","Golden Idol","Question Card","Black Star","Sling","Matryoshka","Vajra"],"potions_floor_usage":[],"damage_taken":[{"damage":0.0,"enemies":"Jaw Worm","floor":1.0,"turns":4.0},{"damage":0.0,"enemies":"Cultist","floor":3.0,"turns":4.0},{"damage":0.0,"enemies":"Small Slimes","floor":4.0,"turns":6.0},{"damage":3.0,"enemies":"Looter","floor":5.0,"turns":4.0},{"damage":0.0,"enemies":"Blue Slaver","floor":8.0,"turns":4.0},{"damage":1.0,"enemies":"2 Fungi Beasts","floor":11.0,"turns":2.0},{"damage":0.0,"enemies":"Gremlin Gang","floor":14.0,"turns":4.0},{"damage":17.0,"enemies":"The Guardian","floor":16.0,"turns":12.0},{"damage":0.0,"enemies":"Chosen","floor":18.0,"turns":6.0},{"damage":8.0,"enemies":"2 Thieves","floor":19.0,"turns":3.0},{"damage":31.0,"enemies":"Snecko","floor":20.0,"turns":8.0},{"damage":4.0,"enemies":"3 Cultists","floor":22.0,"turns":5.0},{"damage":20.0,"enemies":"Book of Stabbing","floor":23.0,"turns":6.0},{"damage":3,"enemies":"Sentry and Sphere","floor":24,"turns":3}],"seed_played":"-7791035391434971861","potions_obtained":[{"floor":3.0,"key":"Block Potion"},{"floor":8.0,"key":"Fire Potion"},{"floor":16.0,"key":"Fire Potion"},{"floor":18.0,"key":"GamblersBrew"},{"floor":19.0,"key":"Poison Potion"}],"is_trial":false,"path_per_floor":["M","?","M","M","M","R","?","M","T","R","M","R","$","M","R","B",null,"M","M","M","$","M","E","M"],"character_chosen":"THE_SILENT","items_purchased":["Cloak And Dagger","Sling"],"campfire_rested":0,"item_purchase_floors":[13,21],"current_hp_per_floor":[70,70,70,70,67,67,65,65,65,65,64,64,64,64,64,47,65,65,57,26,26,22,2,0],"gold":138,"neow_bonus":"BOSS_RELIC","is_prod":false,"is_daily":false,"chose_seed":false,"campfire_upgraded":4,"win_rate":0,"timestamp":1554854829,"path_taken":["M","?","M","?","M","R","?","M","T","R","M","R","$","M","R","BOSS","M","M","M","$","M","E","M"],"build_version":"2019-01-23","purchased_purges":1,"victory":false,"max_hp_per_floor":[70,70,70,70,70,70,65,65,65,65,65,65,65,65,65,65,65,65,65,65,65,65,65,65],"card_choices":[{"not_picked":["Dagger Spray","Poisoned Stab"],"picked":"Dodge and Roll","floor":1.0},{"not_picked":["Quick Slash","Outmaneuver"],"picked":"PiercingWail","floor":3.0},{"not_picked":["Deflect","Outmaneuver"],"picked":"Dagger Spray","floor":4.0},{"not_picked":["Calculated Gamble","Acrobatics"],"picked":"Footwork","floor":5.0},{"not_picked":["Prepared","Calculated Gamble"],"picked":"Dagger Spray","floor":8.0},{"not_picked":["Catalyst","Endless Agony","Blur"],"picked":"Caltrops","floor":11.0},{"not_picked":["Catalyst","Acrobatics","Blade Dance"],"picked":"Deflect","floor":14.0},{"not_picked":["Venomology","Glass Knife","Envenom"],"picked":"Adrenaline","floor":16.0},{"not_picked":["Underhanded Strike","Prepared","Acrobatics"],"picked":"Backflip","floor":18.0},{"not_picked":["Caltrops","Expertise","Underhanded Strike"],"picked":"Deadly Poison","floor":19.0},{"not_picked":["Footwork","Acrobatics","Poisoned Stab"],"picked":"Catalyst","floor":20.0},{"not_picked":["Masterful Stab","Backflip","Heel Hook","Finisher"],"picked":"SKIP","floor":22.0},{"not_picked":["Dagger Throw+1","Endless Agony","Choke"],"picked":"Dash","floor":23}],"player_experience":219269,"relics_obtained":[{"floor":9.0,"key":"Question Card"},{"floor":23,"key":"Matryoshka"},{"floor":23,"key":"Vajra"}],"event_choices":[{"damage_healed":0.0,"max_hp_gain":0.0,"max_hp_loss":0.0,"gold_gain":0.0,"event_name":"Accursed Blacksmith","player_choice":"Forge","floor":2.0,"gold_loss":0.0,"damage_taken":0.0,"cards_upgraded":["Strike_G"]},{"damage_healed":0.0,"max_hp_gain":0.0,"max_hp_loss":5.0,"gold_gain":0.0,"event_name":"Golden Idol","player_choice":"Lose Max HP","floor":7.0,"gold_loss":0.0,"damage_taken":0.0,"relics_obtained":["Golden Idol"]}],"is_beta":false,"boss_relics":[{"not_picked":["Orrery","Philosopher\u0027s Stone"],"picked":"Black Star"}],"items_purged_floors":[13],"is_endless":false,"potions_floor_spawned":[3,8,16,18,19],"killed_by":"Sentry and Sphere","ascension_level":2}