{"gold_per_floor":[216,231,107,122,122,122,152,152,152,178,178,128,128,142,142,237,237,253,265,285,162,162,187,187,118,143,154,154,181,206,223,223,322,322,332,686,263,263,281,281,300,300,350,57,57,87,107,139,139,139],"floor_reached":51,"playtime":2872,"items_purged":["Strike_R","Strike_R","Strike_R"],"score":937,"play_id":"9e5b5b5a-301c-4ae9-8fc7-58fcdc7fd636","local_time":"20190408184951","is_ascension_mode":true,"campfire_choices":[{"data":"Bash","floor":6,"key":"SMITH"},{"data":"Carnage","floor":8,"key":"SMITH"},{"data":"Disarm","floor":11,"key":"SMITH"},{"data":"Uppercut","floor":15,"key":"SMITH"},{"data":"Armaments","floor":24,"key":"SMITH"},{"data":"Immolate","floor":28,"key":"SMITH"},{"floor":32,"key":"REST"},{"data":"Heavy Blade","floor":40,"key":"SMITH"},{"floor":42,"key":"REST"},{"floor":45,"key":"REST"},{"data":"Limit Break","floor":49,"key":"SMITH"}],"neow_cost":"NONE","seed_source_timestamp":1713383366705076,"circlet_count":0,"master_deck":["Strike_R","Defend_R+1","Defend_R+1","Defend_R","Bash+1","Twin Strike","Uppercut+1","Carnage+1","Disarm+1","Shrug It Off","Immolate+1","True Grit+1","Armaments+1","Spot Weakness","Shrug It Off","Headbutt","Limit Break+1","Heavy Blade+1","Feel No Pain","Headbutt+1","Reaper","Havoc+1"],"relics":["Burning Blood","WingedGreaves","FossilizedHelix","PreservedInsect","Busted Crown","Mercury Hourglass","Oddly Smooth Stone","Potion Belt","Dream Catcher","Snecko Eye","Old Coin","Pantograph","Bag of Preparation","Anchor","Molten Egg 2","Blood Vial"],"potions_floor_usage":[10,10,29,33,33,33,41,50,50,50,50],"damage_taken":[{"damage":1,"enemies":"Cultist","floor":1,"turns":4},{"damage":1,"enemies":"2 Louse","floor":2,"turns":3},{"damage":4,"enemies":"Jaw Worm","floor":4,"turns":3},{"damage":29,"enemies":"3 Sentries","floor":7,"turns":8},{"damage":0,"enemies":"Gremlin Nob","floor":10,"turns":3},{"damage":3,"enemies":"Exordium Thugs","floor":14,"turns":4},{"damage":21,"enemies":"Slime Boss","floor":16,"turns":11},{"damage":10,"enemies":"Shell Parasite","floor":18,"turns":6},{"damage":11,"enemies":"2 Thieves","floor":19,"turns":2},{"damage":11,"enemies":"Snake Plant","floor":20,"turns":3},{"damage":7,"enemies":"Book of Stabbing","floor":23,"turns":4},{"damage":0,"enemies":"Centurion and Healer","floor":27,"turns":4},{"damage":10,"enemies":"Slavers","floor":29,"turns":3},{"damage":17,"enemies":"Gremlin Leader","floor":30,"turns":3},{"damage":0,"enemies":"Snecko","floor":31,"turns":3},{"damage":37,"enemies":"Automaton","floor":33,"turns":8},{"damage":0,"enemies":"3 Shapes","floor":35,"turns":2},{"damage":48,"enemies":"2 Orb Walkers","floor":36,"turns":4},{"damage":0,"enemies":"3 Darklings","floor":39,"turns":4},{"damage":36,"enemies":"Transient","floor":41,"turns":5},{"damage":36,"enemies":"Reptomancer","floor":46,"turns":5},{"damage":0,"enemies":"Writhing Mass","floor":47,"turns":4},{"damage":19,"enemies":"Giant Head","floor":48,"turns":6},{"damage":28,"enemies":"Donu and Deca","floor":50,"turns":6}],"seed_played":"-1186534427971003824","potions_obtained":[{"floor":4,"key":"BloodPotion"},{"floor":7,"key":"AttackPotion"},{"floor":18,"key":"Energy Potion"},{"floor":27,"key":"Energy Potion"},{"floor":29,"key":"LiquidBronze"},{"floor":30,"key":"FearPotion"},{"floor":31,"key":"LiquidBronze"},{"floor":36,"key":"Ancient Potion"},{"floor":39,"key":"SpeedPotion"},{"floor":41,"key":"SpeedPotion"},{"floor":48,"key":"EssenceOfSteel"}],"is_trial":false,"path_per_floor":["M","M","$","M","?","R","E","R","T","E","R","?","?","M","R","B",null,"M","M","M","$","?","E","R","$","T","M","R","E","E","M","R","B",null,"M","?","$","?","M","R","M","R","T","$","R","E","M","E","R","B",null],"character_chosen":"IRONCLAD","items_purchased":["Poison Potion","Armaments","Spot Weakness","Pantograph","Feel No Pain","Anchor","Reaper"],"campfire_rested":3,"item_purchase_floors":[3,21,25,37,37,44,44],"current_hp_per_floor":[80,80,80,80,64,64,41,41,41,55,55,55,55,58,58,43,80,76,71,66,66,66,65,65,65,65,71,71,67,56,62,80,49,80,80,38,38,43,49,49,19,43,43,43,67,47,58,59,59,58],"gold":139,"neow_bonus":"HUNDRED_GOLD","is_prod":false,"is_daily":false,"chose_seed":false,"campfire_upgraded":8,"win_rate":0,"timestamp":1554767391,"path_taken":["M","M","$","M","?","R","E","R","T","E","R","?","?","M","R","BOSS","M","M","M","$","?","E","R","$","T","M","R","E","E","M","R","BOSS","M","?","$","?","M","R","?","R","T","?","R","E","M","E","R","BOSS"],"build_version":"2019-01-23","purchased_purges":3,"victory":true,"max_hp_per_floor":[80,80,80,80,80,80,80,80,80,80,80,80,80,80,80,80,80,80,80,80,80,80,80,80,80,80,80,80,80,80,80,80,80,80,80,80,80,80,80,80,80,80,80,80,80,80,80,80,80,80],"card_choices":[{"not_picked":["Sword Boomerang","Havoc"],"picked":"Twin Strike","floor":1},{"not_picked":["Bloodletting","Anger"],"picked":"Uppercut","floor":2},{"not_picked":["Iron Wave","Rampage"],"picked":"Carnage","floor":4},{"not_picked":["Second Wind","Wild Strike"],"picked":"Disarm","floor":7},{"not_picked":["Pommel Strike","Brutality"],"picked":"Shrug It Off","floor":10},{"not_picked":["Ghostly Armor","Sword Boomerang"],"picked":"Anger","floor":14},{"not_picked":["Barricade","Reaper"],"picked":"Immolate","floor":16},{"not_picked":[],"picked":"True Grit+1","floor":18},{"not_picked":["Anger"],"picked":"SKIP","floor":19},{"not_picked":["Clash"],"picked":"SKIP","floor":20},{"not_picked":["Wild Strike+1"],"picked":"SKIP","floor":23},{"not_picked":["Flex"],"picked":"SKIP","floor":27},{"not_picked":["Infernal Blade"],"picked":"SKIP","floor":29},{"not_picked":["Infernal Blade"],"picked":"SKIP","floor":29},{"not_picked":["Infernal Blade"],"picked":"SKIP","floor":29},{"not_picked":[],"picked":"Shrug It Off","floor":30},{"not_picked":[],"picked":"Headbutt","floor":31},{"not_picked":[],"picked":"Limit Break","floor":33},{"not_picked":["Clash"],"picked":"SKIP","floor":35},{"not_picked":[],"picked":"Heavy Blade","floor":36},{"not_picked":["Armaments"],"picked":"SKIP","floor":39},{"not_picked":[],"picked":"Headbutt+1","floor":41},{"not_picked":[],"picked":"Havoc+1","floor":46},{"not_picked":["Intimidate"],"picked":"SKIP","floor":47},{"not_picked":["Dual Wield+1"],"picked":"SKIP","floor":48}],"player_experience":213430,"relics_obtained":[{"floor":7,"key":"WingedGreaves"},{"floor":9,"key":"FossilizedHelix"},{"floor":10,"key":"PreservedInsect"},{"floor":23,"key":"Mercury Hourglass"},{"floor":26,"key":"Oddly Smooth Stone"},{"floor":29,"key":"Potion Belt"},{"floor":30,"key":"Dream Catcher"},{"floor":36,"key":"Old Coin"},{"floor":43,"key":"Bag of Preparation"},{"floor":46,"key":"Molten Egg 2"},{"floor":48,"key":"Blood Vial"}],"event_choices":[{"damage_healed":0,"gold_gain":0,"player_choice":"Entered Light","damage_taken":16,"max_hp_gain":0,"max_hp_loss":0,"event_name":"Shining Light","floor":5,"gold_loss":0,"cards_upgraded":["Defend_R","Defend_R"]},{"cards_removed":["Strike_R"],"damage_healed":0,"gold_gain":0,"player_choice":"Card Removal","damage_taken":0,"max_hp_gain":0,"max_hp_loss":0,"event_name":"The Cleric","floor":12,"gold_loss":50},{"cards_removed":["Defend_R"],"damage_healed":0,"gold_gain":0,"player_choice":"Purged","damage_taken":0,"max_hp_gain":0,"max_hp_loss":0,"event_name":"Purifier","floor":13,"gold_loss":0},{"damage_healed":0,"gold_gain":0,"player_choice":"Ignored","damage_taken":0,"max_hp_gain":0,"max_hp_loss":0,"event_name":"Ghosts","floor":22,"gold_loss":0},{"damage_healed":0,"gold_gain":0,"player_choice":"Fight","damage_taken":0,"max_hp_gain":0,"max_hp_loss":0,"event_name":"Mysterious Sphere","floor":36,"gold_loss":0},{"cards_removed":["Anger"],"damage_healed":5,"gold_gain":0,"player_choice":"Offered Common","damage_taken":0,"max_hp_gain":0,"max_hp_loss":0,"event_name":"Bonfire Elementals","floor":38,"gold_loss":0},{"cards_removed":["Anger"],"damage_healed":5,"gold_gain":0,"player_choice":"Offered Special","damage_taken":0,"max_hp_gain":0,"max_hp_loss":0,"event_name":"Bonfire Elementals","floor":38,"gold_loss":0}],"is_beta":false,"boss_relics":[{"not_picked":["Runic Cube","Runic Pyramid"],"picked":"Busted Crown"},{"not_picked":["Mark of Pain","Sozu"],"picked":"Snecko Eye"}],"items_purged_floors":[3,21,37],"is_endless":false,"potions_floor_spawned":[4,7,18,27,29,30,31,36,39,41,48],"ascension_level":3}