{"gold_per_floor":[110,129,129,91,102,102,115,115,115,115,115,134,148,75,75,179,179,191,191,191,205,205,205],"floor_reached":23,"playtime":959,"items_purged":[],"score":181,"play_id":"3b6c5216-7f8e-496b-aabc-456c2d937eec","local_time":"20190312002005","is_ascension_mode":false,"campfire_choices":[{"floor":6,"key":"REST"},{"floor":8,"key":"REST"},{"floor":15,"key":"REST"}],"neow_cost":"NONE","seed_source_timestamp":171288226008077,"circlet_count":0,"master_deck":["Defend_G","Defend_G","Defend_G","Defend_G","Strike_G","Strike_G","Strike_G","Strike_G","Survivor","Neutralize","Footwork","Acrobatics","Noxious Fumes","PiercingWail","A Thousand Cuts","Poisoned Stab","Prepared","Footwork","Corpse Explosion","Quick Slash","Backstab","Bullet Time","Noxious Fumes"],"relics":["Fusion Hammer"],"potions_floor_usage":[16,16],"damage_taken":[{"damage":2,"enemies":"Small Slimes","floor":1,"turns":4},{"damage":4,"enemies":"Cultist","floor":2,"turns":5},{"damage":0,"enemies":"2 Louse","floor":5,"turns":3},{"damage":4,"enemies":"Blue Slaver","floor":7,"turns":5},{"damage":3,"enemies":"Large Slime","floor":12,"turns":7},{"damage":0,"enemies":"Looter","floor":13,"turns":4},{"damage":26,"enemies":"Slime Boss","floor":16,"turns":8},{"damage":10,"enemies":"3 Byrds","floor":18,"turns":3},{"damage":23,"enemies":"2 Thieves","floor":21,"turns":3},{"damage":38,"enemies":"Chosen and Byrds","floor":23,"turns":6}],"seed_played":"-5214809576329315339","potions_obtained":[{"floor":1,"key":"PowerPotion"},{"floor":7,"key":"SteroidPotion"},{"floor":18,"key":"Dexterity Potion"}],"is_trial":false,"path_per_floor":["M","M","?","$","M","R","M","R","T","?","$","M","M","$","R","B",null,"M","?","?","M","?","M"],"character_chosen":"THE_SILENT","items_purchased":["Noxious Fumes","Footwork"],"campfire_rested":3,"item_purchase_floors":[4,14],"current_hp_per_floor":[68,64,64,64,64,70,66,70,70,70,70,67,67,67,70,44,70,60,60,60,37,37,0],"gold":205,"neow_bonus":"BOSS_RELIC","is_prod":false,"is_daily":false,"chose_seed":false,"campfire_upgraded":0,"win_rate":0,"timestamp":1552364405,"path_taken":["M","M","?","$","?","R","M","R","T","?","$","M","M","$","R","BOSS","M","?","?","M","?","M"],"build_version":"2019-01-23","purchased_purges":0,"victory":false,"max_hp_per_floor":[70,70,70,70,70,70,70,70,70,70,70,70,70,70,70,70,70,70,70,70,70,70,70],"card_choices":[{"not_picked":["All Out Attack","Blade Dance"],"picked":"Footwork","floor":1},{"not_picked":["Sucker Punch","Dash"],"picked":"Acrobatics","floor":2},{"not_picked":["Cloak And Dagger","Outmaneuver"],"picked":"PiercingWail","floor":5},{"not_picked":["Deflect","Choke"],"picked":"A Thousand Cuts","floor":7},{"not_picked":["Underhanded Strike","Dagger Spray"],"picked":"Poisoned Stab","floor":12},{"not_picked":["Blade Dance","Endless Agony"],"picked":"Prepared","floor":13},{"not_picked":["Burst","Phantasmal Killer"],"picked":"Corpse Explosion","floor":16},{"not_picked":["Outmaneuver","Prepared"],"picked":"Quick Slash","floor":18},{"not_picked":["All Out Attack","Outmaneuver+1"],"picked":"Backstab","floor":21}],"player_experience":862423,"relics_obtained":[],"event_choices":[{"damage_healed":0,"gold_gain":0,"player_choice":"Ignored","damage_taken":0,"max_hp_gain":0,"max_hp_loss":0,"event_name":"WeMeetAgain","floor":3,"gold_loss":0},{"damage_healed":0,"gold_gain":0,"player_choice":"Fled","damage_taken":0,"max_hp_gain":0,"max_hp_loss":0,"event_name":"Scrap Ooze","floor":10,"gold_loss":0},{"damage_healed":0,"gold_gain":0,"player_choice":"Ignored","damage_taken":0,"max_hp_gain":0,"max_hp_loss":0,"event_name":"Ghosts","floor":20,"gold_loss":0},{"damage_healed":0,"gold_gain":0,"cards_transformed":["Defend_G","Strike_G"],"player_choice":"Became Test Subject","damage_taken":0,"max_hp_gain":0,"max_hp_loss":0,"event_name":"Drug Dealer","floor":22,"gold_loss":0,"cards_obtained":["Bullet Time","Noxious Fumes"]}],"is_beta":false,"boss_relics":[{"not_picked":["HoveringKite","Tiny House","Empty Cage"]}],"items_purged_floors":[],"is_endless":false,"potions_floor_spawned":[1,7,18],"killed_by":"Chosen and Byrds","ascension_level":0}