{"gold_per_floor":[117,67,85,99,115,115,145,145,145,177,177,252,268,299,299,299],"floor_reached":16,"playtime":911,"items_purged":[],"score":126,"play_id":"2d87c358-f814-400b-a1cd-f86863d10a73","local_time":"20181123151210","is_ascension_mode":true,"campfire_choices":[{"data":"Bash","floor":6,"key":"SMITH"},{"floor":8,"key":"RECALL"},{"data":"Double Tap","floor":11,"key":"SMITH"},{"floor":15,"key":"REST"}],"neow_cost":"NONE","seed_source_timestamp":9780463619680,"circlet_count":0,"master_deck":["Strike_R","Strike_R","Strike_R","Strike_R","Defend_R","Defend_R","Defend_R","Defend_R","Bash+1","Double Tap+1","Infernal Blade","Anger","Sword Boomerang","Shrug It Off","True Grit","Flex","Iron Wave","Thunderclap","Combust"],"relics":["Burning Blood","Bottled Flame","Question Card","Dream Catcher"],"potions_floor_usage":[7,14,14,16,16],"damage_taken":[{"damage":1,"enemies":"Cultist","floor":1,"turns":4},{"damage":1,"enemies":"2 Louse","floor":3,"turns":2},{"damage":6,"enemies":"Small Slimes","floor":4,"turns":3},{"damage":13,"enemies":"3 Louse","floor":5,"turns":3},{"damage":31,"enemies":"Lagavulin","floor":7,"turns":6},{"damage":8,"enemies":"Gremlin Nob","floor":10,"turns":3},{"damage":8,"enemies":"Red Slaver","floor":13,"turns":2},{"damage":23,"enemies":"Lagavulin","floor":14,"turns":6},{"damage":67,"enemies":"The Guardian","floor":16,"turns":16}],"seed_played":"4025731503455852568","potions_obtained":[{"floor":1,"key":"Strength Potion"},{"floor":4,"key":"BloodPotion"},{"floor":10,"key":"SpeedPotion"},{"floor":13,"key":"GamblersBrew"},{"floor":14,"key":"Regen Potion"}],"is_trial":false,"path_per_floor":["M","?","M","M","M","R","E","R","T","E","R","?","M","E","R","B"],"character_chosen":"IRONCLAD","items_purchased":[],"campfire_rested":1,"item_purchase_floors":[],"current_hp_per_floor":[80,80,80,80,73,73,56,56,56,54,54,43,41,24,48,0],"gold":299,"neow_bonus":"ONE_RANDOM_RARE_CARD","is_prod":false,"is_daily":false,"chose_seed":false,"campfire_upgraded":2,"win_rate":0,"timestamp":1543003930,"path_taken":["M","?","M","M","M","R","E","R","T","E","R","?","M","E","R","BOSS"],"build_version":"2018-11-15","purchased_purges":0,"victory":false,"max_hp_per_floor":[80,80,80,80,80,80,80,80,80,80,80,80,80,80,80,80],"card_choices":[{"not_picked":["Blood for Blood","Dual Wield"],"picked":"Infernal Blade","floor":1},{"not_picked":["Carnage","Body Slam"],"picked":"Anger","floor":3},{"not_picked":["Bloodletting","Sever Soul"],"picked":"Sword Boomerang","floor":4},{"not_picked":["Thunderclap","True Grit"],"picked":"Shrug It Off","floor":5},{"not_picked":["Armaments","Hemokinesis"],"picked":"True Grit","floor":7},{"not_picked":["Pommel Strike","Rampage"],"picked":"Flex","floor":10},{"not_picked":["Dual Wield","Reckless Charge","Combust"],"picked":"Iron Wave","floor":13},{"not_picked":["Armaments","Demon Form","Rampage"],"picked":"Thunderclap","floor":14},{"not_picked":["Perfected Strike","Battle Trance","Anger"],"picked":"Combust","floor":15}],"player_experience":440904,"relics_obtained":[{"floor":7,"key":"Bottled Flame"},{"floor":10,"key":"Question Card"},{"floor":14,"key":"Dream Catcher"}],"event_choices":[{"cards_removed":["Strike_R"],"damage_healed":0,"gold_gain":0,"player_choice":"Card Removal","damage_taken":0,"max_hp_gain":0,"max_hp_loss":0,"event_name":"The Cleric","floor":2,"gold_loss":50},{"damage_healed":0,"gold_gain":75,"player_choice":"Gather Gold","damage_taken":11,"max_hp_gain":0,"max_hp_loss":0,"event_name":"World of Goop","floor":12,"gold_loss":0}],"is_beta":false,"boss_relics":[],"items_purged_floors":[],"is_endless":false,"potions_floor_spawned":[1,4,10,13,14],"killed_by":"The Guardian","ascension_level":1}