{"gold_per_floor":[110,110,130,230,247,262,262,33,33,33,33,49,113,131,131,252,252,276,300,300,300,300,339,339,364,364,364,364,383,383,407,407,537,537,558,571,596,620,620,620,634,634,704,739,204,260,90,103,103,103],"floor_reached":51,"playtime":20983,"items_purged":["Defend_G","Injury"],"score":671,"play_id":"f95e7cde-0efb-4e1f-9273-3f12c002950f","local_time":"20181229213533","is_ascension_mode":true,"campfire_choices":[{"data":"A Thousand Cuts","floor":7,"key":"SMITH"},{"floor":15,"key":"REST"},{"data":"Adrenaline","floor":24,"key":"SMITH"},{"data":"Backflip","floor":28,"key":"SMITH"},{"data":"Outmaneuver","floor":30,"key":"SMITH"},{"floor":32,"key":"REST"},{"data":"A Thousand Cuts","floor":40,"key":"SMITH"},{"data":"Malaise","floor":42,"key":"SMITH"},{"floor":49,"key":"REST"}],"neow_cost":"NONE","seed_source_timestamp":747314520703391,"circlet_count":0,"master_deck":["Defend_G+1","Defend_G+1","Defend_G+1","Strike_G+1","Strike_G+1","Strike_G+1","Strike_G+1","Strike_G+1","Survivor+1","Neutralize+1","Underhanded Strike","Backflip+1","Outmaneuver+1","A Thousand Cuts+1","Adrenaline+1","Blade Dance+1","Quick Slash+1","Die Die Die","Footwork+1","Acrobatics","Predator+1","Malaise+1","Infinite Blades+1","A Thousand Cuts+1","Flying Knee","Burst","Footwork","Prepared+1","Master of Strategy","Backflip+1"],"relics":["Ring of the Serpent","Blue Candle","Juzu Bracelet","Bottled Lightning","Golden Idol","MutagenicStrength","Kunai","Bag of Preparation","Cursed Key","Mercury Hourglass","PreservedInsect","Anchor","HandDrill","Girya"],"potions_floor_usage":[16,23,46,46,50,50],"damage_taken":[{"damage":0,"enemies":"Small Slimes","floor":1,"turns":3},{"damage":0,"enemies":"Cultist","floor":3,"turns":3},{"damage":0,"enemies":"Jaw Worm","floor":5,"turns":3},{"damage":5,"enemies":"3 Louse","floor":6,"turns":6},{"damage":0,"enemies":"Looter","floor":12,"turns":3},{"damage":5,"enemies":"Lots of Slimes","floor":14,"turns":9},{"damage":51,"enemies":"Slime Boss","floor":16,"turns":8},{"damage":10,"enemies":"3 Byrds","floor":18,"turns":4},{"damage":4,"enemies":"Chosen","floor":19,"turns":6},{"damage":10,"enemies":"Book of Stabbing","floor":23,"turns":6},{"damage":1,"enemies":"Snecko","floor":25,"turns":4},{"damage":2,"enemies":"Centurion and Healer","floor":29,"turns":6},{"damage":0,"enemies":"Cultist and Chosen","floor":31,"turns":6},{"damage":19,"enemies":"Collector","floor":33,"turns":9},{"damage":1,"enemies":"Orb Walker","floor":35,"turns":3},{"damage":2,"enemies":"3 Shapes","floor":36,"turns":3},{"damage":0,"enemies":"Sphere and 2 Shapes","floor":37,"turns":5},{"damage":3,"enemies":"Jaw Worm Horde","floor":38,"turns":3},{"damage":0,"enemies":"Maw","floor":41,"turns":6},{"damage":32,"enemies":"Reptomancer","floor":44,"turns":4},{"damage":33,"enemies":"2 Orb Walkers","floor":46,"turns":4},{"damage":0,"enemies":"3 Darklings","floor":48,"turns":3},{"damage":14,"enemies":"Awakened One","floor":50,"turns":12}],"seed_played":"8599635155342274377","potions_obtained":[{"floor":1,"key":"Fire Potion"},{"floor":14,"key":"Dexterity Potion"},{"floor":18,"key":"Dexterity Potion"},{"floor":29,"key":"Energy Potion"},{"floor":35,"key":"Regen Potion"},{"floor":46,"key":"Swift Potion"},{"floor":48,"key":"SpeedPotion"}],"is_trial":false,"path_per_floor":["M","?","M","?","M","M","R","$","T","?","?","M","?","M","R","B",null,"M","M","?","?","?","E","R","M","T","?","R","M","R","M","R","B",null,"M","M","M","M","?","R","M","R","T","E","$","?","$","M","R","B",null],"character_chosen":"THE_SILENT","items_purchased":["Juzu Bracelet","Anchor","HandDrill","Footwork","Master of Strategy"],"campfire_rested":3,"item_purchase_floors":[8,45,45,45,47],"current_hp_per_floor":[70,67,67,67,67,62,62,62,62,62,45,45,45,40,61,10,70,60,56,56,56,56,46,46,45,45,45,45,43,43,43,64,45,70,69,67,67,64,64,64,64,64,64,32,32,8,8,8,27,13],"gold":103,"neow_bonus":"UPGRADE_CARD","is_prod":false,"is_daily":false,"chose_seed":false,"campfire_upgraded":6,"win_rate":0,"timestamp":1546148133,"path_taken":["M","?","M","?","?","M","R","$","T","?","?","M","?","M","R","BOSS","M","M","?","?","?","E","R","M","T","?","R","M","R","M","R","BOSS","M","M","M","M","?","R","M","R","T","E","$","?","$","M","R","BOSS"],"build_version":"2018-12-20","purchased_purges":2,"victory":true,"max_hp_per_floor":[70,70,70,70,70,70,70,70,70,70,70,70,70,70,70,70,70,70,70,70,70,70,70,70,70,70,70,70,70,70,70,70,70,70,70,70,70,70,66,66,66,66,66,66,66,66,66,66,66,66],"card_choices":[{"not_picked":["Flechettes","Eviscerate"],"picked":"Underhanded Strike","floor":1},{"not_picked":["Deflect","Bane"],"picked":"Backflip","floor":3},{"not_picked":["Underhanded Strike","Endless Agony"],"picked":"Outmaneuver","floor":5},{"not_picked":["Heel Hook","Deflect"],"picked":"A Thousand Cuts","floor":6},{"not_picked":["Crippling Poison","Flying Knee","Cloak And Dagger"],"picked":"SKIP","floor":12},{"not_picked":["Cloak And Dagger","Dagger Spray","Eviscerate"],"picked":"SKIP","floor":14},{"not_picked":["Tools of the Trade","Glass Knife"],"picked":"Adrenaline","floor":16},{"not_picked":["Sucker Punch","Slice"],"picked":"Blade Dance+1","floor":18},{"not_picked":["Blade Dance+1","Sucker Punch+1"],"picked":"Quick Slash+1","floor":19},{"not_picked":["Calculated Gamble","Distraction"],"picked":"Footwork+1","floor":23},{"not_picked":["Dash","Dodge and Roll","Slice"],"picked":"SKIP","floor":25},{"not_picked":["Deadly Poison","Dagger Throw"],"picked":"Acrobatics","floor":29},{"not_picked":["Deadly Poison+1","Cloak And Dagger+1"],"picked":"Predator+1","floor":31},{"not_picked":["Unload","After Image"],"picked":"Malaise","floor":33},{"not_picked":["Quick Slash+1","Cloak And Dagger+1"],"picked":"Infinite Blades+1","floor":35},{"not_picked":["Skewer+1","Blade Dance","Leg Sweep+1"],"picked":"SKIP","floor":36},{"not_picked":["Poisoned Stab","Predator+1"],"picked":"A Thousand Cuts","floor":37},{"not_picked":["Slice+1","Dagger Spray+1","Expertise"],"picked":"SKIP","floor":38},{"not_picked":["Deflect+1","Backflip+1"],"picked":"Flying Knee","floor":41},{"not_picked":["Blade Dance+1","Backflip+1"],"picked":"Burst","floor":44},{"not_picked":["Masterful Stab","Footwork"],"picked":"Prepared+1","floor":46},{"not_picked":["Acrobatics+1","Underhanded Strike"],"picked":"Backflip+1","floor":48}],"player_experience":463506,"relics_obtained":[{"floor":9,"key":"Bottled Lightning"},{"floor":23,"key":"Kunai"},{"floor":26,"key":"Bag of Preparation"},{"floor":43,"key":"Mercury Hourglass"},{"floor":44,"key":"PreservedInsect"},{"floor":46,"key":"Girya"}],"event_choices":[{"damage_healed":0,"gold_gain":0,"player_choice":"Success","damage_taken":3,"relics_obtained":["Blue Candle"],"max_hp_gain":0,"max_hp_loss":0,"event_name":"Scrap Ooze","floor":2,"gold_loss":0},{"damage_healed":0,"gold_gain":100,"player_choice":"Gold","damage_taken":0,"max_hp_gain":0,"max_hp_loss":0,"event_name":"Wheel of Change","floor":4,"gold_loss":0},{"damage_healed":0,"gold_gain":0,"player_choice":"Grow","damage_taken":0,"max_hp_gain":0,"max_hp_loss":0,"event_name":"Living Wall","floor":10,"gold_loss":0,"cards_upgraded":["Survivor"]},{"damage_healed":0,"gold_gain":0,"player_choice":"Take Damage","damage_taken":17,"relics_obtained":["Golden Idol"],"max_hp_gain":0,"max_hp_loss":0,"event_name":"Golden Idol","floor":11,"gold_loss":0},{"damage_healed":0,"gold_gain":64,"player_choice":"Gained Gold","damage_taken":0,"max_hp_gain":0,"max_hp_loss":0,"event_name":"Golden Wing","floor":13,"gold_loss":0},{"damage_healed":0,"gold_gain":0,"player_choice":"Inject Mutagens","damage_taken":0,"relics_obtained":["MutagenicStrength"],"max_hp_gain":0,"max_hp_loss":0,"event_name":"Drug Dealer","floor":20,"gold_loss":0},{"damage_healed":0,"gold_gain":0,"cards_transformed":["Defend_G"],"player_choice":"Transformed","damage_taken":0,"max_hp_gain":0,"max_hp_loss":0,"event_name":"Transmorgrifier","floor":21,"gold_loss":0,"cards_obtained":["Die Die Die"]},{"damage_healed":0,"gold_gain":0,"player_choice":"Simplicity","damage_taken":0,"max_hp_gain":0,"max_hp_loss":0,"event_name":"Back to Basics","floor":22,"gold_loss":0,"cards_upgraded":["Defend_G","Defend_G","Defend_G","Strike_G","Strike_G","Strike_G","Strike_G","Strike_G"]},{"damage_healed":0,"gold_gain":0,"player_choice":"Ignored","damage_taken":0,"max_hp_gain":0,"max_hp_loss":0,"event_name":"Vampires","floor":27,"gold_loss":0},{"damage_healed":0,"gold_gain":0,"player_choice":"Max HP","damage_taken":0,"max_hp_gain":0,"max_hp_loss":4,"event_name":"Winding Halls","floor":39,"gold_loss":0},{"damage_healed":0,"gold_gain":0,"player_choice":"Fight","damage_taken":0,"max_hp_gain":0,"max_hp_loss":0,"event_name":"Mysterious Sphere","floor":46,"gold_loss":0}],"is_beta":false,"boss_relics":[{"not_picked":["Busted Crown","HoveringKite"],"picked":"Ring of the Serpent"},{"not_picked":["Eternal Feather","Tiny House"],"picked":"Cursed Key"}],"items_purged_floors":[8,45],"is_endless":false,"potions_floor_spawned":[1,14,18,29,35,41,44,46,48],"ascension_level":1}