{"gold_per_floor":[118,132,307,15,29,55,55,85,85,98,115,129,129,129,129,227,227,247,247,260,42,42,42,75,86,86,117,130,130,148,158,158,259,259,269,54,73,93,93,122,133,44,70,86,118,118,145,198,198,198],"floor_reached":51,"playtime":2473,"items_purged":["Doubt","Defend_R"],"score":889,"play_id":"53d0d2e9-572f-43c9-b13b-fd2a2812a420","local_time":"20190420151942","is_ascension_mode":false,"campfire_choices":[{"data":"Bash","floor":7,"key":"SMITH"},{"data":"Armaments","floor":13,"key":"SMITH"},{"data":"Immolate","floor":15,"key":"SMITH"},{"data":"Limit Break","floor":23,"key":"SMITH"},{"floor":29,"key":"REST"},{"data":"Inflame","floor":32,"key":"SMITH"},{"data":"Inflame","floor":46,"key":"SMITH"},{"data":"Battle Trance","floor":49,"key":"SMITH"}],"neow_cost":"NONE","seed_source_timestamp":705857586474500,"circlet_count":0,"master_deck":["Strike_R","Strike_R","Strike_R","Strike_R","Strike_R+1","Defend_R","Defend_R","Defend_R","Bash+1","Rampage","Headbutt","Immolate+1","Inflame+1","Armaments+1","Iron Wave","Battle Trance","Clothesline","Flame Barrier","Limit Break+1","Battle Trance+1","Warcry","Necronomicurse","Shrug It Off+1","Feel No Pain","Intimidate+1","Anger","True Grit","Flame Barrier+1","True Grit+1","Headbutt+1","Armaments+1","Reaper","Ghostly Armor+1","Armaments+1","True Grit+1","Headbutt","Feel No Pain+1","Dark Shackles+1","Trip+1","Limit Break+1","Warcry+1","Pommel Strike+1","Inflame+1","Dark Shackles+1","Headbutt","Headbutt+1","Shrug It Off+1"],"relics":["Burning Blood","Juzu Bracelet","Prayer Wheel","Paper Frog","Philosopher\u0027s Stone","Necronomicon","Membership Card","Mercury Hourglass","Bird Faced Urn","Bottled Lightning","Toxic Egg 2","Velvet Choker","Incense Burner","Bag of Preparation","Regal Pillow","Thread and Needle","Whetstone","StoneCalendar"],"potions_floor_usage":[6,24,27,28,50,50],"damage_taken":[{"damage":1,"enemies":"Cultist","floor":1,"turns":3},{"damage":1,"enemies":"Jaw Worm","floor":2,"turns":3},{"damage":0,"enemies":"Small Slimes","floor":5,"turns":2},{"damage":13,"enemies":"3 Sentries","floor":6,"turns":4},{"damage":15,"enemies":"Lagavulin","floor":8,"turns":7},{"damage":5,"enemies":"Looter","floor":10,"turns":3},{"damage":4,"enemies":"Blue Slaver","floor":11,"turns":4},{"damage":0,"enemies":"Gremlin Gang","floor":12,"turns":2},{"damage":24,"enemies":"The Guardian","floor":16,"turns":10},{"damage":19,"enemies":"3 Byrds","floor":18,"turns":4},{"damage":0,"enemies":"Spheric Guardian","floor":20,"turns":2},{"damage":32,"enemies":"Book of Stabbing","floor":24,"turns":5},{"damage":4,"enemies":"Centurion and Healer","floor":25,"turns":2},{"damage":19,"enemies":"Slavers","floor":27,"turns":2},{"damage":0,"enemies":"Shelled Parasite and Fungi","floor":28,"turns":3},{"damage":1,"enemies":"Cultist and Chosen","floor":30,"turns":4},{"damage":0,"enemies":"Centurion and Healer","floor":31,"turns":4},{"damage":36,"enemies":"Collector","floor":33,"turns":7},{"damage":17,"enemies":"3 Darklings","floor":35,"turns":6},{"damage":10,"enemies":"Orb Walker","floor":37,"turns":3},{"damage":0,"enemies":"4 Shapes","floor":38,"turns":1},{"damage":27,"enemies":"Giant Head","floor":40,"turns":8},{"damage":13,"enemies":"Jaw Worm Horde","floor":41,"turns":4},{"damage":12,"enemies":"Transient","floor":44,"turns":5},{"damage":0,"enemies":"Nemesis","floor":45,"turns":5},{"damage":32,"enemies":"Giant Head","floor":47,"turns":7},{"damage":9,"enemies":"2 Orb Walkers","floor":48,"turns":6},{"damage":11,"enemies":"Time Eater","floor":50,"turns":8}],"seed_played":"-2033275858762100715","potions_obtained":[{"floor":1,"key":"Energy Potion"},{"floor":8,"key":"AttackPotion"},{"floor":10,"key":"Dexterity Potion"},{"floor":12,"key":"SpeedPotion"},{"floor":18,"key":"Dexterity Potion"},{"floor":27,"key":"Block Potion"},{"floor":30,"key":"Weak Potion"},{"floor":33,"key":"AttackPotion"},{"floor":37,"key":"SkillPotion"},{"floor":47,"key":"Energy Potion"}],"is_trial":false,"path_per_floor":["M","M","?","$","M","E","R","E","T","M","M","M","R","$","R","B",null,"M","?","M","$","?","R","E","M","T","E","M","R","M","M","R","B",null,"M","$","M","M","?","E","M","$","T","M","E","R","E","?","R","B",null],"character_chosen":"IRONCLAD","items_purchased":["Immolate","Inflame","Membership Card","Feel No Pain","Armaments+1","Incense Burner","Inflame","Dark Shackles+1"],"campfire_rested":1,"item_purchase_floors":[4,4,21,21,36,36,42,42],"current_hp_per_floor":[88,88,88,88,88,81,81,72,72,73,75,81,81,81,81,63,88,75,59,65,65,65,65,39,41,41,30,36,62,69,79,79,53,88,88,88,84,88,78,80,88,88,88,84,88,88,88,88,88,87],"gold":198,"neow_bonus":"TEN_PERCENT_HP_BONUS","is_prod":false,"is_daily":false,"chose_seed":false,"campfire_upgraded":7,"win_rate":1,"timestamp":1555798782,"path_taken":["M","?","?","$","M","E","R","E","T","M","M","M","R","$","R","BOSS","M","?","M","$","?","R","E","M","T","E","M","R","M","M","R","BOSS","M","$","M","M","?","E","M","$","T","M","E","R","E","?","R","BOSS"],"build_version":"2019-01-23","purchased_purges":2,"victory":true,"max_hp_per_floor":[88,88,88,88,88,88,88,88,88,88,88,88,88,88,88,88,88,88,88,88,88,88,88,88,88,88,88,88,88,88,88,88,88,88,88,88,88,88,88,88,88,88,88,88,88,88,88,88,88,88],"card_choices":[{"not_picked":["Dual Wield","Iron Wave"],"picked":"Rampage","floor":1},{"not_picked":["Shrug It Off","Searing Blow"],"picked":"Headbutt","floor":2},{"not_picked":["Burning Pact","Sword Boomerang","Body Slam"],"picked":"SKIP","floor":5},{"not_picked":["Rampage","Perfected Strike"],"picked":"Armaments","floor":6},{"not_picked":["Thunderclap","Berserk","Combust"],"picked":"SKIP","floor":8},{"not_picked":["Flex","Heavy Blade"],"picked":"Iron Wave","floor":10},{"not_picked":["Clash","Havoc","Rupture"],"picked":"SKIP","floor":10},{"not_picked":["Perfected Strike","Ghostly Armor"],"picked":"Battle Trance","floor":11},{"not_picked":["Dropkick","Headbutt"],"picked":"Clothesline","floor":11},{"not_picked":["Anger","Burning Pact"],"picked":"Flame Barrier","floor":12},{"not_picked":["Hemokinesis","Sword Boomerang","Heavy Blade"],"picked":"SKIP","floor":12},{"not_picked":["Impervious","Offering"],"picked":"Limit Break","floor":16},{"not_picked":["Second Wind","Hemokinesis"],"picked":"Battle Trance","floor":18},{"not_picked":["Pummel+1","Perfected Strike"],"picked":"Warcry","floor":18},{"not_picked":["Clash","Evolve"],"picked":"Shrug It Off+1","floor":20},{"not_picked":["Perfected Strike","Warcry","Cleave"],"picked":"SKIP","floor":20},{"not_picked":["Sever Soul","Double Tap"],"picked":"Intimidate+1","floor":24},{"not_picked":["Pommel Strike","Dual Wield"],"picked":"Anger","floor":25},{"not_picked":["Twin Strike","Warcry+1"],"picked":"True Grit","floor":25},{"not_picked":["Intimidate","Thunderclap","Evolve+1"],"picked":"SKIP","floor":27},{"not_picked":["Body Slam","Power Through+1"],"picked":"Flame Barrier+1","floor":28},{"not_picked":["Heavy Blade","Combust","Perfected Strike"],"picked":"SKIP","floor":28},{"not_picked":["Perfected Strike","Twin Strike"],"picked":"True Grit+1","floor":30},{"not_picked":["Thunderclap","Twin Strike"],"picked":"Headbutt","floor":30},{"not_picked":["Clothesline","True Grit+1"],"picked":"Armaments+1","floor":31},{"not_picked":["Evolve+1","Entrench+1","Sever Soul"],"picked":"SKIP","floor":31},{"not_picked":["Impervious+1","Barricade"],"picked":"Reaper","floor":33},{"not_picked":["Warcry+1","Iron Wave"],"picked":"Ghostly Armor+1","floor":35},{"not_picked":["Twin Strike","Wild Strike","Pommel Strike"],"picked":"SKIP","floor":35},{"not_picked":["Perfected Strike","Cleave+1"],"picked":"True Grit+1","floor":37},{"not_picked":["Iron Wave+1","Anger+1"],"picked":"Headbutt","floor":37},{"not_picked":["Searing Blow+1","Double Tap+1"],"picked":"Feel No Pain+1","floor":38},{"not_picked":["Blood for Blood","Body Slam+1","Reckless Charge"],"picked":"SKIP","floor":38},{"not_picked":["Dramatic Entrance","Madness+1"],"picked":"Dark Shackles+1","floor":39},{"not_picked":["Finesse+1","Madness+1"],"picked":"Trip+1","floor":39},{"not_picked":["Fire Breathing","Uppercut"],"picked":"Limit Break+1","floor":40},{"not_picked":["Thunderclap+1","Cleave+1"],"picked":"Warcry+1","floor":41},{"not_picked":["Clothesline","Heavy Blade"],"picked":"Pommel Strike+1","floor":41},{"not_picked":["Havoc+1","True Grit+1"],"picked":"Headbutt","floor":44},{"not_picked":["Rampage","Body Slam","Wild Strike+1"],"picked":"SKIP","floor":44},{"not_picked":["Blood for Blood+1","Wild Strike"],"picked":"Headbutt+1","floor":45},{"not_picked":["True Grit+1","Sentinel+1"],"picked":"Shrug It Off+1","floor":47}],"player_experience":460681,"relics_obtained":[{"floor":6,"key":"Juzu Bracelet"},{"floor":8,"key":"Prayer Wheel"},{"floor":9,"key":"Paper Frog"},{"floor":19,"key":"Necronomicon"},{"floor":24,"key":"Bird Faced Urn"},{"floor":26,"key":"Bottled Lightning"},{"floor":27,"key":"Toxic Egg 2"},{"floor":40,"key":"Bag of Preparation"},{"floor":43,"key":"Regal Pillow"},{"floor":45,"key":"Thread and Needle"},{"floor":47,"key":"Whetstone"},{"floor":48,"key":"StoneCalendar"}],"event_choices":[{"damage_healed":0,"gold_gain":175,"player_choice":"AGREE","damage_taken":0,"max_hp_gain":0,"max_hp_loss":0,"event_name":"Liars Game","floor":3,"gold_loss":0,"cards_obtained":["Doubt"]},{"damage_healed":0,"gold_gain":0,"player_choice":"Obtained Book","damage_taken":16,"max_hp_gain":0,"max_hp_loss":0,"event_name":"Cursed Tome","floor":19,"gold_loss":0},{"damage_healed":0,"gold_gain":0,"player_choice":"Gave Potion","damage_taken":0,"relics_obtained":["Mercury Hourglass"],"max_hp_gain":0,"max_hp_loss":0,"event_name":"WeMeetAgain","floor":22,"gold_loss":0},{"damage_healed":0,"gold_gain":0,"player_choice":"Memory 3","damage_taken":10,"max_hp_gain":0,"max_hp_loss":0,"event_name":"SensoryStone","floor":39,"gold_loss":0},{"damage_healed":0,"gold_gain":0,"player_choice":"Fight","damage_taken":0,"max_hp_gain":0,"max_hp_loss":0,"event_name":"Mysterious Sphere","floor":48,"gold_loss":0}],"is_beta":false,"boss_relics":[{"not_picked":["Lizard Tail","Sozu"],"picked":"Philosopher\u0027s Stone"},{"not_picked":["Empty Cage","Orrery"],"picked":"Velvet Choker"}],"items_purged_floors":[4,36],"is_endless":false,"potions_floor_spawned":[1,8,10,12,18,27,30,33,37,44,45,47,48],"ascension_level":0}