{"path_per_floor":["M","$","M","M","?","R","M","E","T","R","M","E","M","E","R","B",null,"M","M","?","M","?","R","E","R","T","M","E","M","$","M","R"],"character_chosen":"DEFECT","items_purchased":["Sweeping Beam","Ball Lightning","Toxic Egg 2"],"gold_per_floor":[112,37,57,68,68,68,87,119,146,146,164,198,215,245,245,341,341,358,378,378,398,398,398,425,425,502,513,538,555,317,337,337,337],"floor_reached":33,"campfire_rested":0,"playtime":2123,"current_hp_per_floor":[68,68,66,66,59,59,56,39,39,39,46,52,53,60,60,64,78,73,67,67,54,54,54,44,44,44,48,46,46,46,46,46,0],"items_purged":[],"gold":337,"score":434,"play_id":"48eb9d16-2310-4faf-b08d-bce21518f9e7","local_time":"20180519020344","is_prod":false,"is_daily":false,"chose_seed":false,"is_ascension_mode":true,"campfire_upgraded":6,"timestamp":1526688224,"campfire_choices":[{"data":"Sweeping Beam","floor":6.0,"key":"SMITH"},{"data":"Ball Lightning","floor":10.0,"key":"SMITH"},{"data":"Doom and Gloom","floor":15.0,"key":"SMITH"},{"data":"Hyperbeam","floor":23.0,"key":"SMITH"},{"data":"Self Repair","floor":25,"key":"SMITH"},{"data":"Hologram","floor":32,"key":"SMITH"}],"path_taken":["M","$","M","M","?","R","M","E","T","R","M","E","M","E","R","BOSS","M","M","?","M","?","R","E","R","T","M","E","M","$","M","R","BOSS"],"build_version":"2018-05-17","seed_source_timestamp":11597071776426,"purchased_purges":5,"victory":false,"master_deck":["Strike_B+1","Strike_B+1","Strike_B+1","Defend_B+1","Defend_B+1","Defend_B+1","Defend_B+1","Zap+1","Dualcast","Sweeping Beam+1","Ball Lightning+1","Conserve Battery","Doom and Gloom+1","Self Repair+1","Hologram+1","Coolheaded","Turbo","Loop","Hyperbeam+1","Auto Shields+1","Genetic Algorithm+1","Beam Cell","Turbo+1","Skim+1","Turbo","Conserve Battery","Glacier+1"],"max_hp_per_floor":[75,75,75,75,75,75,75,75,75,75,75,82,82,82,82,82,82,82,82,82,82,82,82,82,82,82,82,82,82,82,82,82,82],"relics":["Cracked Core","Boot","Oddly Smooth Stone","Strawberry","Pen Nib","Sozu","Bottled Lightning","Frozen Egg 2","Shuriken","Toxic Egg 2"],"card_choices":[{"not_picked":["Steam Power","Scrape","Capacitor"],"picked":"SKIP","floor":1.0},{"not_picked":["Ball Lightning","Barrage","Lockon"],"picked":"SKIP","floor":3.0},{"not_picked":["Skim","Scrape"],"picked":"Conserve Battery","floor":4.0},{"not_picked":["Leap","Hologram"],"picked":"Doom and Gloom","floor":7.0},{"not_picked":["Meteor Strike","Ball Lightning"],"picked":"Self Repair","floor":8.0},{"not_picked":["Leap","Capacitor"],"picked":"Hologram","floor":11.0},{"not_picked":["Storm","Barrage"],"picked":"Coolheaded","floor":12.0},{"not_picked":["Doom and Gloom","Beam Cell"],"picked":"Turbo","floor":13.0},{"not_picked":["Storm","Redo"],"picked":"Loop","floor":14.0},{"not_picked":["Buffer","Seek"],"picked":"Hyperbeam","floor":16.0},{"not_picked":["Axe Kick","Capacitor+1"],"picked":"Auto Shields+1","floor":18.0},{"not_picked":["Self Repair","Capacitor"],"picked":"Genetic Algorithm+1","floor":19.0},{"not_picked":["Scrape","Cold Snap"],"picked":"Beam Cell","floor":21.0},{"not_picked":["Heatsinks","Rainbow"],"picked":"Turbo+1","floor":24},{"not_picked":["Reprogram","Hologram"],"picked":"Skim+1","floor":27},{"not_picked":["Capacitor+1","Darkness"],"picked":"Turbo","floor":28},{"not_picked":["Sunder","Amplify"],"picked":"Conserve Battery","floor":29},{"not_picked":["Doom and Gloom","Go for the Eyes"],"picked":"Glacier+1","floor":31}],"player_experience":64510,"potions_floor_usage":[28],"damage_taken":[{"damage":0.0,"enemies":"Small Slimes","floor":1.0,"turns":3.0},{"damage":2.0,"enemies":"Jaw Worm","floor":3.0,"turns":2.0},{"damage":0.0,"enemies":"2 Louse","floor":4.0,"turns":1.0},{"damage":3.0,"enemies":"Blue Slaver","floor":7.0,"turns":3.0},{"damage":17.0,"enemies":"Lagavulin","floor":8.0,"turns":5.0},{"damage":0.0,"enemies":"Large Slime","floor":11.0,"turns":3.0},{"damage":20.0,"enemies":"Gremlin Nob","floor":12.0,"turns":4.0},{"damage":6.0,"enemies":"2 Fungi Beasts","floor":13.0,"turns":3.0},{"damage":0.0,"enemies":"3 Sentries","floor":14.0,"turns":3.0},{"damage":3.0,"enemies":"Slime Boss","floor":16.0,"turns":7.0},{"damage":12.0,"enemies":"2 Thieves","floor":18.0,"turns":3.0},{"damage":6.0,"enemies":"Chosen","floor":19.0,"turns":3.0},{"damage":20.0,"enemies":"Centurion and Healer","floor":21.0,"turns":7.0},{"damage":17,"enemies":"Slavers","floor":24,"turns":4},{"damage":6,"enemies":"Snake Plant","floor":27,"turns":3},{"damage":12,"enemies":"Gremlin Leader","floor":28,"turns":6},{"damage":0,"enemies":"Chosen and Byrds","floor":29,"turns":2},{"damage":0,"enemies":"Sentry and Sphere","floor":31,"turns":3},{"damage":62,"enemies":"Collector","floor":33,"turns":9}],"relics_obtained":[{"floor":8.0,"key":"Boot"},{"floor":9.0,"key":"Oddly Smooth Stone"},{"floor":12.0,"key":"Strawberry"},{"floor":14.0,"key":"Pen Nib"},{"floor":24,"key":"Bottled Lightning"},{"floor":26,"key":"Frozen Egg 2"},{"floor":28,"key":"Shuriken"}],"event_choices":[{"event_name":"Golden Wing","player_choice":"Card Removal","floor":5.0,"damage_taken":0.0},{"event_name":"Drug Dealer","player_choice":"Ignored","floor":20.0,"damage_taken":0.0},{"event_name":"Back to Basics","player_choice":"Simplicity","floor":22.0,"damage_taken":0.0}],"boss_relics":[],"potions_floor_spawned":[1,4,7,11,13,16,24,27,29],"seed_played":"9111778177446840236","killed_by":"Collector","ascension_level":6,"potions_obtained":[{"floor":1.0,"key":"Weak Potion"},{"floor":4.0,"key":"Regen Potion"},{"floor":7.0,"key":"FairyPotion"},{"floor":13.0,"key":"Explosive Potion"},{"floor":16.0,"key":"Fire Potion"}],"is_trial":false}