{"gold_per_floor":[112,126,126,138,26,53,53,82,82,257,222,251,251,271,271,368,368,388,388,388,404,20,20,20,20,20,40,54,5,5,16,16,112,112,123,133,133,149,149,149,149,149,149,149],"floor_reached":44,"playtime":994,"items_purged":["Strike_B+1"],"score":449,"play_id":"e8c6935c-b7f1-435f-8d3f-ef5b233cc626","local_time":"20181204131704","is_ascension_mode":false,"campfire_choices":[{"data":"Zap","floor":7,"key":"SMITH"},{"floor":13,"key":"REST"},{"floor":15,"key":"REST"},{"floor":23,"key":"REST"},{"data":"Glacier","floor":25,"key":"SMITH"},{"floor":30,"key":"REST"},{"floor":32,"key":"DIG"},{"floor":40,"key":"REST"}],"neow_cost":"NONE","seed_source_timestamp":1515462261730470,"circlet_count":0,"master_deck":["Strike_B+1","Strike_B+1","Defend_B+1","Defend_B+1","Defend_B+1","Defend_B+1","Zap+1","Dualcast","Conserve Battery","Ball Lightning","Defragment","Loop","Rip and Tear","Doom and Gloom","Thunder Strike","Doubt","Stack","Streamline","Electrodynamics+1","Coolheaded","Glacier+1","Conserve Battery","Cold Snap","Defragment+1","Static Discharge+1","Gash+1","Steam","Hologram+1","All For One","Chill+1","Sweeping Beam+1","Fusion"],"relics":["Cracked Core","Oddly Smooth Stone","Frozen Egg 2","Art of War","Shuriken","Nuclear Battery","DollysMirror","Shovel","Kunai","Runic Pyramid","PreservedInsect","Anchor"],"potions_floor_usage":[33,38,38],"damage_taken":[{"damage":6,"enemies":"Cultist","floor":1,"turns":3},{"damage":0,"enemies":"Small Slimes","floor":2,"turns":3},{"damage":0,"enemies":"2 Louse","floor":4,"turns":3},{"damage":12,"enemies":"Gremlin Nob","floor":6,"turns":4},{"damage":28,"enemies":"3 Sentries","floor":8,"turns":5},{"damage":28,"enemies":"Lagavulin","floor":12,"turns":4},{"damage":12,"enemies":"2 Fungi Beasts","floor":14,"turns":3},{"damage":28,"enemies":"Hexaghost","floor":16,"turns":7},{"damage":10,"enemies":"Shell Parasite","floor":18,"turns":3},{"damage":21,"enemies":"Colosseum Slavers","floor":19,"turns":3},{"damage":14,"enemies":"2 Thieves","floor":21,"turns":4},{"damage":11,"enemies":"Sentry and Sphere","floor":27,"turns":3},{"damage":9,"enemies":"Snake Plant","floor":28,"turns":3},{"damage":2,"enemies":"3 Cultists","floor":31,"turns":4},{"damage":60,"enemies":"Automaton","floor":33,"turns":9},{"damage":34,"enemies":"3 Darklings","floor":35,"turns":3},{"damage":11,"enemies":"Orb Walker","floor":36,"turns":4},{"damage":63,"enemies":"Transient","floor":38,"turns":5},{"damage":24,"enemies":"Spire Growth","floor":44,"turns":5}],"seed_played":"5612900297519130879","potions_obtained":[{"floor":2,"key":"SkillPotion"},{"floor":4,"key":"Swift Potion"},{"floor":12,"key":"Explosive Potion"},{"floor":16,"key":"FairyPotion"},{"floor":33,"key":"LiquidBronze"},{"floor":36,"key":"Regen Potion"},{"floor":38,"key":"EntropicBrew"}],"is_trial":false,"path_per_floor":["M","M","?","M","$","E","R","E","T","?","?","E","R","M","R","B",null,"M","?","?","M","$","R","?","R","T","M","M","$","R","M","R","B",null,"M","M","?","M","?","R","?","T","T","M"],"character_chosen":"DEFECT","items_purchased":["Loop","Rip and Tear","Conserve Battery","Cold Snap","DollysMirror","Steam"],"campfire_rested":5,"item_purchase_floors":[5,5,22,22,22,29],"current_hp_per_floor":[69,69,69,69,69,57,57,29,29,29,47,19,41,29,51,23,75,65,44,44,30,30,52,52,52,52,41,32,32,54,52,52,7,75,41,30,66,3,3,22,22,22,22,0],"gold":149,"neow_bonus":"TRANSFORM_CARD","is_prod":false,"is_daily":false,"chose_seed":false,"campfire_upgraded":2,"win_rate":0.0,"timestamp":1543951024,"path_taken":["M","?","?","?","$","E","R","E","T","?","?","E","R","M","R","BOSS","M","?","?","M","$","R","?","R","T","M","?","?","R","M","R","BOSS","M","?","?","M","?","R","?","?","T","?"],"build_version":"2018-11-15","purchased_purges":1,"victory":false,"max_hp_per_floor":[75,75,75,75,75,75,75,75,75,75,75,75,75,75,75,75,75,75,75,75,75,75,75,75,75,75,75,75,75,75,75,75,75,75,75,75,66,66,66,66,66,66,66,66],"card_choices":[{"not_picked":["Melter","Force Field"],"picked":"Conserve Battery","floor":1},{"not_picked":["Hello World","Stack"],"picked":"Ball Lightning","floor":2},{"not_picked":["Gash","Streamline"],"picked":"Defragment","floor":4},{"not_picked":["Meteor Strike","White Noise"],"picked":"Doom and Gloom","floor":6},{"not_picked":["Ball Lightning","Doom and Gloom"],"picked":"Thunder Strike","floor":8},{"not_picked":["Sweeping Beam","Compile Driver"],"picked":"Stack","floor":12},{"not_picked":["Redo","Hello World+1"],"picked":"Streamline","floor":14},{"not_picked":["Thunder Strike","Echo Form+1"],"picked":"Electrodynamics+1","floor":16},{"not_picked":["Barrage","Storm+1"],"picked":"Coolheaded","floor":18},{"not_picked":["Redo+1","Aggregate"],"picked":"Glacier","floor":21},{"not_picked":["Go for the Eyes","Skim"],"picked":"Static Discharge+1","floor":27},{"not_picked":["Genetic Algorithm+1","Double Energy"],"picked":"Gash+1","floor":28},{"not_picked":["Beam Cell","Barrage"],"picked":"Hologram+1","floor":31},{"not_picked":["Meteor Strike","Electrodynamics+1"],"picked":"All For One","floor":33},{"not_picked":["Recycle+1","Leap"],"picked":"Chill+1","floor":35},{"not_picked":["Rip and Tear+1","Hello World+1"],"picked":"Sweeping Beam+1","floor":36},{"not_picked":["Genetic Algorithm+1","Lockon+1"],"picked":"Fusion","floor":38}],"player_experience":104455,"relics_obtained":[{"floor":6,"key":"Oddly Smooth Stone"},{"floor":8,"key":"Frozen Egg 2"},{"floor":9,"key":"Art of War"},{"floor":12,"key":"Shuriken"},{"floor":26,"key":"Shovel"},{"floor":32,"key":"Kunai"},{"floor":42,"key":"PreservedInsect"},{"floor":43,"key":"Anchor"}],"event_choices":[{"damage_healed":0,"gold_gain":0,"player_choice":"Bought 0 Potions","damage_taken":0,"max_hp_gain":0,"max_hp_loss":0,"event_name":"The Woman in Blue","floor":3,"gold_loss":0},{"damage_healed":0,"gold_gain":175,"player_choice":"AGREE","damage_taken":0,"max_hp_gain":0,"max_hp_loss":0,"event_name":"Liars Game","floor":10,"gold_loss":0,"cards_obtained":["Doubt"]},{"damage_healed":18,"gold_gain":0,"player_choice":"Healed","damage_taken":0,"max_hp_gain":0,"max_hp_loss":0,"event_name":"The Cleric","floor":11,"gold_loss":35},{"damage_healed":0,"gold_gain":0,"player_choice":"Fight","damage_taken":0,"max_hp_gain":0,"max_hp_loss":0,"event_name":"Colosseum","floor":19,"gold_loss":0},{"damage_healed":0,"gold_gain":0,"player_choice":"Fled From Nobs","damage_taken":0,"max_hp_gain":0,"max_hp_loss":0,"event_name":"Colosseum","floor":19,"gold_loss":0},{"damage_healed":0,"gold_gain":0,"player_choice":"Simplicity","damage_taken":0,"max_hp_gain":0,"max_hp_loss":0,"event_name":"Back to Basics","floor":20,"gold_loss":0,"cards_upgraded":["Strike_B","Strike_B","Strike_B","Defend_B","Defend_B","Defend_B","Defend_B"]},{"damage_healed":0,"gold_gain":0,"player_choice":"Ignored","damage_taken":0,"max_hp_gain":0,"max_hp_loss":0,"event_name":"Vampires","floor":24,"gold_loss":0},{"damage_healed":66,"gold_gain":0,"player_choice":"Heal","damage_taken":0,"max_hp_gain":0,"max_hp_loss":9,"event_name":"The Moai Head","floor":37,"gold_loss":0},{"cards_removed":["Core Surge"],"damage_healed":0,"gold_gain":0,"player_choice":"Removed Attack","damage_taken":0,"max_hp_gain":0,"max_hp_loss":0,"event_name":"Falling","floor":39,"gold_loss":0},{"damage_healed":0,"gold_gain":0,"player_choice":"Ignored","damage_taken":0,"max_hp_gain":0,"max_hp_loss":0,"event_name":"Mysterious Sphere","floor":41,"gold_loss":0}],"is_beta":false,"boss_relics":[{"not_picked":["FrozenCore","Calling Bell"],"picked":"Nuclear Battery"},{"not_picked":["Eternal Feather","Coffee Dripper"],"picked":"Runic Pyramid"}],"items_purged_floors":[22],"is_endless":false,"potions_floor_spawned":[2,4,12,16,21,27,33,36,38],"killed_by":"Spire Growth","ascension_level":0}