{"gold_per_floor":[109,109,109,129,54,81,81,108,133,145,218,244,256,285,297,412,424,456,479,502,514,526,538,579,591,603,615,237,257,207,219,219,317,317,333,343,49,61,1060,1060,1060],"floor_reached":41,"playtime":4874,"items_purged":["Defend_R","Writhe","Strike_R","Defend_R"],"score":549,"play_id":"28a4c60d-24b2-4bbe-ad31-2fd83d7b4dd7","local_time":"20190210135554","is_ascension_mode":true,"campfire_choices":[{"floor":7,"key":"REST"},{"data":"Rage","floor":10,"key":"SMITH"},{"data":"Bash","floor":15,"key":"SMITH"},{"data":"Metallicize","floor":23,"key":"SMITH"},{"floor":25,"key":"REST"},{"floor":32,"key":"REST"},{"floor":40,"key":"REST"}],"neow_cost":"PERCENT_DAMAGE","seed_source_timestamp":249661232005192,"circlet_count":0,"master_deck":["Strike_R","Strike_R+1","Strike_R","Strike_R+1","Defend_R","Defend_R+1","Bash+1","Rage+1","Reckless Charge+1","Clash+1","Shrug It Off+1","Iron Wave+1","Metallicize","Reckless Charge+1","True Grit+1","Rampage+1","Metallicize+1","Clash+1","Madness","Fire Breathing+1","Clash+1","Feed+1","Iron Wave+1","Reaper+1","Fire Breathing+1","Normality","Normality","Parasite"],"relics":["Burning Blood","Calipers","Molten Egg 2","Question Card","Smiling Mask","MawBank","Dream Catcher","FaceOfCleric","Eternal Feather","MutagenicStrength","Kunai","War Paint","Anchor","Centennial Puzzle","Mercury Hourglass","Sozu","Self Forming Clay"],"potions_floor_usage":[11,16,16,20,24,33],"damage_taken":[{"damage":0,"enemies":"Small Slimes","floor":1,"turns":3},{"damage":12,"enemies":"Jaw Worm","floor":4,"turns":3},{"damage":27,"enemies":"3 Sentries","floor":6,"turns":9},{"damage":21,"enemies":"Lagavulin","floor":8,"turns":5},{"damage":14,"enemies":"3 Sentries","floor":11,"turns":7},{"damage":0,"enemies":"Cultist","floor":12,"turns":3},{"damage":0,"enemies":"2 Fungi Beasts","floor":14,"turns":2},{"damage":20,"enemies":"The Guardian","floor":16,"turns":10},{"damage":0,"enemies":"Spheric Guardian","floor":18,"turns":3},{"damage":2,"enemies":"3 Byrds","floor":19,"turns":6},{"damage":32,"enemies":"Sentry and Sphere","floor":20,"turns":6},{"damage":76,"enemies":"Book of Stabbing","floor":24,"turns":8},{"damage":13,"enemies":"Cultist and Chosen","floor":29,"turns":5},{"damage":23,"enemies":"Centurion and Healer","floor":31,"turns":4},{"damage":56,"enemies":"Automaton","floor":33,"turns":12},{"damage":12,"enemies":"Orb Walker","floor":35,"turns":4},{"damage":7,"enemies":"3 Shapes","floor":36,"turns":3},{"damage":52,"enemies":"Maw","floor":38,"turns":8},{"damage":90,"enemies":"Writhing Mass","floor":41,"turns":9}],"seed_played":"-5312219961881560880","potions_obtained":[{"floor":6,"key":"BloodPotion"},{"floor":8,"key":"SteroidPotion"},{"floor":11,"key":"Block Potion"},{"floor":12,"key":"Weak Potion"},{"floor":18,"key":"Regen Potion"},{"floor":19,"key":"Weak Potion"},{"floor":29,"key":"PowerPotion"},{"floor":33,"key":"SpeedPotion"}],"is_trial":false,"path_per_floor":["M","?","T","M","$","E","R","E","T","R","?","M","?","M","R","B",null,"M","M","M","?","?","R","E","R","T","T","$","M","$","M","R","B",null,"M","M","$","M","?","R","M"],"character_chosen":"IRONCLAD","items_purchased":["Mercury Hourglass","Madness","Self Forming Clay"],"campfire_rested":4,"item_purchase_floors":[28,28,37],"current_hp_per_floor":[62,46,46,40,40,19,43,28,28,28,28,34,34,41,41,28,69,76,81,56,56,56,68,14,51,51,51,51,45,45,29,67,18,71,66,66,66,26,26,68,0],"gold":1060,"neow_bonus":"ONE_RARE_RELIC","is_prod":false,"is_daily":false,"chose_seed":false,"campfire_upgraded":3,"win_rate":0,"timestamp":1549835754,"path_taken":["M","?","?","?","$","E","R","E","T","R","?","M","?","M","R","BOSS","M","M","?","?","?","R","E","R","T","?","?","M","$","?","R","BOSS","M","M","$","?","?","R","M"],"build_version":"2019-01-23","purchased_purges":4,"victory":false,"max_hp_per_floor":[80,80,80,80,80,80,80,80,80,80,80,80,80,81,81,82,82,83,84,85,85,85,85,86,86,86,86,86,87,87,88,88,89,89,90,91,91,92,92,92,92],"card_choices":[{"not_picked":["Clothesline","Flex"],"picked":"Rage","floor":1},{"not_picked":["Havoc","Intimidate"],"picked":"Reckless Charge+1","floor":4},{"not_picked":["Thunderclap+1","Double Tap"],"picked":"Clash+1","floor":6},{"not_picked":["Flex","Battle Trance","Havoc"],"picked":"Shrug It Off","floor":8},{"not_picked":["Havoc","Perfected Strike+1","Dropkick+1"],"picked":"Iron Wave+1","floor":11},{"not_picked":["Clash+1","Perfected Strike+1","Havoc"],"picked":"Metallicize","floor":12},{"not_picked":["Burning Pact","True Grit","Anger+1"],"picked":"Reckless Charge+1","floor":14},{"not_picked":["Clash+1","Corruption+1","Metallicize"],"picked":"True Grit+1","floor":18},{"not_picked":["Clothesline+1","Sentinel+1","Pommel Strike+1"],"picked":"Rampage+1","floor":19},{"not_picked":["True Grit+1","Twin Strike+1","Havoc"],"picked":"Metallicize","floor":20},{"not_picked":["Heavy Blade+1","Headbutt+1","Sword Boomerang+1","Bludgeon+1"],"picked":"SKIP","floor":24},{"not_picked":["Twin Strike+1","True Grit","Armaments"],"picked":"Clash+1","floor":25},{"not_picked":["Flex","Armaments","Carnage+1","Hemokinesis+1"],"picked":"SKIP","floor":29},{"not_picked":["Warcry","Sentinel+1","Headbutt+1"],"picked":"Fire Breathing+1","floor":31},{"not_picked":["Wild Strike+1","Inflame","Battle Trance"],"picked":"Clash+1","floor":32},{"not_picked":["Bludgeon+1","Fiend Fire+1","Impervious"],"picked":"Feed+1","floor":33},{"not_picked":["Body Slam+1","Clothesline+1","Uppercut+1"],"picked":"Iron Wave+1","floor":35},{"not_picked":["Sword Boomerang+1","Thunderclap+1","Clash+1"],"picked":"Reaper+1","floor":36},{"not_picked":["Cleave+1","Shockwave+1","Armaments+1"],"picked":"Fire Breathing+1","floor":38}],"player_experience":666920,"relics_obtained":[{"floor":3,"key":"Molten Egg 2"},{"floor":6,"key":"Question Card"},{"floor":8,"key":"Smiling Mask"},{"floor":9,"key":"MawBank"},{"floor":11,"key":"Dream Catcher"},{"floor":24,"key":"War Paint"},{"floor":26,"key":"Anchor"},{"floor":27,"key":"Centennial Puzzle"}],"event_choices":[{"damage_healed":0,"gold_gain":0,"player_choice":"Entered Light","damage_taken":16,"max_hp_gain":0,"max_hp_loss":0,"event_name":"Shining Light","floor":2,"gold_loss":0,"cards_upgraded":["Strike_R","Strike_R"]},{"damage_healed":0,"gold_gain":0,"player_choice":"Searched \u00272\u0027 times","damage_taken":0,"max_hp_gain":0,"max_hp_loss":0,"event_name":"Dead Adventurer","floor":11,"gold_loss":0},{"damage_healed":0,"gold_gain":0,"player_choice":"Trade","damage_taken":0,"relics_obtained":["FaceOfCleric"],"max_hp_gain":0,"max_hp_loss":0,"event_name":"FaceTrader","floor":13,"gold_loss":0},{"damage_healed":0,"gold_gain":0,"player_choice":"Inject Mutagens","damage_taken":0,"relics_obtained":["MutagenicStrength"],"max_hp_gain":0,"max_hp_loss":0,"event_name":"Drug Dealer","floor":21,"gold_loss":0},{"damage_healed":0,"gold_gain":0,"player_choice":"Opened","damage_taken":0,"relics_obtained":["Kunai"],"max_hp_gain":0,"max_hp_loss":0,"event_name":"The Mausoleum","floor":22,"gold_loss":0,"cards_obtained":["Writhe"]},{"damage_healed":0,"gold_gain":999,"player_choice":"Gold","damage_taken":0,"max_hp_gain":0,"max_hp_loss":0,"event_name":"MindBloom","floor":39,"gold_loss":0,"cards_obtained":["Normality","Normality"]}],"is_beta":false,"boss_relics":[{"not_picked":["Astrolabe","Runic Pyramid"],"picked":"Eternal Feather"},{"not_picked":["Cursed Key","Calling Bell"],"picked":"Sozu"}],"items_purged_floors":[5,28,30,37],"is_endless":false,"potions_floor_spawned":[6,8,11,12,14,18,19,29,33,38],"killed_by":"Writhing Mass","ascension_level":5}