{"gold_per_floor":[114,125,141,91,101,101,128,150,176,176,186,214,289,47,47,145,145,156,171,181,81,99,99],"floor_reached":23,"playtime":1674,"items_purged":["Strike_R","Strike_R"],"score":213,"play_id":"b3800100-8a3b-43ec-8b45-50502255f3d8","local_time":"20181216012732","is_ascension_mode":true,"campfire_choices":[{"data":"Searing Blow","floor":6,"key":"SMITH"},{"data":"Searing Blow+1","floor":10,"key":"SMITH"},{"floor":15,"key":"REST"}],"neow_cost":"NONE","seed_source_timestamp":45147359732896,"circlet_count":0,"master_deck":["Strike_R","Strike_R","Defend_R","Defend_R","Defend_R","Defend_R","Bash+1","Dropkick","Cleave","Searing Blow+2","True Grit","Feel No Pain","Havoc","Armaments","Headbutt","Secret Weapon","Exhume","Shockwave"],"relics":["Burning Blood","Blood Vial","Odd Mushroom","Orichalcum","Busted Crown"],"potions_floor_usage":[7,8,19,20,22,23],"damage_taken":[{"damage":7,"enemies":"2 Louse","floor":1,"turns":3},{"damage":6,"enemies":"Jaw Worm","floor":2,"turns":3},{"damage":0,"enemies":"Cultist","floor":3,"turns":3},{"damage":15,"enemies":"Looter","floor":5,"turns":3},{"damage":1,"enemies":"Gremlin Nob","floor":7,"turns":3},{"damage":30,"enemies":"The Mushroom Lair","floor":8,"turns":5},{"damage":9,"enemies":"Red Slaver","floor":11,"turns":3},{"damage":8,"enemies":"3 Sentries","floor":12,"turns":11},{"damage":16,"enemies":"Slime Boss","floor":16,"turns":11},{"damage":28,"enemies":"2 Thieves","floor":18,"turns":5},{"damage":4,"enemies":"Shell Parasite","floor":19,"turns":4},{"damage":18,"enemies":"Centurion and Healer","floor":20,"turns":6},{"damage":15,"enemies":"Shelled Parasite and Fungi","floor":22,"turns":5},{"damage":55,"enemies":"Gremlin Leader","floor":23,"turns":3}],"seed_played":"-8248547723622321118","potions_obtained":[{"floor":3,"key":"Fire Potion"},{"floor":5,"key":"FearPotion"},{"floor":7,"key":"Block Potion"},{"floor":11,"key":"Weak Potion"},{"floor":19,"key":"EssenceOfSteel"},{"floor":20,"key":"SteroidPotion"}],"is_trial":false,"path_per_floor":["M","M","M","?","M","R","E","?","T","R","M","E","?","$","R","B",null,"M","M","M","$","M","E"],"character_chosen":"IRONCLAD","items_purchased":["Secret Weapon"],"campfire_rested":1,"item_purchase_floors":[14],"current_hp_per_floor":[79,79,80,80,71,71,76,54,54,54,53,53,42,42,66,58,80,58,62,52,52,45,0],"gold":99,"neow_bonus":"UPGRADE_CARD","is_prod":false,"is_daily":false,"chose_seed":false,"campfire_upgraded":2,"win_rate":0,"timestamp":1544941652,"path_taken":["M","M","M","?","M","R","E","?","T","R","M","E","?","$","R","BOSS","M","M","M","$","M","E"],"build_version":"2018-12-13","purchased_purges":2,"victory":false,"max_hp_per_floor":[80,80,80,80,80,80,80,80,80,80,80,80,80,80,80,80,80,80,80,80,80,80,80],"card_choices":[{"not_picked":["Headbutt","Flame Barrier"],"picked":"Dropkick","floor":1},{"not_picked":["Pummel","Headbutt"],"picked":"Cleave","floor":2},{"not_picked":["Rampage","Hemokinesis"],"picked":"Searing Blow","floor":3},{"not_picked":["Flex","Rage"],"picked":"True Grit","floor":5},{"not_picked":["Heavy Blade","Anger"],"picked":"Feel No Pain","floor":7},{"not_picked":["Uppercut","Sword Boomerang"],"picked":"Havoc","floor":8},{"not_picked":["Pommel Strike","Cleave"],"picked":"Armaments","floor":11},{"not_picked":["Clash","Demon Form"],"picked":"Headbutt","floor":12},{"not_picked":["Fiend Fire","Limit Break"],"picked":"Exhume","floor":16},{"not_picked":["Havoc"],"picked":"SKIP","floor":18},{"not_picked":[],"picked":"Shockwave","floor":19},{"not_picked":["Anger"],"picked":"SKIP","floor":20},{"not_picked":["Armaments"],"picked":"SKIP","floor":22}],"player_experience":532619,"relics_obtained":[{"floor":7,"key":"Blood Vial"},{"floor":8,"key":"Odd Mushroom"},{"floor":12,"key":"Orichalcum"}],"event_choices":[{"cards_removed":["Strike_R"],"damage_healed":0,"gold_gain":0,"player_choice":"Card Removal","damage_taken":0,"max_hp_gain":0,"max_hp_loss":0,"event_name":"The Cleric","floor":4,"gold_loss":50},{"damage_healed":0,"gold_gain":0,"player_choice":"Fought Mushrooms","damage_taken":0,"max_hp_gain":0,"max_hp_loss":0,"event_name":"Mushrooms","floor":8,"gold_loss":0},{"damage_healed":0,"gold_gain":75,"player_choice":"Gather Gold","damage_taken":11,"max_hp_gain":0,"max_hp_loss":0,"event_name":"World of Goop","floor":13,"gold_loss":0}],"is_beta":false,"boss_relics":[{"not_picked":["Coffee Dripper","Fusion Hammer"],"picked":"Busted Crown"}],"items_purged_floors":[14,21],"is_endless":false,"potions_floor_spawned":[3,5,7,11,19,20],"killed_by":"Gremlin Leader","ascension_level":1}