{"gold_per_floor":[414,425,445,445,465,465,490,511,535,535,548,578,578,578,578,699,699,699,699,372,372,342,342,342,342,342,342,342,342,342,342,342,342],"floor_reached":33,"playtime":3401,"items_purged":[],"score":261,"play_id":"e2de837a-1ece-4d3f-be87-4ac49224485f","local_time":"20190323202650","is_ascension_mode":false,"campfire_choices":[{"floor":6,"key":"REST"},{"floor":10,"key":"REST"},{"floor":13,"key":"REST"},{"floor":15,"key":"REST"},{"floor":23,"key":"REST"},{"floor":25,"key":"REST"},{"floor":32,"key":"REST"}],"neow_cost":"NONE","seed_source_timestamp":7270567384545,"circlet_count":0,"master_deck":["Defend_G","Defend_G","Defend_G","Defend_G","Defend_G","Strike_G","Strike_G","Strike_G","Strike_G","Strike_G","Survivor","Neutralize","Decay","Normality","Clumsy","Slice+1","Outmaneuver","Flying Knee+1","Backflip","Well Laid Plans+1","Choke","Noxious Fumes","Acrobatics","Unload","Blade Dance+1","Infinite Blades","Flechettes+1","Dash+1","Riddle With Holes+1","Finisher+1","PiercingWail","A Thousand Cuts"],"relics":["Calling Bell","Orichalcum","Matryoshka","Old Coin","Golden Idol","Whetstone","Potion Belt","Odd Mushroom","Ectoplasm","Molten Egg 2","Pen Nib","Smiling Mask","Bottled Tornado"],"potions_floor_usage":[16,16,16,24,29,30,31,31,33,33,33],"damage_taken":[{"damage":9,"enemies":"Cultist","floor":1,"turns":6},{"damage":0,"enemies":"Small Slimes","floor":2,"turns":5},{"damage":4,"enemies":"Jaw Worm","floor":3,"turns":4},{"damage":10,"enemies":"3 Louse","floor":5,"turns":4},{"damage":10,"enemies":"Red Slaver","floor":7,"turns":5},{"damage":2,"enemies":"Blue Slaver","floor":8,"turns":5},{"damage":12,"enemies":"Large Slime","floor":11,"turns":8},{"damage":19,"enemies":"The Mushroom Lair","floor":12,"turns":4},{"damage":68,"enemies":"Hexaghost","floor":16,"turns":13},{"damage":30,"enemies":"Shell Parasite","floor":18,"turns":7},{"damage":50,"enemies":"Slavers","floor":24,"turns":7},{"damage":11,"enemies":"3 Byrds","floor":27,"turns":5},{"damage":4,"enemies":"Snecko","floor":28,"turns":5},{"damage":10,"enemies":"Centurion and Healer","floor":29,"turns":6},{"damage":0,"enemies":"Sentry and Sphere","floor":30,"turns":1},{"damage":0,"enemies":"Snake Plant","floor":31,"turns":3},{"damage":39,"enemies":"Champ","floor":33,"turns":10}],"seed_played":"-1340901982905058103","potions_obtained":[{"floor":1,"key":"Fire Potion"},{"floor":3,"key":"Strength Potion"},{"floor":11,"key":"GamblersBrew"},{"floor":12,"key":"Fruit Juice"},{"floor":18,"key":"GhostInAJar"},{"floor":22,"key":"Strength Potion"},{"floor":22,"key":"SmokeBomb"},{"floor":27,"key":"EssenceOfSteel"},{"floor":29,"key":"SpeedPotion"},{"floor":31,"key":"GamblersBrew"}],"is_trial":false,"path_per_floor":["M","?","?","?","?","?","?"],"character_chosen":"THE_SILENT","items_purchased":["Molten Egg 2","Flechettes+1","Swift Potion"],"campfire_rested":7,"item_purchase_floors":[20,20,20],"current_hp_per_floor":[61,61,57,40,30,51,41,39,39,60,48,29,50,50,70,7,75,45,45,45,45,45,67,17,39,39,28,24,14,14,14,36,0],"gold":342,"neow_bonus":"BOSS_RELIC","is_prod":false,"is_daily":false,"chose_seed":false,"campfire_upgraded":0,"win_rate":0.0,"timestamp":1553387210,"path_taken":["M","?","M","?","M","R","M","M","T","R","M","?","R","?","R","BOSS","M","?","$","?","?","R","E","R","T","M","M","M","M","M","R","BOSS"],"build_version":"2019-01-23","purchased_purges":0,"victory":false,"max_hp_per_floor":[70,70,70,70,70,70,70,70,70,70,70,70,70,70,70,75,75,75,75,75,75,75,75,75,75,75,75,75,75,75,75,75,75],"card_choices":[{"not_picked":["PiercingWail","Reflex"],"picked":"Slice","floor":1},{"not_picked":["Terror","PiercingWail"],"picked":"Outmaneuver","floor":2},{"not_picked":["Escape Plan","Slice"],"picked":"Flying Knee","floor":3},{"not_picked":["Dodge and Roll","Terror"],"picked":"Backflip","floor":5},{"not_picked":["Slice","Underhanded Strike"],"picked":"Well Laid Plans","floor":7},{"not_picked":["Quick Slash","Heel Hook"],"picked":"Choke","floor":8},{"not_picked":["Leg Sweep","Underhanded Strike"],"picked":"Noxious Fumes","floor":11},{"not_picked":["Riddle With Holes","Footwork"],"picked":"Acrobatics","floor":12},{"not_picked":["Envenom","Phantasmal Killer"],"picked":"Unload","floor":16},{"not_picked":["Slice","Quick Slash"],"picked":"Blade Dance+1","floor":18},{"not_picked":["Calculated Gamble","Dodge and Roll"],"picked":"Dash+1","floor":24},{"not_picked":["Prepared","Eviscerate+1"],"picked":"Riddle With Holes+1","floor":27},{"not_picked":["Acrobatics+1","Sucker Punch+1"],"picked":"Finisher+1","floor":28},{"not_picked":["Flechettes+1","Poisoned Stab+1"],"picked":"PiercingWail","floor":29},{"not_picked":["Flying Knee+1","Finisher+1"],"picked":"A Thousand Cuts","floor":31}],"player_experience":30117,"relics_obtained":[{"floor":0,"key":"Orichalcum"},{"floor":0,"key":"Matryoshka"},{"floor":0,"key":"Old Coin"},{"floor":9,"key":"Whetstone"},{"floor":9,"key":"Potion Belt"},{"floor":12,"key":"Odd Mushroom"},{"floor":24,"key":"Pen Nib"},{"floor":26,"key":"Smiling Mask"},{"floor":26,"key":"Bottled Tornado"}],"event_choices":[{"damage_healed":0,"gold_gain":0,"player_choice":"Take Damage","damage_taken":17,"relics_obtained":["Golden Idol"],"max_hp_gain":0,"max_hp_loss":0,"event_name":"Golden Idol","floor":4,"gold_loss":0},{"damage_healed":0,"gold_gain":0,"player_choice":"Fought Mushrooms","damage_taken":0,"max_hp_gain":0,"max_hp_loss":0,"event_name":"Mushrooms","floor":12,"gold_loss":0},{"damage_healed":0,"gold_gain":0,"player_choice":"Upgraded","damage_taken":0,"max_hp_gain":0,"max_hp_loss":0,"event_name":"Upgrade Shrine","floor":14,"gold_loss":0,"cards_upgraded":["Well Laid Plans"]},{"damage_healed":0,"gold_gain":0,"player_choice":"Read","damage_taken":0,"max_hp_gain":0,"max_hp_loss":0,"event_name":"The Library","floor":19,"gold_loss":0,"cards_obtained":["Infinite Blades"]},{"damage_healed":0,"gold_gain":0,"player_choice":"Ignored","damage_taken":0,"max_hp_gain":0,"max_hp_loss":0,"event_name":"Beggar","floor":21,"gold_loss":0},{"damage_healed":0,"gold_gain":0,"player_choice":"Bought 2 Potions","damage_taken":0,"max_hp_gain":0,"max_hp_loss":0,"event_name":"The Woman in Blue","floor":22,"gold_loss":0}],"is_beta":false,"boss_relics":[{"not_picked":["Philosopher\u0027s Stone","White Beast Statue"],"picked":"Ectoplasm"}],"items_purged_floors":[],"is_endless":false,"potions_floor_spawned":[1,3,11,12,18,27,29,31],"killed_by":"Champ","ascension_level":0}