{"gold_per_floor":[114,114,189,199,216,241,241,266,292,292,292,305,305,305,305,409,409,427,208,226,242,242,270,282,326,386,398,424,436,458,470],"floor_reached":31,"playtime":1415,"items_purged":["Parasite"],"score":408,"play_id":"53e9dda5-8e2a-41d6-9e38-f866f8dd5272","local_time":"20190322032753","is_ascension_mode":true,"campfire_choices":[{"floor":7,"key":"REST"},{"data":"Conserve Battery","floor":11,"key":"SMITH"},{"data":"Conserve Battery","floor":13,"key":"SMITH"},{"data":"Electrodynamics","floor":15,"key":"SMITH"},{"data":"White Noise","floor":24,"key":"SMITH"},{"data":"Zap","floor":27,"key":"SMITH"},{"data":"Sweeping Beam","floor":29,"key":"SMITH"}],"neow_cost":"NONE","seed_source_timestamp":190737628035806,"circlet_count":0,"master_deck":["Zap+1","Dualcast","Reprogram","Reboot","Biased Cognition+1","Electrodynamics+1","Conserve Battery+1","Amplify","Doom and Gloom","Core Surge","Conserve Battery+1","Ball Lightning","Cold Snap","Sweeping Beam+1","Hologram","Conserve Battery+1","Conserve Battery+1","White Noise+1","Cold Snap","Coolheaded+1","Ball Lightning","Skim"],"relics":["Pandora\u0027s Box","Oddly Smooth Stone","Bag of Marbles","DataDisk","Inserter","PreservedInsect","MawBank","Anchor","Vajra"],"potions_floor_usage":[16,25,28,28,30],"damage_taken":[{"damage":8,"enemies":"2 Louse","floor":1,"turns":2},{"damage":0,"enemies":"Jaw Worm","floor":4,"turns":2},{"damage":12,"enemies":"Small Slimes","floor":5,"turns":3},{"damage":18,"enemies":"Gremlin Nob","floor":6,"turns":3},{"damage":10,"enemies":"3 Sentries","floor":8,"turns":2},{"damage":0,"enemies":"Exordium Wildlife","floor":12,"turns":2},{"damage":0,"enemies":"Slime Boss","floor":16,"turns":5},{"damage":6,"enemies":"Shell Parasite","floor":18,"turns":5},{"damage":8,"enemies":"3 Byrds","floor":20,"turns":3},{"damage":1,"enemies":"Cultist and Chosen","floor":21,"turns":3},{"damage":18,"enemies":"Gremlin Leader","floor":23,"turns":4},{"damage":22,"enemies":"Slavers","floor":25,"turns":4},{"damage":0,"enemies":"Chosen and Byrds","floor":28,"turns":3},{"damage":8,"enemies":"Snake Plant","floor":30,"turns":3},{"damage":13,"enemies":"Snecko","floor":31,"turns":3}],"seed_played":"-879365118512115763","potions_obtained":[{"floor":8,"key":"Fire Potion"},{"floor":12,"key":"SkillPotion"},{"floor":18,"key":"Explosive Potion"},{"floor":20,"key":"SteroidPotion"},{"floor":23,"key":"AttackPotion"},{"floor":25,"key":"GamblersBrew"}],"is_trial":false,"path_per_floor":["M","?","?","M","M","E","R","E","T","?","R","M","R","?","R","B",null,"M","$","M","M","?","E","R","E","T","R","M","R","M","M"],"character_chosen":"DEFECT","items_purchased":["PreservedInsect"],"campfire_rested":1,"item_purchase_floors":[19],"current_hp_per_floor":[67,52,41,41,29,11,33,23,23,23,23,23,23,41,41,41,75,69,69,61,60,60,42,42,20,20,20,20,20,12,0],"gold":470,"neow_bonus":"BOSS_RELIC","is_prod":false,"is_daily":false,"chose_seed":false,"campfire_upgraded":6,"win_rate":0,"timestamp":1553243273,"path_taken":["M","?","?","M","M","E","R","E","T","?","R","M","R","?","R","BOSS","M","$","M","M","?","E","R","E","T","R","?","R","M","M"],"build_version":"2019-01-23","purchased_purges":1,"victory":false,"max_hp_per_floor":[75,75,75,75,75,75,75,75,75,75,75,75,75,75,75,75,75,75,72,72,72,72,72,72,72,72,72,72,72,72,72],"card_choices":[{"not_picked":["Ball Lightning","Redo"],"picked":"Conserve Battery","floor":1},{"not_picked":["Hologram","Aggregate"],"picked":"Ball Lightning","floor":4},{"not_picked":["Doom and Gloom","Barrage"],"picked":"Cold Snap","floor":5},{"not_picked":["FTL","Compile Driver"],"picked":"Sweeping Beam","floor":6},{"not_picked":["Tempest","Gash"],"picked":"Hologram","floor":8},{"not_picked":["Hello World","Rebound"],"picked":"Conserve Battery","floor":12},{"not_picked":["Fission","Hyperbeam"],"picked":"Echo Form","floor":16},{"not_picked":["Turbo","Stack+1"],"picked":"Conserve Battery+1","floor":18},{"not_picked":["Turbo+1","Leap"],"picked":"White Noise","floor":20},{"not_picked":["Stack","Conserve Battery"],"picked":"Cold Snap","floor":21},{"not_picked":["Fusion+1","Thunder Strike","Barrage"],"picked":"SKIP","floor":23},{"not_picked":["Thunder Strike","Recycle"],"picked":"Coolheaded+1","floor":25},{"not_picked":["Leap","Blizzard"],"picked":"Ball Lightning","floor":28},{"not_picked":["Steam Power","Barrage"],"picked":"Skim","floor":30}],"player_experience":99434,"relics_obtained":[{"floor":6,"key":"Oddly Smooth Stone"},{"floor":8,"key":"Bag of Marbles"},{"floor":9,"key":"DataDisk"},{"floor":23,"key":"MawBank"},{"floor":25,"key":"Anchor"},{"floor":26,"key":"Vajra"}],"event_choices":[{"damage_healed":0,"gold_gain":0,"player_choice":"Entered Light","damage_taken":15,"max_hp_gain":0,"max_hp_loss":0,"event_name":"Shining Light","floor":2,"gold_loss":0,"cards_upgraded":["Biased Cognition","Conserve Battery"]},{"damage_healed":0,"gold_gain":75,"player_choice":"Gather Gold","damage_taken":11,"max_hp_gain":0,"max_hp_loss":0,"event_name":"World of Goop","floor":3,"gold_loss":0},{"damage_healed":0,"gold_gain":0,"player_choice":"Fled","damage_taken":0,"max_hp_gain":0,"max_hp_loss":0,"event_name":"Scrap Ooze","floor":10,"gold_loss":0},{"damage_healed":18,"gold_gain":0,"player_choice":"Healed and dodged fight","damage_taken":0,"max_hp_gain":0,"max_hp_loss":0,"event_name":"Mushrooms","floor":14,"gold_loss":0,"cards_obtained":["Parasite"]},{"cards_removed":["Echo Form"],"damage_healed":0,"gold_gain":0,"player_choice":"Purged","damage_taken":0,"max_hp_gain":0,"max_hp_loss":0,"event_name":"Purifier","floor":22,"gold_loss":0}],"is_beta":false,"boss_relics":[{"not_picked":["Empty Cage","Lizard Tail"],"picked":"Inserter"}],"items_purged_floors":[19],"is_endless":false,"potions_floor_spawned":[8,12,18,20,23,25],"killed_by":"Snecko","ascension_level":3}