{"gold_per_floor":[112,112,125,136,152,152,183,195,195,195,208,208,223,242,242,242],"floor_reached":16,"playtime":1378,"items_purged":[],"score":117,"play_id":"b47ab8b9-fb4c-4da2-bb6a-d12f34f583d4","local_time":"20190106192701","is_ascension_mode":true,"campfire_choices":[{"data":"Infinite Blades","floor":6,"key":"SMITH"},{"floor":10,"key":"REST"},{"data":"Backflip","floor":12,"key":"SMITH"},{"floor":15,"key":"REST"}],"neow_cost":"NONE","seed_source_timestamp":1450348221772307,"circlet_count":0,"master_deck":["Defend_G","Defend_G","Defend_G","Strike_G","Strike_G","Strike_G","Strike_G","Strike_G","Survivor","Neutralize","Cloak And Dagger","Deadly Poison","Poisoned Stab","Infinite Blades+1","Backflip+1","Leg Sweep","Dagger Throw","Venomology"],"relics":["Ring of the Snake","Du-Vu Doll","Bottled Lightning"],"potions_floor_usage":[7,16],"damage_taken":[{"damage":1,"enemies":"Small Slimes","floor":1,"turns":3},{"damage":0,"enemies":"Cultist","floor":3,"turns":3},{"damage":0,"enemies":"Jaw Worm","floor":4,"turns":3},{"damage":21,"enemies":"Gremlin Gang","floor":5,"turns":5},{"damage":21,"enemies":"3 Sentries","floor":7,"turns":6},{"damage":1,"enemies":"Large Slime","floor":8,"turns":6},{"damage":7,"enemies":"Exordium Thugs","floor":11,"turns":5},{"damage":0,"enemies":"Blue Slaver","floor":13,"turns":4},{"damage":11,"enemies":"3 Louse","floor":14,"turns":4},{"damage":52,"enemies":"Slime Boss","floor":16,"turns":9}],"seed_played":"4919888319487933341","potions_obtained":[{"floor":1,"key":"Dexterity Potion"},{"floor":5,"key":"SkillPotion"}],"is_trial":false,"path_per_floor":["M","?","M","M","M","R","E","M","T","R","M","R","M","M","R","B"],"character_chosen":"THE_SILENT","items_purchased":[],"campfire_rested":2,"item_purchase_floors":[],"current_hp_per_floor":[69,69,69,69,48,48,27,26,26,47,40,40,40,29,50,0],"gold":242,"neow_bonus":"TRANSFORM_CARD","is_prod":false,"is_daily":false,"chose_seed":false,"campfire_upgraded":2,"win_rate":0,"timestamp":1546831621,"path_taken":["M","?","?","M","M","R","E","?","T","R","?","R","M","M","R","BOSS"],"build_version":"2019-01-03v4","purchased_purges":0,"victory":false,"max_hp_per_floor":[70,70,70,70,70,70,70,70,70,70,70,70,70,70,70,70],"card_choices":[{"not_picked":["Skewer","Deflect"],"picked":"Deadly Poison","floor":1},{"not_picked":["Acrobatics","Quick Slash"],"picked":"Poisoned Stab","floor":3},{"not_picked":["Dodge and Roll","PiercingWail","Acrobatics"],"picked":"SKIP","floor":4},{"not_picked":["Slice","Tools of the Trade"],"picked":"Infinite Blades","floor":5},{"not_picked":["Masterful Stab","Outmaneuver"],"picked":"Backflip","floor":7},{"not_picked":["Eviscerate","Flying Knee"],"picked":"Leg Sweep","floor":8},{"not_picked":["Riddle With Holes","All Out Attack"],"picked":"Dagger Throw","floor":11},{"not_picked":["PiercingWail","Well Laid Plans","Terror"],"picked":"SKIP","floor":13},{"not_picked":["Accuracy","Bouncing Flask"],"picked":"Venomology","floor":14}],"player_experience":575493,"relics_obtained":[{"floor":7,"key":"Du-Vu Doll"},{"floor":9,"key":"Bottled Lightning"}],"event_choices":[{"cards_removed":["Defend_G"],"damage_healed":0,"gold_gain":0,"player_choice":"Card Removal","damage_taken":0,"max_hp_gain":0,"max_hp_loss":0,"event_name":"Wheel of Change","floor":2,"gold_loss":0}],"is_beta":false,"boss_relics":[],"items_purged_floors":[],"is_endless":false,"potions_floor_spawned":[1,5],"killed_by":"Slime Boss","ascension_level":2}