{"path_per_floor":["M","M","?","M","M","R","E","M","T","M","R","?","M","E","R","B",null,"M","?","M","$","?","R"],"character_chosen":"IRONCLAD","items_purchased":["Toolbox","Toxic Egg 2"],"gold_per_floor":[109,119,172,184,200,200,233,247,247,265,265,320,333,363,363,461,461,481,481,496,1,1,1],"floor_reached":24,"campfire_rested":0,"playtime":2091,"current_hp_per_floor":[80,80,80,80,79,79,82,79,79,77,77,69,75,58,58,27,90,69,53,31,31,31,31],"items_purged":[],"gold":1,"score":208,"play_id":"57e84203-8bc0-4cf1-9ea4-45378ec07438","is_prod":false,"is_daily":false,"is_ascension_mode":false,"campfire_upgraded":4,"path_taken":["M","M","?","M","M","R","E","M","T","M","R","?","M","E","R","BOSS","M","?","M","$","?","R","E"],"build_version":"2018-02-08-PROD1","purchased_purges":0,"victory":false,"master_deck":["Strike_R","Strike_R","Strike_R","Strike_R","Defend_R","Defend_R","Defend_R","Defend_R","Bash","Sword Boomerang","Uppercut","Shrug It Off","Perfected Strike","Hemokinesis+1","Berserk+1","Pommel Strike","Rampage+1","Warcry","Armaments+1","Headbutt","Demon Form","Dual Wield","Burning Pact"],"max_hp_per_floor":[80,80,80,80,80,80,90,90,90,90,90,90,90,90,90,90,90,90,90,90,90,90,90],"relics":["Burning Blood","Pear","Ginger","Ancient Tea Set","Gremlin Horn","White Beast Statue","Nilry\u0027s Codex","Toolbox","Toxic Egg 2"],"card_choices":[{"not_picked":["Clash","Armaments"],"picked":"Uppercut"},{"not_picked":["Flex","True Grit"],"picked":"Shrug It Off"},{"not_picked":["Clash","Cleave"],"picked":"Perfected Strike"},{"not_picked":["Thunderclap","Flame Barrier"],"picked":"Hemokinesis"},{"not_picked":["Warcry","Limit Break"],"picked":"Berserk"},{"not_picked":["Thunderclap","Cleave"],"picked":"Pommel Strike"},{"not_picked":["Anger","Perfected Strike"],"picked":"Rampage"},{"not_picked":["Pommel Strike","Body Slam"],"picked":"Warcry"},{"not_picked":["Clothesline","Heavy Blade"],"picked":"Armaments"},{"not_picked":["Heavy Blade","Sever Soul"],"picked":"Headbutt"},{"not_picked":["Immolate","Dark Embrace"],"picked":"Demon Form"},{"not_picked":["Body Slam","Perfected Strike"],"picked":"Dual Wield"},{"not_picked":["Disarm","Perfected Strike"],"picked":"Burning Pact"}],"player_experience":25558,"potions_floor_usage":[7,12,13,16,20,24,24],"damage_taken":[{"damage":6,"enemies":"Cultist","floor":1,"turns":5},{"damage":2,"enemies":"Jaw Worm","floor":2,"turns":5},{"damage":0,"enemies":"2 Louse","floor":4,"turns":3},{"damage":7,"enemies":"Red Slaver","floor":5,"turns":5},{"damage":13,"enemies":"Gremlin Nob","floor":7,"turns":3},{"damage":9,"enemies":"3 Louse","floor":8,"turns":3},{"damage":8,"enemies":"Exordium Wildlife","floor":10,"turns":4},{"damage":14,"enemies":"Gremlin Nob","floor":12,"turns":3},{"damage":0,"enemies":"Gremlin Gang","floor":13,"turns":2},{"damage":23,"enemies":"3 Sentries","floor":14,"turns":6},{"damage":37,"enemies":"The Guardian","floor":16,"turns":8},{"damage":27,"enemies":"Spheric Guardian","floor":18,"turns":4},{"damage":28,"enemies":"2 Thieves","floor":20,"turns":3},{"damage":47,"enemies":"Gremlin Leader","floor":24,"turns":7}],"event_choices":[{"event_name":"Golden Wing","player_choice":"Gained Gold","floor":3,"damage_taken":0},{"event_name":"Dead Adventurer","player_choice":"Searched \u00272\u0027 times","floor":12,"damage_taken":0},{"event_name":"Cursed Tome","player_choice":"Obtained Book","floor":19,"damage_taken":0},{"event_name":"Beggar","player_choice":"Ignored","floor":22,"damage_taken":0}],"boss_relics":[{"not_picked":["Runic Pyramid","Question Card"],"picked":"White Beast Statue"}],"potions_floor_spawned":[5,7,10,12,12,18,20],"seed_played":"-6379193242936762323","killed_by":"Gremlin Leader","ascension_level":0,"is_trial":false}