{"path_per_floor":["M","M","?","M","M","R","$","R","T","R","M","E","T","E","R","B",null,"M","$","M","?","M","R","E","?","T","R","M","?","R","$","R"],"character_chosen":"IRONCLAD","items_purchased":["Cleave","Shrug It Off","Feel No Pain","True Grit","Body Slam"],"gold_per_floor":[117,135,135,151,170,170,24,24,104,104,120,149,176,210,210,313,313,327,104,122,122,142,142,168,168,219,219,234,234,234,60,60],"floor_reached":33,"campfire_rested":1,"playtime":1350,"current_hp_per_floor":[86,86,86,88,76,76,76,76,76,76,74,61,61,51,51,38,76,84,84,58,58,38,64,37,37,44,44,45,45,45,45,45],"items_purged":["Strike_R","Strike_R","Normality"],"gold":60,"score":420,"play_id":"bcb472f1-8ca2-4079-8c39-206e1ad4bc4a","is_prod":false,"is_daily":false,"is_ascension_mode":true,"campfire_upgraded":7,"path_taken":["M","M","?","?","M","R","$","R","T","R","M","E","?","E","R","BOSS","M","$","M","?","M","R","E","?","T","R","M","?","R","$","R","BOSS"],"build_version":"2018-02-15-PROD1","purchased_purges":3,"victory":false,"master_deck":["Strike_R","Defend_R","Defend_R","Defend_R","Defend_R","Bash","Shrug It Off","Twin Strike","Shockwave+1","Iron Wave+1","Cleave+1","Shrug It Off","Flame Barrier","Double Tap+1","Body Slam+1","Feel No Pain","True Grit+1","Shrug It Off","Fiend Fire","Shrug It Off+1","Offering","Evolve+1","Body Slam+1"],"max_hp_per_floor":[88,88,88,88,88,88,88,88,88,88,88,88,88,88,88,88,88,88,88,88,88,88,88,88,88,95,95,95,95,95,95,95],"relics":["Burning Blood","Centennial Puzzle","Blood Vial","Happy Flower","Kunai","Velvet Choker","Molten Egg 2","Strawberry","Vajra"],"card_choices":[{"not_picked":["Feel No Pain","Flex"],"picked":"Shrug It Off"},{"not_picked":["Clothesline","Flex"],"picked":"Twin Strike"},{"not_picked":["Blood for Blood","Ghostly Armor"],"picked":"Shockwave"},{"not_picked":["Warcry","Uppercut"],"picked":"Iron Wave"},{"not_picked":["Corruption","Iron Wave"],"picked":"Flame Barrier"},{"not_picked":["Thunderclap","Heavy Blade"],"picked":"Double Tap"},{"not_picked":["Burning Pact","Heavy Blade"],"picked":"Body Slam"},{"not_picked":["Sword Boomerang","Iron Wave"],"picked":"Shrug It Off"},{"not_picked":["Anger","Metallicize"],"picked":"Shrug It Off"},{"not_picked":["Clash","Wild Strike"],"picked":"Offering"},{"not_picked":["Shockwave","Clash"],"picked":"Evolve"}],"player_experience":141898,"potions_floor_usage":[16,16,16],"damage_taken":[{"damage":0,"enemies":"Small Slimes","floor":1,"turns":4},{"damage":6,"enemies":"Cultist","floor":2,"turns":4},{"damage":2,"enemies":"Jaw Worm","floor":4,"turns":4},{"damage":18,"enemies":"Lots of Slimes","floor":5,"turns":4},{"damage":8,"enemies":"Exordium Thugs","floor":11,"turns":4},{"damage":19,"enemies":"Gremlin Nob","floor":12,"turns":5},{"damage":18,"enemies":"Lagavulin","floor":14,"turns":7},{"damage":21,"enemies":"The Guardian","floor":16,"turns":11},{"damage":0,"enemies":"Chosen","floor":18,"turns":4},{"damage":34,"enemies":"Spheric Guardian","floor":20,"turns":8},{"damage":28,"enemies":"Centurion and Healer","floor":22,"turns":8},{"damage":35,"enemies":"Gremlin Leader","floor":24,"turns":6},{"damage":7,"enemies":"Snake Plant","floor":28,"turns":5},{"damage":64,"enemies":"Automaton","floor":33,"turns":6}],"event_choices":[{"event_name":"Bonfire Elementals","player_choice":"BASIC","floor":3,"damage_taken":0},{"event_name":"Match and Keep!","player_choice":"1 cards matched","floor":21,"damage_taken":0},{"event_name":"Back to Basics","player_choice":"Elegance","floor":25,"damage_taken":0},{"event_name":"Accursed Blacksmith","player_choice":"Rummage","floor":29,"damage_taken":0}],"boss_relics":[{"not_picked":["Lizard Tail","Astrolabe"],"picked":"Velvet Choker"}],"potions_floor_spawned":[2,11,12,14,18,24],"seed_played":"2549227448549915134","killed_by":"Automaton","ascension_level":7,"is_trial":false}