{"gold_per_floor":[114,133,133,153,166,166,45,76,76,76,3,3,34,49,49,148,148,163,78,94,94,18,18,49,0,0,34,34,53,53],"floor_reached":30,"playtime":3165,"items_purged":["Defend_G"],"score":442,"play_id":"350388ea-44f6-485b-bf9d-94c7fff19173","local_time":"20180730215704","is_ascension_mode":true,"campfire_choices":[{"data":"Leg Sweep","floor":6.0,"key":"SMITH"},{"data":"Quick Slash","floor":10.0,"key":"SMITH"},{"data":"1","floor":15.0,"key":"LIFT"},{"data":"2","floor":23,"key":"LIFT"},{"floor":28,"key":"REST"}],"neow_cost":"NONE","seed_source_timestamp":530861338626489,"circlet_count":0,"master_deck":["Defend_G","Defend_G","Defend_G","Defend_G","Strike_G","Strike_G","Strike_G","Strike_G","Strike_G","Survivor","Neutralize+1","AscendersBane","Endless Agony","Slice+1","Leg Sweep+1","Dodge and Roll","Cloak And Dagger","Quick Slash+1","Backstab","Noxious Fumes","Dash+1","After Image","Dagger Spray","Dagger Spray","Neutralize","Noxious Fumes","Leg Sweep","Leg Sweep"],"special_seed":0,"relics":["Ring of the Snake","Vajra","Sundial","Calipers","Girya","Black Star","Omamori","Boot","Whetstone","Letter Opener","Ice Cream","Torii"],"potions_floor_usage":[24,27,27],"damage_taken":[{"damage":0.0,"enemies":"2 Louse","floor":1.0,"turns":3.0},{"damage":3.0,"enemies":"Small Slimes","floor":2.0,"turns":4.0},{"damage":0.0,"enemies":"Cultist","floor":4.0,"turns":3.0},{"damage":0.0,"enemies":"Blue Slaver","floor":5.0,"turns":4.0},{"damage":5.0,"enemies":"3 Sentries","floor":8.0,"turns":9.0},{"damage":7.0,"enemies":"Lagavulin","floor":13.0,"turns":6.0},{"damage":0.0,"enemies":"Looter","floor":14.0,"turns":2.0},{"damage":30.0,"enemies":"Slime Boss","floor":16.0,"turns":11.0},{"damage":6,"enemies":"Shell Parasite","floor":18,"turns":6},{"damage":0,"enemies":"Spheric Guardian","floor":20,"turns":3},{"damage":24,"enemies":"Slavers","floor":24,"turns":6},{"damage":16,"enemies":"Book of Stabbing","floor":27,"turns":4},{"damage":2,"enemies":"Snake Plant","floor":29,"turns":3},{"damage":36,"enemies":"Slavers","floor":30,"turns":4}],"seed_played":"1446500073862087380","potions_obtained":[{"floor":2.0,"key":"Poison Potion"},{"floor":4.0,"key":"EssenceOfSteel"},{"floor":8.0,"key":"GhostInAJar"},{"floor":13.0,"key":"Poison Potion"},{"floor":18,"key":"GhostInAJar"},{"floor":20,"key":"SteroidPotion"}],"is_trial":false,"path_per_floor":["M","M","?","M","M","R","$","E","T","R","$","?","E","M","R","B",null,"M","?","M","?","$","R","E","$","T","E","R","M"],"character_chosen":"THE_SILENT","items_purchased":["Cloak And Dagger","Backstab","Noxious Fumes","Fire Potion"],"campfire_rested":1,"item_purchase_floors":[7,11,22,25],"current_hp_per_floor":[63,60,60,60,60,60,60,55,55,55,55,60,53,53,53,23,62,56,56,56,56,56,56,32,32,32,16,38,36,0],"gold":53,"neow_bonus":"RANDOM_COMMON_RELIC","is_prod":false,"is_daily":false,"chose_seed":false,"campfire_upgraded":2,"win_rate":0,"timestamp":1532951824,"path_taken":["M","M","?","M","?","R","$","E","T","R","$","?","E","M","R","BOSS","M","?","M","?","$","R","E","?","T","E","R","M","E"],"build_version":"2018-07-26","purchased_purges":1,"victory":false,"max_hp_per_floor":[70,70,70,70,70,70,70,70,70,70,70,75,75,75,75,75,75,75,75,75,75,75,75,75,75,75,75,75,75,75],"card_choices":[{"not_picked":["Poisoned Stab","Accuracy"],"picked":"Endless Agony","floor":1.0},{"not_picked":["Dagger Throw","Bane"],"picked":"Slice","floor":2.0},{"not_picked":["Accuracy","Quick Slash"],"picked":"Leg Sweep","floor":4.0},{"not_picked":["Concentrate","Calculated Gamble"],"picked":"Dodge and Roll","floor":5.0},{"not_picked":["Acrobatics","Sucker Punch"],"picked":"Quick Slash","floor":8.0},{"not_picked":["Grand Finale","Blade Dance"],"picked":"Noxious Fumes","floor":13.0},{"not_picked":["PiercingWail","Riddle With Holes"],"picked":"Dash","floor":14.0},{"not_picked":["Glass Knife","Tools of the Trade"],"picked":"After Image","floor":16.0},{"not_picked":["Outmaneuver","Slice"],"picked":"Dagger Spray","floor":18},{"not_picked":["Predator","Concentrate"],"picked":"Dagger Spray","floor":20},{"not_picked":["Noxious Fumes","Bane"],"picked":"Leg Sweep","floor":24},{"not_picked":["Prepared","Calculated Gamble","Concentrate"],"picked":"SKIP","floor":27},{"not_picked":["Dagger Spray+1","Tactician"],"picked":"Leg Sweep","floor":29}],"player_experience":291673,"relics_obtained":[{"floor":8.0,"key":"Sundial"},{"floor":9.0,"key":"Calipers"},{"floor":13.0,"key":"Girya"},{"floor":24,"key":"Boot"},{"floor":24,"key":"Whetstone"},{"floor":26,"key":"Letter Opener"},{"floor":27,"key":"Ice Cream"},{"floor":27,"key":"Torii"}],"event_choices":[{"event_name":"Living Wall","player_choice":"Grow","floor":3.0,"damage_taken":0.0},{"event_name":"Big Fish","player_choice":"Donut","floor":12.0,"damage_taken":0.0},{"event_name":"Addict","player_choice":"Obtained Relic","floor":19,"damage_taken":0},{"event_name":"Match and Keep!","player_choice":"1 cards matched","floor":21,"damage_taken":0}],"is_beta":false,"boss_relics":[{"not_picked":["Empty Cage","Philosopher\u0027s Stone"],"picked":"Black Star"}],"items_purged_floors":[7],"is_endless":false,"potions_floor_spawned":[2,4,5,8,13,18,20],"killed_by":"Slavers","ascension_level":12}