{"gold_per_floor":[217,232,232,249,263,298,316,328,355,355,112,112,128,143,143,248,248,266,266],"floor_reached":19,"playtime":1358,"items_purged":["Strike_B"],"score":173,"play_id":"65a1d02c-9766-42b6-9de3-656d927dbf84","local_time":"20181224193856","is_ascension_mode":false,"campfire_choices":[{"floor":10,"key":"REST"},{"floor":12,"key":"REST"},{"floor":15,"key":"REST"}],"neow_cost":"NONE","seed_source_timestamp":327862527769684,"circlet_count":0,"master_deck":["Strike_B","Strike_B","Strike_B","Defend_B","Defend_B","Defend_B","Zap","Dualcast","Double Energy","Lockon","Go for the Eyes","Darkness","Aggregate","Steam","Electrodynamics","Consume","Leap","White Noise"],"relics":["Cracked Core","Pen Nib","Centennial Puzzle","Membership Card","Philosopher\u0027s Stone"],"potions_floor_usage":[6,6,6,19],"damage_taken":[{"damage":5,"enemies":"Small Slimes","floor":1,"turns":3},{"damage":1,"enemies":"Cultist","floor":2,"turns":3},{"damage":14,"enemies":"2 Louse","floor":4,"turns":2},{"damage":6,"enemies":"2 Fungi Beasts","floor":5,"turns":3},{"damage":22,"enemies":"3 Sentries","floor":6,"turns":6},{"damage":8,"enemies":"Exordium Wildlife","floor":7,"turns":3},{"damage":9,"enemies":"Red Slaver","floor":8,"turns":3},{"damage":8,"enemies":"2 Fungi Beasts","floor":13,"turns":3},{"damage":13,"enemies":"3 Louse","floor":14,"turns":2},{"damage":26,"enemies":"Slime Boss","floor":16,"turns":7},{"damage":22,"enemies":"2 Thieves","floor":18,"turns":4},{"damage":7,"enemies":"Colosseum Slavers","floor":19,"turns":3},{"damage":59,"enemies":"Colosseum Nobs","floor":19,"turns":4}],"seed_played":"7936461317923929724","potions_obtained":[{"floor":2,"key":"Swift Potion"},{"floor":4,"key":"Energy Potion"},{"floor":5,"key":"Energy Potion"},{"floor":7,"key":"FearPotion"},{"floor":8,"key":"Poison Potion"},{"floor":18,"key":"Ancient Potion"}],"is_trial":false,"path_per_floor":["M","M","?","M","M","E","M","M","T","R","$","R","M","M","R","B",null,"M","?"],"character_chosen":"DEFECT","items_purchased":["Membership Card"],"campfire_rested":3,"item_purchase_floors":[11],"current_hp_per_floor":[70,69,69,55,49,27,19,10,10,32,32,54,46,33,55,29,75,53,0],"gold":266,"neow_bonus":"HUNDRED_GOLD","is_prod":false,"is_daily":false,"chose_seed":false,"campfire_upgraded":0,"win_rate":0,"timestamp":1545709136,"path_taken":["M","M","?","M","?","E","?","M","T","R","?","R","M","M","R","BOSS","M","?"],"build_version":"2018-12-20","purchased_purges":1,"victory":false,"max_hp_per_floor":[75,75,75,75,75,75,75,75,75,75,75,75,75,75,75,75,75,75,75],"card_choices":[{"not_picked":["Rebound","Hologram"],"picked":"Double Energy","floor":1},{"not_picked":["Redo","Cold Snap"],"picked":"Lockon","floor":2},{"not_picked":["Blizzard","Stack"],"picked":"Go for the Eyes","floor":4},{"not_picked":["Leap","Reprogram"],"picked":"Darkness","floor":5},{"not_picked":["Reinforced Body","Beam Cell"],"picked":"Aggregate","floor":6},{"not_picked":["Beam Cell","Doom and Gloom"],"picked":"Steam","floor":7},{"not_picked":["Compile Driver","Barrage"],"picked":"Electrodynamics","floor":8},{"not_picked":["Chill","Aggregate"],"picked":"Consume","floor":13},{"not_picked":["Sweeping Beam","Cold Snap"],"picked":"Leap","floor":14},{"not_picked":["Ball Lightning+1","Stack+1"],"picked":"White Noise","floor":18}],"player_experience":315284,"relics_obtained":[{"floor":6,"key":"Pen Nib"},{"floor":9,"key":"Centennial Puzzle"}],"event_choices":[{"cards_removed":["Defend_B"],"damage_healed":0,"gold_gain":0,"player_choice":"Offered Basic","damage_taken":0,"max_hp_gain":0,"max_hp_loss":0,"event_name":"Bonfire Elementals","floor":3,"gold_loss":0},{"damage_healed":0,"gold_gain":0,"player_choice":"Fight","damage_taken":0,"max_hp_gain":0,"max_hp_loss":0,"event_name":"Colosseum","floor":19,"gold_loss":0},{"damage_healed":0,"gold_gain":0,"player_choice":"Fought Nobs","damage_taken":0,"max_hp_gain":0,"max_hp_loss":0,"event_name":"Colosseum","floor":19,"gold_loss":0}],"is_beta":false,"boss_relics":[{"not_picked":["Runic Pyramid","Sozu"],"picked":"Philosopher\u0027s Stone"}],"items_purged_floors":[11],"is_endless":false,"potions_floor_spawned":[2,4,5,7,8,18],"killed_by":"Colosseum Nobs","ascension_level":0}