{"gold_per_floor":[109,109,109,109,109,109,69,89,112,126,149,149,25,40,40,165,165,185,185,203,203,72,107,107,145,172,206,224,237,237,251,251,377,377,397,420,444,508,306,306,330,361,361,386,132,465,490,490,490,490,490,490,96,124,124],"floor_reached":56,"playtime":3091,"items_purged":["Strike_R","Strike_R","Strike_R","Strike_R"],"score":1476,"play_id":"e8c91e96-41f6-4183-a3d1-7b91fdf359d8","local_time":"20190418235931","is_ascension_mode":true,"campfire_choices":[{"data":"Bash","floor":6,"key":"SMITH"},{"data":"Hemokinesis","floor":12,"key":"SMITH"},{"data":"Disarm","floor":15,"key":"SMITH"},{"data":"Cleave","floor":24,"key":"SMITH"},{"data":"True Grit","floor":30,"key":"SMITH"},{"floor":32,"key":"RECALL"},{"data":"Whirlwind","floor":40,"key":"SMITH"},{"data":"True Grit","floor":49,"key":"SMITH"},{"data":"Feel No Pain","floor":52,"key":"SMITH"}],"neow_cost":"NONE","seed_source_timestamp":87771302768715,"circlet_count":0,"master_deck":["Strike_R+1","Defend_R+1","Defend_R+1","Defend_R","Defend_R","Bash+1","True Grit+1","Hemokinesis+1","Disarm+1","Feel No Pain+1","Impervious","True Grit+1","Carnage","Cleave+1","Corruption","Flame Barrier+1","Demon Form","Armaments+1","Barricade","Whirlwind+1","True Grit+1","Shockwave","Clothesline","Uppercut"],"relics":["Burning Blood","Centennial Puzzle","Regal Pillow","Snecko Eye","MutagenicStrength","Bag of Preparation","PreservedInsect","Unceasing Top","Smiling Mask","Bronze Scales","Philosopher\u0027s Stone","Peace Pipe","Bag of Marbles","Paper Frog","Chemical X","Shuriken","Bottled Tornado","War Paint"],"potions_floor_usage":[16,18,23,33,50,55,55,55],"damage_taken":[{"damage":7,"enemies":"Small Slimes","floor":1,"turns":4},{"damage":0,"enemies":"2 Louse","floor":8,"turns":3},{"damage":0,"enemies":"Cultist","floor":10,"turns":3},{"damage":18,"enemies":"Lots of Slimes","floor":11,"turns":6},{"damage":4,"enemies":"Exordium Thugs","floor":14,"turns":4},{"damage":23,"enemies":"Hexaghost","floor":16,"turns":10},{"damage":2,"enemies":"Chosen","floor":18,"turns":6},{"damage":5,"enemies":"Shell Parasite","floor":20,"turns":8},{"damage":18,"enemies":"Slavers","floor":23,"turns":5},{"damage":7,"enemies":"Book of Stabbing","floor":25,"turns":4},{"damage":3,"enemies":"Slavers","floor":27,"turns":5},{"damage":1,"enemies":"3 Cultists","floor":28,"turns":5},{"damage":6,"enemies":"Snecko","floor":29,"turns":5},{"damage":2,"enemies":"Chosen and Byrds","floor":31,"turns":3},{"damage":29,"enemies":"Collector","floor":33,"turns":8},{"damage":0,"enemies":"Orb Walker","floor":35,"turns":4},{"damage":12,"enemies":"3 Shapes","floor":36,"turns":6},{"damage":20,"enemies":"Spire Growth","floor":37,"turns":4},{"damage":43,"enemies":"2 Orb Walkers","floor":38,"turns":7},{"damage":2,"enemies":"Maw","floor":41,"turns":8},{"damage":6,"enemies":"Nemesis","floor":42,"turns":5},{"damage":0,"enemies":"4 Shapes","floor":44,"turns":1},{"damage":0,"enemies":"Reptomancer","floor":47,"turns":1},{"damage":12,"enemies":"Awakened One","floor":50,"turns":7},{"damage":21,"enemies":"Shield and Spear","floor":54,"turns":4},{"damage":64,"enemies":"The Heart","floor":55,"turns":6}],"seed_played":"3501685659712877291","potions_obtained":[{"floor":1,"key":"Block Potion"},{"floor":10,"key":"FearPotion"},{"floor":18,"key":"Weak Potion"},{"floor":20,"key":"Fire Potion"},{"floor":27,"key":"Strength Potion"},{"floor":29,"key":"Explosive Potion"},{"floor":33,"key":"Regen Potion"},{"floor":36,"key":"Energy Potion"}],"is_trial":false,"path_per_floor":["M","?","?","?","?","R","$","M","T","M","M","R","$","M","R","B",null,"M","?","M","?","$","E","R","E","T","E","M","M","R","M","R","B",null,"M","M","M","?","$","R","M","E","T","M","$","?","E","?","R","B",null,"R","$","E","B",null],"character_chosen":"IRONCLAD","items_purchased":["Hemokinesis","Fire Potion","Cleave","Corruption","Bag of Marbles","Chemical X","Bottled Tornado","PowerPotion","Clothesline"],"campfire_rested":0,"item_purchase_floors":[7,13,22,22,39,45,53,53,53],"current_hp_per_floor":[87,75,57,35,35,35,35,41,41,47,35,35,35,37,37,20,88,88,88,88,88,88,76,76,75,75,78,83,83,83,87,87,64,88,88,82,68,31,31,31,35,35,35,41,41,41,47,47,47,41,88,88,88,73,15],"gold":124,"neow_bonus":"TEN_PERCENT_HP_BONUS","is_prod":false,"is_daily":false,"chose_seed":false,"campfire_upgraded":8,"win_rate":0,"timestamp":1555649971,"path_taken":["M","?","?","?","?","R","$","?","T","?","M","R","?","M","R","BOSS","M","?","M","?","$","E","R","E","T","E","M","M","R","M","R","BOSS","M","M","M","?","$","R","M","E","T","M","$","?","E","?","R","BOSS","R","$","E","BOSS"],"build_version":"2019-01-23","purchased_purges":4,"victory":true,"max_hp_per_floor":[88,88,88,88,88,88,88,88,88,88,88,88,88,88,88,88,88,88,88,88,88,88,88,88,88,88,88,88,88,88,88,88,88,88,88,88,88,88,88,88,88,88,88,88,88,88,88,88,88,88,88,88,88,88,88],"card_choices":[{"not_picked":["Hemokinesis","Flex"],"picked":"True Grit","floor":1},{"not_picked":["Infernal Blade","Dual Wield","Iron Wave"],"picked":"SKIP","floor":8},{"not_picked":["Bloodletting","Cleave"],"picked":"Disarm","floor":10},{"not_picked":["Wild Strike","Iron Wave"],"picked":"Feel No Pain","floor":11},{"not_picked":["Warcry","Heavy Blade","Bludgeon"],"picked":"SKIP","floor":14},{"not_picked":["Bludgeon","Brutality"],"picked":"Impervious","floor":16},{"not_picked":["Flex","Sword Boomerang+1"],"picked":"True Grit","floor":18},{"not_picked":["Rage","Twin Strike+1"],"picked":"Carnage","floor":20},{"not_picked":["Anger","True Grit+1"],"picked":"Flame Barrier","floor":23},{"not_picked":["Clothesline","Armaments"],"picked":"Demon Form","floor":25},{"not_picked":["Battle Trance","Offering"],"picked":"Shockwave","floor":27},{"not_picked":["Thunderclap","Infernal Blade","Body Slam"],"picked":"SKIP","floor":28},{"not_picked":["True Grit","Seeing Red"],"picked":"Armaments+1","floor":29},{"not_picked":["Thunderclap","Blood for Blood","Cleave"],"picked":"SKIP","floor":31},{"not_picked":["Dark Embrace","Limit Break"],"picked":"Barricade","floor":33},{"not_picked":["Sentinel+1","Intimidate+1","Warcry"],"picked":"SKIP","floor":35},{"not_picked":["Sword Boomerang","Blood for Blood","Clash+1"],"picked":"SKIP","floor":36},{"not_picked":["Body Slam","Blood for Blood","Pommel Strike"],"picked":"SKIP","floor":37},{"not_picked":["Armaments+1","Brutality"],"picked":"Whirlwind","floor":38},{"not_picked":["Wild Strike+1","Whirlwind","Armaments+1"],"picked":"SKIP","floor":41},{"not_picked":["Inflame","Clash"],"picked":"True Grit","floor":42},{"not_picked":["Pummel","Havoc+1","Power Through"],"picked":"SKIP","floor":44},{"not_picked":["Sword Boomerang+1","Seeing Red"],"picked":"Shockwave","floor":47},{"not_picked":["Clothesline+1","Sword Boomerang+1"],"picked":"Uppercut","floor":54}],"player_experience":236248,"relics_obtained":[{"floor":9,"key":"Regal Pillow"},{"floor":23,"key":"PreservedInsect"},{"floor":25,"key":"Unceasing Top"},{"floor":26,"key":"Smiling Mask"},{"floor":27,"key":"Bronze Scales"},{"floor":38,"key":"Peace Pipe"},{"floor":42,"key":"Paper Frog"},{"floor":47,"key":"Shuriken"},{"floor":54,"key":"War Paint"}],"event_choices":[{"damage_healed":0,"gold_gain":0,"player_choice":"Success","damage_taken":12,"relics_obtained":["Centennial Puzzle"],"max_hp_gain":0,"max_hp_loss":0,"event_name":"Scrap Ooze","floor":2,"gold_loss":0},{"damage_healed":0,"gold_gain":0,"player_choice":"Entered Light","damage_taken":18,"max_hp_gain":0,"max_hp_loss":0,"event_name":"Shining Light","floor":3,"gold_loss":0,"cards_upgraded":["Defend_R","Strike_R"]},{"damage_healed":0,"gold_gain":0,"player_choice":"Take Damage","damage_taken":22,"relics_obtained":["Golden Idol"],"max_hp_gain":0,"max_hp_loss":0,"event_name":"Golden Idol","floor":4,"gold_loss":0},{"damage_healed":0,"gold_gain":0,"player_choice":"Forge","damage_taken":0,"max_hp_gain":0,"max_hp_loss":0,"event_name":"Accursed Blacksmith","floor":5,"gold_loss":0,"cards_upgraded":["True Grit"]},{"damage_healed":0,"gold_gain":0,"player_choice":"Inject Mutagens","damage_taken":0,"relics_obtained":["MutagenicStrength"],"max_hp_gain":0,"max_hp_loss":0,"event_name":"Drug Dealer","floor":19,"gold_loss":0},{"damage_healed":0,"gold_gain":0,"player_choice":"Opened","damage_taken":0,"relics_obtained":["Bag of Preparation"],"max_hp_gain":0,"max_hp_loss":0,"event_name":"The Mausoleum","floor":21,"gold_loss":0},{"damage_healed":0,"gold_gain":0,"player_choice":"Fight","damage_taken":0,"max_hp_gain":0,"max_hp_loss":0,"event_name":"Mysterious Sphere","floor":38,"gold_loss":0},{"damage_healed":0,"gold_gain":333,"player_choice":"Gave Idol","damage_taken":0,"max_hp_gain":0,"max_hp_loss":0,"event_name":"The Moai Head","floor":46,"relics_lost":["Golden Idol"],"gold_loss":0},{"cards_removed":["Shockwave"],"damage_healed":0,"gold_gain":0,"player_choice":"Removed Skill","damage_taken":0,"max_hp_gain":0,"max_hp_loss":0,"event_name":"Falling","floor":48,"gold_loss":0}],"is_beta":false,"boss_relics":[{"not_picked":["Black Star","Empty Cage"],"picked":"Snecko Eye"},{"not_picked":["White Beast Statue","Cursed Key"],"picked":"Philosopher\u0027s Stone"}],"items_purged_floors":[13,39,45,53],"is_endless":false,"potions_floor_spawned":[1,10,18,20,27,29,33,36,42,47],"ascension_level":4}