{"path_per_floor":["M","M","M","?","?","E","R","M","T","E","M","R","M","M","R","B",null,"M","?","?","?","?","R","$","E","T","R","M","?","E","M","R"],"character_chosen":"DEFECT","items_purchased":["Defragment"],"gold_per_floor":[12,24,44,44,44,75,75,89,89,122,139,139,156,171,171,271,271,288,288,288,288,213,213,56,81,81,81,96,96,130,149,149,149],"floor_reached":33,"campfire_rested":1,"playtime":2281,"item_purchase_floors":[24],"current_hp_per_floor":[68,68,68,68,53,38,38,38,38,31,27,49,42,42,42,31,64,56,37,37,37,37,37,37,32,32,32,32,32,30,30,30,0],"items_purged":["Defend_B"],"gold":149,"score":423,"play_id":"b6a1dba9-cf5d-4209-9e24-8d3a0accfb52","local_time":"20180524020739","is_prod":false,"is_daily":false,"chose_seed":false,"is_ascension_mode":true,"campfire_upgraded":5,"win_rate":0,"timestamp":1527120459,"campfire_choices":[{"data":"Capacitor","floor":7,"key":"SMITH"},{"floor":12,"key":"REST"},{"data":"Zap","floor":15,"key":"SMITH"},{"data":"Chill","floor":23,"key":"SMITH"},{"data":"Defragment","floor":27,"key":"SMITH"},{"data":"Barrage","floor":32,"key":"SMITH"}],"path_taken":["M","M","M","?","?","E","R","M","T","E","?","R","M","M","R","BOSS","M","?","?","?","?","R","$","E","T","R","M","?","E","?","R","BOSS"],"build_version":"2018-05-23","seed_source_timestamp":389133611823026,"purchased_purges":1,"victory":false,"master_deck":["Defend_B","Defend_B","Defend_B+1","Zap+1","Dualcast","Chaos+1","Leap","Cold Snap","Capacitor+1","Sweeping Beam","Capacitor","Tempest","Loop","Thunder Strike","FTL","Seek","Cold Snap","Ghostly","Ghostly","Ghostly","Ghostly","Ghostly","Chill+1","Defragment+1","Compile Driver+1","Barrage+1","Writhe"],"max_hp_per_floor":[75,75,75,75,75,75,75,75,75,75,75,75,75,75,75,75,75,75,37,37,37,37,37,37,37,37,37,37,37,37,37,37,37],"relics":["Cracked Core","Letter Opener","Thread and Needle","Ice Cream","Cursed Key","Pen Nib","Molten Egg 2","Peace Pipe"],"card_choices":[{"not_picked":["Beam Cell","Sweeping Beam"],"picked":"Cold Snap","floor":1},{"not_picked":["Double Energy","Aggregate","Turbo"],"picked":"SKIP","floor":2},{"not_picked":["Barrage","Chaos"],"picked":"Capacitor","floor":3},{"not_picked":["Rip and Tear","Darkness"],"picked":"Sweeping Beam","floor":6},{"not_picked":["Cold Snap","Blizzard"],"picked":"Capacitor","floor":8},{"not_picked":["Double Energy","Rip and Tear"],"picked":"Tempest","floor":10},{"not_picked":["Aggregate","Turbo"],"picked":"Loop","floor":11},{"not_picked":["Skim","Fusion"],"picked":"Thunder Strike","floor":13},{"not_picked":["Beam Cell","Skim"],"picked":"FTL","floor":14},{"not_picked":["Fission","Multi-Cast"],"picked":"Seek","floor":16},{"not_picked":["Recycle","Streamline"],"picked":"Cold Snap","floor":18},{"not_picked":["Stack","Turbo"],"picked":"Compile Driver+1","floor":25},{"not_picked":["Glacier","Steam+1"],"picked":"Barrage","floor":28},{"not_picked":["Turbo","Sweeping Beam+1","Ball Lightning+1"],"picked":"SKIP","floor":30},{"not_picked":["Beam Cell+1","Lockon+1","BootSequence"],"picked":"SKIP","floor":31}],"player_experience":91636,"potions_floor_usage":[],"damage_taken":[{"damage":0,"enemies":"2 Louse","floor":1,"turns":3},{"damage":0,"enemies":"Small Slimes","floor":2,"turns":4},{"damage":0,"enemies":"Cultist","floor":3,"turns":3},{"damage":15,"enemies":"3 Sentries","floor":6,"turns":10},{"damage":0,"enemies":"2 Fungi Beasts","floor":8,"turns":4},{"damage":7,"enemies":"Lagavulin","floor":10,"turns":6},{"damage":4,"enemies":"Looter","floor":11,"turns":4},{"damage":7,"enemies":"Exordium Thugs","floor":13,"turns":5},{"damage":0,"enemies":"Blue Slaver","floor":14,"turns":4},{"damage":11,"enemies":"Slime Boss","floor":16,"turns":7},{"damage":8,"enemies":"Chosen","floor":18,"turns":5},{"damage":5,"enemies":"Gremlin Leader","floor":25,"turns":8},{"damage":0,"enemies":"Shell Parasite","floor":28,"turns":6},{"damage":2,"enemies":"Slavers","floor":30,"turns":7},{"damage":0,"enemies":"3 Cultists","floor":31,"turns":5},{"damage":32,"enemies":"Automaton","floor":33,"turns":6}],"relics_obtained":[{"floor":6,"key":"Letter Opener"},{"floor":9,"key":"Thread and Needle"},{"floor":10,"key":"Ice Cream"},{"floor":25,"key":"Pen Nib"},{"floor":30,"key":"Peace Pipe"}],"event_choices":[{"event_name":"Living Wall","player_choice":"Forget","floor":4,"damage_taken":0},{"event_name":"Shining Light","player_choice":"Entered Light","floor":5,"damage_taken":0},{"event_name":"Ghosts","player_choice":"Became a Ghost","floor":19,"damage_taken":0},{"event_name":"Vampires","player_choice":"Ignored","floor":20,"damage_taken":0},{"event_name":"The Library","player_choice":"Read","floor":21,"damage_taken":0},{"event_name":"Beggar","player_choice":"Gave Gold","floor":22,"damage_taken":0},{"event_name":"The Mausoleum","player_choice":"Yes","floor":29,"damage_taken":0}],"boss_relics":[{"not_picked":["Runic Dome","Orrery"],"picked":"Cursed Key"}],"items_purged_floors":[24],"potions_floor_spawned":[6,10,11,13,28,31],"seed_played":"6762465904073995563","killed_by":"Automaton","ascension_level":7,"potions_obtained":[{"floor":6,"key":"Ancient Potion"},{"floor":10,"key":"Energy Potion"},{"floor":11,"key":"Swift Potion"}],"is_trial":false}