{"gold_per_floor":[112,128,139,64,64,64,82,82,82,82,82,103,103,137,137,268,268,282,90,90,111,26,26,151,26,26,26,26,67,166,182,182,306,306,327,1326,1015,1028,1044,1044,1069,1069,1069,1092,1092,452,452,465,465,465],"floor_reached":51,"playtime":3173,"items_purged":["Strike_R","Strike_R","Purity","Normality","Headbutt+1"],"score":853,"play_id":"01762eca-a15c-4e24-8d81-c7aa8a06571e","local_time":"20190106185925","is_ascension_mode":true,"campfire_choices":[{"data":"Bash","floor":6,"key":"SMITH"},{"data":"Defend_R","floor":8,"key":"SMITH"},{"data":"Defend_R","floor":11,"key":"SMITH"},{"data":"Clash","floor":13,"key":"SMITH"},{"data":"Defend_R","floor":15,"key":"SMITH"},{"data":"Dropkick","floor":23,"key":"SMITH"},{"data":"Rampage","floor":27,"key":"SMITH"},{"data":"Pommel Strike","floor":32,"key":"SMITH"},{"data":"Body Slam","floor":40,"key":"SMITH"},{"floor":42,"key":"REST"},{"floor":49,"key":"REST"}],"neow_cost":"NONE","seed_source_timestamp":1446881983512275,"circlet_count":0,"master_deck":["Defend_R+1","Defend_R+1","Defend_R+1","Bash+1","Clash+1","Pommel Strike+1","Shrug It Off+1","Carnage+1","Rampage+1","Necronomicurse","Dropkick+1","Body Slam+1","Body Slam+1","Normality","Body Slam+1","Havoc+1","Battle Trance+1","Carnage+1","Clothesline"],"relics":["Burning Blood","Ancient Tea Set","Golden Idol","Turnip","Darkstone Periapt","Astrolabe","Necronomicon","Red Skull","Question Card","Incense Burner","Blue Candle","Smiling Mask","Lizard Tail","Toxic Egg 2","Bag of Marbles","Whetstone","Mummified Hand","Sling","Blood Vial"],"potions_floor_usage":[14,14,24,29,39,50,50,50],"damage_taken":[{"damage":1,"enemies":"Cultist","floor":1,"turns":3},{"damage":9,"enemies":"Jaw Worm","floor":2,"turns":6},{"damage":0,"enemies":"2 Louse","floor":3,"turns":2},{"damage":6,"enemies":"Looter","floor":7,"turns":4},{"damage":2,"enemies":"Large Slime","floor":12,"turns":7},{"damage":11,"enemies":"Lagavulin","floor":14,"turns":7},{"damage":45,"enemies":"The Guardian","floor":16,"turns":11},{"damage":8,"enemies":"Shell Parasite","floor":18,"turns":6},{"damage":4,"enemies":"Chosen","floor":21,"turns":3},{"damage":0,"enemies":"Colosseum Slavers","floor":24,"turns":4},{"damage":26,"enemies":"Colosseum Nobs","floor":24,"turns":4},{"damage":12,"enemies":"Gremlin Leader","floor":29,"turns":4},{"damage":0,"enemies":"Snecko","floor":31,"turns":2},{"damage":19,"enemies":"Collector","floor":33,"turns":7},{"damage":0,"enemies":"Orb Walker","floor":35,"turns":2},{"damage":14,"enemies":"3 Shapes","floor":38,"turns":8},{"damage":52,"enemies":"3 Darklings","floor":39,"turns":7},{"damage":19,"enemies":"Maw","floor":44,"turns":6},{"damage":36,"enemies":"Transient","floor":48,"turns":5},{"damage":60,"enemies":"Awakened One","floor":50,"turns":14}],"seed_played":"552947887656081151","potions_obtained":[{"floor":1,"key":"Poison Potion"},{"floor":12,"key":"Block Potion"},{"floor":14,"key":"Fire Potion"},{"floor":16,"key":"FearPotion"},{"floor":18,"key":"SpeedPotion"},{"floor":33,"key":"EssenceOfSteel"},{"floor":38,"key":"EssenceOfSteel"},{"floor":39,"key":"Dexterity Potion"}],"is_trial":false,"path_per_floor":["M","M","M","$","?","R","M","R","T","?","R","M","R","E","R","B",null,"M","$","?","M","?","R","?","$","T","R","?","E","?","M","R","B",null,"M","?","$","M","M","R","T","R","T","M","?","$","?","M","R","B",null],"character_chosen":"IRONCLAD","items_purchased":["Purity","Toxic Egg 2","Mummified Hand","Sling","Blood Vial"],"campfire_rested":2,"item_purchase_floors":[19,37,46,46,46],"current_hp_per_floor":[80,77,80,80,60,60,60,60,60,53,53,57,57,52,52,13,80,78,78,68,70,70,70,56,56,56,56,56,50,50,56,56,43,86,86,98,98,90,44,44,44,73,73,60,60,60,60,32,61,9],"gold":465,"neow_bonus":"RANDOM_COMMON_RELIC","is_prod":false,"is_daily":false,"chose_seed":false,"campfire_upgraded":9,"win_rate":0,"timestamp":1546829965,"path_taken":["M","?","M","$","?","R","M","R","T","?","R","M","R","E","R","BOSS","M","$","?","M","?","R","?","?","T","R","?","E","?","?","R","BOSS","M","?","$","M","M","R","?","R","T","M","?","$","?","?","R","BOSS"],"build_version":"2019-01-03v4","purchased_purges":5,"victory":true,"max_hp_per_floor":[80,80,80,80,80,80,80,80,80,80,80,80,80,80,80,80,80,80,80,86,86,86,86,86,86,86,86,86,86,86,86,86,86,86,86,98,98,98,98,98,98,98,98,98,98,98,98,98,98,98],"card_choices":[{"not_picked":["Combust","Thunderclap","Anger"],"picked":"SKIP","floor":1},{"not_picked":["Headbutt","Perfected Strike"],"picked":"Clash","floor":2},{"not_picked":["Headbutt","Feel No Pain","Rupture"],"picked":"SKIP","floor":3},{"not_picked":["Bloodletting","Perfected Strike","Pummel"],"picked":"SKIP","floor":7},{"not_picked":["Wild Strike","Bloodletting","Barricade"],"picked":"SKIP","floor":12},{"not_picked":["Perfected Strike","Havoc"],"picked":"Pommel Strike","floor":14},{"not_picked":["Wild Strike","Shrug It Off"],"picked":"Rampage","floor":18},{"not_picked":["Sword Boomerang","Havoc"],"picked":"Dropkick","floor":21},{"not_picked":["Wild Strike","True Grit+1"],"picked":"Body Slam+1","floor":24},{"not_picked":["Wild Strike","Reckless Charge","True Grit+1","Anger"],"picked":"SKIP","floor":29},{"not_picked":["Iron Wave","Cleave+1","Rupture","Twin Strike"],"picked":"SKIP","floor":31},{"not_picked":["Immolate","Feed","Limit Break"],"picked":"Juggernaut","floor":33},{"not_picked":["Feel No Pain+1","Disarm","Uppercut"],"picked":"Body Slam","floor":35},{"not_picked":["Iron Wave+1","Uppercut","Thunderclap"],"picked":"Body Slam+1","floor":38},{"not_picked":["Disarm+1","Corruption","Cleave+1"],"picked":"Havoc+1","floor":39},{"not_picked":["Perfected Strike","Dropkick+1","Clothesline"],"picked":"Battle Trance+1","floor":44},{"not_picked":["Flex+1","Uppercut+1","Clash+1"],"picked":"Clothesline","floor":48}],"player_experience":572320,"relics_obtained":[{"floor":9,"key":"Turnip"},{"floor":14,"key":"Darkstone Periapt"},{"floor":20,"key":"Necronomicon"},{"floor":24,"key":"Question Card"},{"floor":24,"key":"Incense Burner"},{"floor":26,"key":"Blue Candle"},{"floor":29,"key":"Smiling Mask"},{"floor":41,"key":"Bag of Marbles"},{"floor":43,"key":"Whetstone"}],"event_choices":[{"damage_healed":0,"gold_gain":0,"player_choice":"Take Damage","damage_taken":20,"relics_obtained":["Golden Idol"],"max_hp_gain":0,"max_hp_loss":0,"event_name":"Golden Idol","floor":5,"gold_loss":0},{"cards_removed":["Strike_R"],"damage_healed":0,"gold_gain":0,"player_choice":"Card Removal","damage_taken":7,"max_hp_gain":0,"max_hp_loss":0,"event_name":"Golden Wing","floor":10,"gold_loss":0},{"damage_healed":0,"gold_gain":0,"player_choice":"Obtained Book","damage_taken":16,"max_hp_gain":0,"max_hp_loss":0,"event_name":"Cursed Tome","floor":20,"gold_loss":0},{"damage_healed":0,"gold_gain":0,"player_choice":"Obtained Relic","damage_taken":0,"relics_obtained":["Red Skull"],"max_hp_gain":0,"max_hp_loss":0,"event_name":"Addict","floor":22,"gold_loss":85},{"damage_healed":0,"gold_gain":0,"player_choice":"Fight","damage_taken":0,"max_hp_gain":0,"max_hp_loss":0,"event_name":"Colosseum","floor":24,"gold_loss":0},{"damage_healed":0,"gold_gain":0,"player_choice":"Fought Nobs","damage_taken":0,"max_hp_gain":0,"max_hp_loss":0,"event_name":"Colosseum","floor":24,"gold_loss":0},{"damage_healed":0,"gold_gain":0,"player_choice":"Ignored","damage_taken":0,"max_hp_gain":0,"max_hp_loss":0,"event_name":"Ghosts","floor":28,"gold_loss":0},{"damage_healed":0,"gold_gain":99,"player_choice":"Stole From Cult","damage_taken":0,"max_hp_gain":0,"max_hp_loss":0,"event_name":"Nest","floor":30,"gold_loss":0},{"damage_healed":0,"gold_gain":999,"player_choice":"Gold","damage_taken":0,"max_hp_gain":0,"max_hp_loss":0,"event_name":"MindBloom","floor":36,"gold_loss":0,"cards_obtained":["Normality","Normality"]},{"cards_removed":["Juggernaut"],"damage_healed":0,"gold_gain":0,"player_choice":"Removed Power","damage_taken":0,"max_hp_gain":0,"max_hp_loss":0,"event_name":"Falling","floor":45,"gold_loss":0},{"damage_healed":0,"gold_gain":0,"player_choice":"Copied","damage_taken":0,"max_hp_gain":0,"max_hp_loss":0,"event_name":"Duplicator","floor":47,"gold_loss":0,"cards_obtained":["Carnage"]}],"is_beta":false,"boss_relics":[{"not_picked":["Black Star","Coffee Dripper"],"picked":"Astrolabe"},{"not_picked":["Sozu","Orrery"],"picked":"Lizard Tail"}],"items_purged_floors":[4,19,25,37,46],"is_endless":false,"potions_floor_spawned":[1,12,14,16,18,33,38,39,48],"ascension_level":3}