{"path_per_floor":["M","M","M","$","M","R","M","R","T","R","?","M","M","?","R","B",null,"M","$","M","?","M","E","R","M","T"],"character_chosen":"DEFECT","items_purchased":["Capacitor"],"gold_per_floor":[14,29,40,40,52,52,62,62,115,115,115,131,150,150,150,269,269,294,140,154,154,174,207,207,221,221,221],"floor_reached":27,"campfire_rested":0,"playtime":2372,"item_purchase_floors":[],"current_hp_per_floor":[81,78,75,75,69,69,63,63,63,63,68,68,68,45,45,31,78,78,78,74,74,79,53,53,24,24,0],"items_purged":["Strike_B"],"gold":221,"score":377,"play_id":"d923e721-d798-4944-9119-91ad3762dc6c","local_time":"20180526135439","is_prod":false,"is_daily":false,"chose_seed":false,"is_ascension_mode":true,"campfire_upgraded":5,"win_rate":0,"timestamp":1527335679,"campfire_choices":[{"data":"Chill","floor":6.0,"key":"SMITH"},{"data":"Capacitor","floor":8.0,"key":"SMITH"},{"data":"Compile Driver","floor":10.0,"key":"SMITH"},{"data":"Defragment","floor":15.0,"key":"SMITH"},{"data":"Capacitor","floor":24.0,"key":"SMITH"}],"path_taken":["M","M","M","?","?","R","M","R","T","R","?","M","M","?","R","BOSS","M","$","M","?","M","E","R","M","T","M"],"build_version":"2018-05-25","seed_source_timestamp":604183256978903,"purchased_purges":1,"victory":false,"master_deck":["Strike_B+1","Strike_B","Strike_B+1","Defend_B","Defend_B","Defend_B","Defend_B","Zap","Dualcast","AscendersBane","Glacier","Glacier","Chill+1","Capacitor+1","Compile Driver+1","Defragment+1","Electrodynamics","Coolheaded+1","Capacitor+1","Electrodynamics","Hologram+1","Echo Form"],"max_hp_per_floor":[89,89,89,89,89,89,89,89,89,89,94,94,94,94,94,94,94,94,94,94,94,94,94,94,94,94,94],"relics":["Cracked Core","Tiny Chest","Bloody Idol","Snecko Eye","Blood Vial","Whetstone"],"card_choices":[{"not_picked":["Sunder","Turbo"],"picked":"Glacier","floor":1.0},{"not_picked":["Turbo","Coolheaded"],"picked":"Glacier","floor":2.0},{"not_picked":["Tempest","Sweeping Beam"],"picked":"Chill","floor":3.0},{"not_picked":["Cold Snap","Darkness"],"picked":"Capacitor","floor":5.0},{"not_picked":["Chill","Leap"],"picked":"Compile Driver","floor":7.0},{"not_picked":["Stack","Fusion"],"picked":"Defragment","floor":12.0},{"not_picked":["Beam Cell","Redo","Scrape"],"picked":"SKIP","floor":13.0},{"not_picked":["Buffer","Meteor Strike"],"picked":"Electrodynamics","floor":16.0},{"not_picked":["Ball Lightning+1","Stack"],"picked":"Coolheaded+1","floor":18.0},{"not_picked":["Gash","Hologram+1"],"picked":"Electrodynamics","floor":20.0},{"not_picked":["Lockon","Steam"],"picked":"Hologram+1","floor":22.0},{"not_picked":["Undo+1","Steam Power"],"picked":"Echo Form","floor":23.0},{"not_picked":["Ball Lightning","Tempest","Beam Cell+1"],"picked":"SKIP","floor":25.0}],"player_experience":126084,"potions_floor_usage":[27],"damage_taken":[{"damage":1.0,"enemies":"Cultist","floor":1.0,"turns":4.0},{"damage":3.0,"enemies":"2 Louse","floor":2.0,"turns":2.0},{"damage":3.0,"enemies":"Jaw Worm","floor":3.0,"turns":4.0},{"damage":6.0,"enemies":"Blue Slaver","floor":5.0,"turns":4.0},{"damage":6.0,"enemies":"2 Fungi Beasts","floor":7.0,"turns":4.0},{"damage":0.0,"enemies":"3 Louse","floor":12.0,"turns":5.0},{"damage":0.0,"enemies":"Lots of Slimes","floor":13.0,"turns":5.0},{"damage":14.0,"enemies":"The Guardian","floor":16.0,"turns":16.0},{"damage":0.0,"enemies":"Chosen","floor":18.0,"turns":6.0},{"damage":4.0,"enemies":"Shell Parasite","floor":20.0,"turns":10.0},{"damage":0.0,"enemies":"Centurion and Healer","floor":22.0,"turns":7.0},{"damage":31.0,"enemies":"Gremlin Leader","floor":23.0,"turns":11.0},{"damage":36.0,"enemies":"Chosen and Byrds","floor":25.0,"turns":12.0},{"damage":29,"enemies":"Snake Plant","floor":27,"turns":2}],"relics_obtained":[{"floor":9.0,"key":"Tiny Chest"},{"floor":23.0,"key":"Blood Vial"},{"floor":26.0,"key":"Whetstone"}],"event_choices":[{"event_name":"Big Fish","player_choice":"Donut","floor":11.0,"damage_taken":0.0},{"event_name":"Golden Idol","player_choice":"Take Damage","floor":14.0,"damage_taken":0.0},{"event_name":"Forgotten Altar","player_choice":"Gave Idol","floor":21.0,"damage_taken":0.0}],"boss_relics":[],"items_purged_floors":[],"potions_floor_spawned":[1,3,12,13,16,22,23],"seed_played":"4241610051431636937","killed_by":"Snake Plant","ascension_level":11,"potions_obtained":[{"floor":1.0,"key":"Swift Potion"},{"floor":3.0,"key":"Swift Potion"},{"floor":12.0,"key":"GamblersBrew"},{"floor":13.0,"key":"SkillPotion"},{"floor":16.0,"key":"SteroidPotion"},{"floor":22.0,"key":"Weak Potion"},{"floor":23.0,"key":"Poison Potion"}],"is_trial":false}