{"gold_per_floor":[111,121,121,138,138,164,164,181,181,181,181,106,130,95,95,224,224,240,140,140,140,164,164,177,177,203,78,103,124,39,54,54,184,184,203,224,25,49,49,49,49,70,70,70,104,104,145,165,165,165],"floor_reached":51,"playtime":2522,"items_purged":["Injury","Strike_R","Regret"],"score":931,"play_id":"8efd52c6-31ae-43ba-9684-b37cb2c84fb6","local_time":"20190420092254","is_ascension_mode":true,"campfire_choices":[{"data":"Rampage","floor":7.0,"key":"SMITH"},{"data":"Flame Barrier","floor":10.0,"key":"SMITH"},{"data":"Fiend Fire","floor":15.0,"key":"SMITH"},{"data":"Barricade","floor":23.0,"key":"SMITH"},{"data":"Havoc","floor":25.0,"key":"SMITH"},{"data":"Bash","floor":32.0,"key":"SMITH"},{"data":"Shockwave","floor":40,"key":"SMITH"},{"floor":44,"key":"DIG"},{"floor":46,"key":"REST"},{"floor":49,"key":"REST"}],"neow_cost":"NONE","seed_source_timestamp":0,"circlet_count":0,"master_deck":["Strike_R","Strike_R","Strike_R","Strike_R","Defend_R","Defend_R","Defend_R","Defend_R","Bash+1","Rampage+1","Flame Barrier+1","Fiend Fire+1","Thunderclap+1","Barricade+1","Headbutt+1","RitualDagger+1","Spot Weakness","Havoc+1","Armaments+1","Bludgeon+1","Shockwave+1","Disarm+1","Good Instincts","Dual Wield+1","Undo+1"],"special_seed":0,"relics":["Burning Blood","Kunai","Mercury Hourglass","Molten Egg 2","Golden Idol","Cursed Key","Bag of Preparation","Omamori","Lizard Tail","PrismaticShard","FaceOfCleric","Shovel","Girya","Meat on the Bone","Oddly Smooth Stone"],"potions_floor_usage":[45,47,50,50],"damage_taken":[{"damage":7.0,"enemies":"Small Slimes","floor":1.0,"turns":4.0},{"damage":12.0,"enemies":"Jaw Worm","floor":2.0,"turns":3.0},{"damage":2.0,"enemies":"2 Louse","floor":4.0,"turns":3.0},{"damage":43.0,"enemies":"Gremlin Nob","floor":6.0,"turns":6.0},{"damage":1.0,"enemies":"2 Fungi Beasts","floor":8.0,"turns":2.0},{"damage":14.0,"enemies":"Exordium Thugs","floor":13.0,"turns":4.0},{"damage":51.0,"enemies":"The Guardian","floor":16.0,"turns":9.0},{"damage":15.0,"enemies":"Shell Parasite","floor":18.0,"turns":6.0},{"damage":5.0,"enemies":"Spheric Guardian","floor":22.0,"turns":3.0},{"damage":8.0,"enemies":"Snake Plant","floor":24.0,"turns":3.0},{"damage":2.0,"enemies":"Centurion and Healer","floor":28.0,"turns":5.0},{"damage":18.0,"enemies":"Snecko","floor":29.0,"turns":4.0},{"damage":0.0,"enemies":"Sentry and Sphere","floor":31.0,"turns":3.0},{"damage":41.0,"enemies":"Collector","floor":33.0,"turns":12.0},{"damage":7,"enemies":"Orb Walker","floor":35,"turns":4},{"damage":6,"enemies":"3 Shapes","floor":36,"turns":2},{"damage":20,"enemies":"Spire Growth","floor":38,"turns":4},{"damage":14,"enemies":"3 Darklings","floor":42,"turns":7},{"damage":70,"enemies":"Reptomancer","floor":45,"turns":6},{"damage":36,"enemies":"Nemesis","floor":47,"turns":7},{"damage":41,"enemies":"Sphere and 2 Shapes","floor":48,"turns":6},{"damage":27,"enemies":"Time Eater","floor":50,"turns":13}],"seed_played":"-5885403024071505404","potions_obtained":[{"floor":2.0,"key":"SkillPotion"},{"floor":8.0,"key":"EssenceOfSteel"},{"floor":21.0,"key":"Energy Potion"},{"floor":21.0,"key":"SteroidPotion"},{"floor":24.0,"key":"PowerPotion"},{"floor":28.0,"key":"Block Potion"},{"floor":29.0,"key":"GamblersBrew"},{"floor":36,"key":"GamblersBrew"},{"floor":42,"key":"Dexterity Potion"},{"floor":48,"key":"BloodPotion"}],"is_trial":false,"path_per_floor":["?","?","M","?","?","?","?","M","?","?","?"],"character_chosen":"IRONCLAD","items_purchased":["PrismaticShard"],"campfire_rested":2,"item_purchase_floors":[37],"current_hp_per_floor":[87,81,86,90,83,46,46,51,51,51,51,51,43,66,66,21,93,84,84,78,78,79,79,77,77,77,77,81,69,69,75,75,40,93,92,92,92,78,78,78,78,71,71,71,8,36,66,44,73,62],"gold":165,"neow_bonus":"TEN_PERCENT_HP_BONUS","is_prod":false,"is_daily":false,"chose_seed":false,"campfire_upgraded":7,"win_rate":0,"timestamp":1555766574,"path_taken":["M","M","?","M","?","E","R","?","T","R","?","$","M","?","R","BOSS","M","$","?","?","M","R","M","R","T","$","M","?","?","M","R","BOSS","M","M","$","M","?","R","?","M","T","R","E","R","E","M","R","BOSS"],"build_version":"2019-01-23","purchased_purges":3,"victory":true,"max_hp_per_floor":[88,88,93,93,93,93,93,93,93,93,93,93,93,93,93,93,93,93,93,93,93,93,93,93,93,93,93,93,93,93,93,93,93,93,93,93,93,93,93,93,93,94,94,94,95,95,96,97,97,98],"card_choices":[{"not_picked":["Pommel Strike","Heavy Blade"],"picked":"Rampage","floor":1.0},{"not_picked":["Clothesline","Armaments"],"picked":"Flame Barrier","floor":2.0},{"not_picked":["Dropkick","Anger","Cleave"],"picked":"SKIP","floor":4.0},{"not_picked":["Warcry","Spot Weakness"],"picked":"Fiend Fire","floor":6.0},{"not_picked":["Iron Wave","Twin Strike","Anger"],"picked":"SKIP","floor":8.0},{"not_picked":["Perfected Strike+1","Second Wind"],"picked":"Thunderclap+1","floor":13.0},{"not_picked":["Dark Embrace","Immolate+1"],"picked":"Barricade","floor":16.0},{"not_picked":["Cleave+1","Flame Barrier"],"picked":"Headbutt+1","floor":18.0},{"not_picked":["Body Slam+1","Armaments"],"picked":"Spot Weakness","floor":22.0},{"not_picked":["Feel No Pain","Armaments"],"picked":"Havoc","floor":24.0},{"not_picked":["Clash+1","Cleave+1","Sever Soul+1"],"picked":"SKIP","floor":28.0},{"not_picked":["Havoc+1","Clash+1","Heavy Blade+1"],"picked":"SKIP","floor":29.0},{"not_picked":["Heavy Blade+1","Iron Wave+1"],"picked":"Armaments+1","floor":31.0},{"not_picked":["Reaper+1","Limit Break"],"picked":"Bludgeon+1","floor":33.0},{"not_picked":["Cleave+1","Blood for Blood+1","Wild Strike+1"],"picked":"SKIP","floor":35},{"not_picked":["Pummel+1","Armaments+1"],"picked":"Shockwave","floor":36},{"not_picked":["Blade Dance","Steam Power+1"],"picked":"Disarm+1","floor":38},{"not_picked":["Transmutation","Purity"],"picked":"Good Instincts","floor":39},{"not_picked":["True Grit","Underhanded Strike+1","Cloak And Dagger"],"picked":"SKIP","floor":42},{"not_picked":["Brutality","Ball Lightning+1"],"picked":"Dual Wield+1","floor":45},{"not_picked":["Impatience+1","Gash+1","All Out Attack+1"],"picked":"SKIP","floor":47},{"not_picked":["Cleave+1","Jack Of All Trades+1"],"picked":"Undo+1","floor":48}],"player_experience":209705,"relics_obtained":[{"floor":6.0,"key":"Mercury Hourglass"},{"floor":9.0,"key":"Molten Egg 2"},{"floor":26.0,"key":"Bag of Preparation"},{"floor":43,"key":"Shovel"},{"floor":44,"key":"Girya"},{"floor":45,"key":"Meat on the Bone"},{"floor":47,"key":"Oddly Smooth Stone"}],"event_choices":[{"damage_healed":0.0,"max_hp_gain":5.0,"max_hp_loss":0.0,"gold_gain":0.0,"event_name":"Big Fish","player_choice":"Donut","floor":3.0,"gold_loss":0.0,"damage_taken":0.0},{"damage_healed":0.0,"max_hp_gain":0.0,"max_hp_loss":0.0,"gold_gain":0.0,"event_name":"Scrap Ooze","player_choice":"Success","floor":5.0,"gold_loss":0.0,"damage_taken":7.0,"relics_obtained":["Kunai"]},{"damage_healed":0.0,"max_hp_gain":0.0,"max_hp_loss":0.0,"gold_gain":0.0,"event_name":"Golden Idol","player_choice":"Take Wound","floor":11.0,"gold_loss":0.0,"damage_taken":0.0,"relics_obtained":["Golden Idol"],"cards_obtained":["Injury"]},{"damage_healed":23.0,"max_hp_gain":0.0,"max_hp_loss":0.0,"gold_gain":0.0,"event_name":"The Cleric","player_choice":"Healed","floor":14.0,"gold_loss":35.0,"damage_taken":0.0},{"damage_healed":0.0,"max_hp_gain":0.0,"max_hp_loss":0.0,"gold_gain":0.0,"event_name":"Nest","player_choice":"Joined the Cult","floor":20.0,"gold_loss":0.0,"damage_taken":6.0,"cards_obtained":["RitualDagger"]},{"damage_healed":0.0,"max_hp_gain":0.0,"max_hp_loss":0.0,"gold_gain":0.0,"event_name":"Lab","player_choice":"Got Potions","floor":21.0,"gold_loss":0.0,"damage_taken":0.0},{"damage_healed":0.0,"max_hp_gain":0.0,"max_hp_loss":0.0,"gold_gain":0.0,"event_name":"Addict","player_choice":"Obtained Relic","floor":30.0,"gold_loss":85.0,"damage_taken":0.0,"relics_obtained":["Omamori"]},{"damage_healed":0,"gold_gain":0,"player_choice":"Memory 1","damage_taken":0,"max_hp_gain":0,"max_hp_loss":0,"event_name":"SensoryStone","floor":39,"gold_loss":0},{"damage_healed":0,"gold_gain":0,"player_choice":"Trade","damage_taken":0,"relics_obtained":["FaceOfCleric"],"max_hp_gain":0,"max_hp_loss":0,"event_name":"FaceTrader","floor":41,"gold_loss":0}],"is_beta":false,"boss_relics":[{"not_picked":["White Beast Statue","Calling Bell"],"picked":"Cursed Key"},{"not_picked":["Coffee Dripper","Orrery"],"picked":"Lizard Tail"}],"items_purged_floors":[12,19,27],"is_endless":false,"potions_floor_spawned":[2,8,24,28,29,36,42,48],"ascension_level":3}