{"path_per_floor":["M","M","M","?","M","E","$","R","T","R","M","?","R","M","R","B",null,"M","?","M","M","?","R","M","R","T","M","R","M","M","M","R","B",null,"M","M","?","M","?","M","R","M","T","?","?","M","M","M","R","B"],"character_chosen":"IRONCLAD","items_purchased":["Apotheosis"],"gold_per_floor":[115,134,147,222,239,271,2,2,72,72,86,51,51,61,61,156,156,96,96,96,96,21,21,21,21,21,21,21,21,21,21,21,21,21,21,21,21,21,21,21,21,21,21,21,21,21,21,21,21,21],"floor_reached":51,"campfire_rested":4,"playtime":2884,"current_hp_per_floor":[72,78,75,64,44,30,30,30,30,30,33,53,53,40,64,48,72,56,56,49,49,49,49,37,61,61,67,67,73,77,51,51,34,74,76,65,65,31,31,17,47,56,56,39,49,34,44,49,86,62],"items_purged":["Strike_R"],"gold":21,"score":877,"play_id":"04243b51-dd1c-409c-8590-ebff24684779","is_prod":false,"is_daily":false,"is_ascension_mode":true,"campfire_upgraded":6,"path_taken":["M","M","?","?","M","E","$","R","T","R","M","?","R","?","R","BOSS","M","?","M","M","?","R","M","R","T","?","R","M","M","M","R","BOSS","M","M","?","M","?","M","R","M","T","?","?","M","?","M","R","BOSS"],"build_version":"2018-02-15-PROD1","purchased_purges":1,"victory":true,"master_deck":["Strike_R","Strike_R","Defend_R","Defend_R","Defend_R","Bash","Heavy Blade+1","Inflame+1","Apotheosis+1","Cleave","Ghostly Armor","Impervious","Shrug It Off+1","Battle Trance+1","Feed","Evolve+1","Demon Form","Body Slam+1","Feel No Pain","Entrench","Normality","Corruption+1","Infernal Blade+1","True Grit+1"],"max_hp_per_floor":[80,80,80,80,80,80,80,80,80,80,80,80,80,80,80,80,80,80,80,80,80,80,80,80,80,80,80,80,80,84,87,87,87,87,91,95,95,99,99,103,103,107,107,111,121,125,125,125,125,125],"relics":["Black Blood","Charon\u0027s Ashes","Self Forming Clay","Ectoplasm","Bag of Marbles","Frozen Eye","Dead Branch","Pear"],"card_choices":[{"not_picked":["Burning Pact","Flex"],"picked":"Heavy Blade"},{"not_picked":["Pummel","Perfected Strike"],"picked":"Inflame"},{"not_picked":["Uppercut","Battle Trance"],"picked":"Cleave"},{"not_picked":["Searing Blow","Anger"],"picked":"Ghostly Armor"},{"not_picked":["Immolate","Feed"],"picked":"Impervious"},{"not_picked":["Havoc","Sword Boomerang"],"picked":"Shrug It Off"},{"not_picked":["Sword Boomerang","Hemokinesis"],"picked":"Battle Trance"},{"not_picked":["Pommel Strike","Cleave"],"picked":"Feed"},{"not_picked":["Headbutt","Thunderclap"],"picked":"Evolve"},{"not_picked":["Impervious","Dark Embrace"],"picked":"Demon Form"},{"not_picked":["Wild Strike","Pummel"],"picked":"Body Slam"},{"not_picked":["True Grit","Armaments"],"picked":"Feel No Pain"},{"not_picked":["Exhume","Rupture"],"picked":"Entrench"},{"not_picked":["Perfected Strike","Cleave"],"picked":"Corruption"},{"not_picked":["Bloodletting","Clothesline"],"picked":"Infernal Blade"},{"not_picked":["Spot Weakness","Body Slam"],"picked":"True Grit"}],"player_experience":164975,"potions_floor_usage":[2,6,11,16,27,30,33,33,42,44,47,50,50],"damage_taken":[{"damage":6,"enemies":"Cultist","floor":1,"turns":3},{"damage":0,"enemies":"Small Slimes","floor":2,"turns":3},{"damage":9,"enemies":"2 Louse","floor":3,"turns":3},{"damage":26,"enemies":"Blue Slaver","floor":5,"turns":3},{"damage":29,"enemies":"Gremlin Nob","floor":6,"turns":4},{"damage":18,"enemies":"Lots of Slimes","floor":11,"turns":6},{"damage":19,"enemies":"Exordium Thugs","floor":14,"turns":4},{"damage":22,"enemies":"The Guardian","floor":16,"turns":10},{"damage":22,"enemies":"2 Thieves","floor":18,"turns":3},{"damage":13,"enemies":"Spheric Guardian","floor":20,"turns":4},{"damage":6,"enemies":"Slaver and Parasite","floor":21,"turns":7},{"damage":18,"enemies":"3 Cultists","floor":24,"turns":5},{"damage":0,"enemies":"Centurion and Healer","floor":27,"turns":6},{"damage":0,"enemies":"Snecko","floor":29,"turns":4},{"damage":6,"enemies":"Snake Plant","floor":30,"turns":6},{"damage":35,"enemies":"Slaver and Parasite","floor":31,"turns":9},{"damage":38,"enemies":"Champ","floor":33,"turns":13},{"damage":12,"enemies":"Orb Walker","floor":35,"turns":5},{"damage":25,"enemies":"3 Shapes","floor":36,"turns":8},{"damage":48,"enemies":"Sphere and 2 Shapes","floor":38,"turns":7},{"damage":28,"enemies":"4 Shapes","floor":40,"turns":6},{"damage":5,"enemies":"Maw","floor":42,"turns":6},{"damage":31,"enemies":"Mysterious Sphere","floor":44,"turns":5},{"damage":29,"enemies":"Sphere and 2 Shapes","floor":46,"turns":7},{"damage":0,"enemies":"4 Shapes","floor":47,"turns":4},{"damage":5,"enemies":"Maw","floor":48,"turns":6},{"damage":34,"enemies":"Time Eater","floor":50,"turns":8}],"event_choices":[{"event_name":"World of Goop","player_choice":"Gather Gold","floor":4,"damage_taken":0},{"event_name":"The Cleric","player_choice":"Healed","floor":12,"damage_taken":0},{"event_name":"Purifier","player_choice":"One Purge","floor":19,"damage_taken":0},{"event_name":"Beggar","player_choice":"Gave Gold","floor":22,"damage_taken":0},{"event_name":"The Moai Head","player_choice":"Ignored","floor":39,"damage_taken":0},{"event_name":"Mysterious Sphere","player_choice":"Fight","floor":44,"damage_taken":0},{"event_name":"Accursed Blacksmith","player_choice":"Rummage","floor":45,"damage_taken":0}],"boss_relics":[{"not_picked":["Cursed Key","Eternal Feather"],"picked":"Ectoplasm"},{"not_picked":["Question Card","Runic Pyramid"],"picked":"Black Blood"}],"potions_floor_spawned":[2,5,11,21,24,29,35,38,42,44,48],"seed_played":"8498158765687602827","ascension_level":9,"is_trial":false}