{"gold_per_floor":[112,112,2,16,16,44,44,54,54,86,102,102,102,119,119,223,523,537,549,549,648,701,729,741,124,124,124,142,142],"floor_reached":29,"playtime":1796,"items_purged":["Strike_G","Strike_G"],"score":359,"play_id":"3d1aa136-6d2a-4200-860c-9162ff749b41","local_time":"20190420213838","is_ascension_mode":true,"campfire_choices":[{"data":"Phantasmal Killer","floor":7.0,"key":"SMITH"},{"data":"Well Laid Plans","floor":12.0,"key":"SMITH"},{"data":"Footwork","floor":15.0,"key":"SMITH"},{"floor":24,"key":"REST"},{"data":"Adrenaline","floor":27,"key":"SMITH"}],"neow_cost":"NONE","seed_source_timestamp":779143042046155,"circlet_count":0,"master_deck":["Defend_G","Defend_G","Defend_G","Defend_G","Defend_G","Strike_G","Strike_G","Survivor","Neutralize","Crippling Poison+1","Well Laid Plans+1","Blur","Phantasmal Killer+1","PiercingWail","Adrenaline+1","Footwork+1","After Image","Acrobatics","Burst","Flechettes","Deadly Poison","Acrobatics"],"special_seed":0,"relics":["Ring of the Snake","NeowsBlessing","Gremlin Horn","Meat on the Bone","Oddly Smooth Stone","Calling Bell","Anchor","Matryoshka","Old Coin","Regal Pillow","Bottled Lightning","Pen Nib","Art of War","MawBank","Kunai","Chemical X","Nunchaku"],"potions_floor_usage":[23],"damage_taken":[{"damage":0.0,"enemies":"Small Slimes","floor":1.0,"turns":1.0},{"damage":0.0,"enemies":"Cultist","floor":4.0,"turns":1.0},{"damage":0.0,"enemies":"3 Sentries","floor":6.0,"turns":1.0},{"damage":1.0,"enemies":"Jaw Worm","floor":8.0,"turns":3.0},{"damage":14.0,"enemies":"Lagavulin","floor":10.0,"turns":7.0},{"damage":2.0,"enemies":"Lots of Slimes","floor":11.0,"turns":3.0},{"damage":7.0,"enemies":"Gremlin Gang","floor":14.0,"turns":3.0},{"damage":15.0,"enemies":"The Guardian","floor":16.0,"turns":21.0},{"damage":0.0,"enemies":"Shell Parasite","floor":18.0,"turns":10.0},{"damage":13.0,"enemies":"Spheric Guardian","floor":19.0,"turns":9.0},{"damage":45,"enemies":"Slavers","floor":23,"turns":23},{"damage":13,"enemies":"Centurion and Healer","floor":28,"turns":8},{"damage":46,"enemies":"Gremlin Leader","floor":29,"turns":6}],"seed_played":"-279837820671779888","potions_obtained":[{"floor":1.0,"key":"Poison Potion"},{"floor":10.0,"key":"Dexterity Potion"},{"floor":14.0,"key":"AttackPotion"},{"floor":18.0,"key":"Swift Potion"},{"floor":23,"key":"Swift Potion"}],"is_trial":false,"path_per_floor":["M","?","$","M","$","E","R","M","T","E","M","R","?","M","R","B",null,"M","M","T","?","T","E","R","$","T","R","M","E"],"character_chosen":"THE_SILENT","items_purchased":["Well Laid Plans","Kunai","Flechettes","Deadly Poison","Chemical X"],"campfire_rested":1,"item_purchase_floors":[3,25,25,25,25],"current_hp_per_floor":[63,63,63,63,63,63,63,62,62,48,46,46,46,39,39,36,62,62,49,49,49,49,16,52,52,52,52,39,0],"gold":142,"neow_bonus":"THREE_ENEMY_KILL","is_prod":false,"is_daily":false,"chose_seed":false,"campfire_upgraded":4,"win_rate":0,"timestamp":1555763918,"path_taken":["M","?","$","M","$","E","R","M","T","E","?","R","?","M","R","BOSS","M","?","?","?","?","E","R","$","T","R","M","E"],"build_version":"2019-01-23","purchased_purges":2,"victory":false,"max_hp_per_floor":[70,70,70,70,70,70,70,70,70,70,70,70,70,70,70,70,70,70,70,70,70,70,70,70,70,70,70,70,70],"card_choices":[{"not_picked":["Expertise","Slice"],"picked":"Crippling Poison","floor":1.0},{"not_picked":["Blur","Dagger Spray","Bane"],"picked":"SKIP","floor":4.0},{"not_picked":["Dagger Spray","Bane"],"picked":"Blur","floor":4.0},{"not_picked":["Finisher","Terror"],"picked":"Phantasmal Killer","floor":6.0},{"not_picked":["Sucker Punch","Quick Slash"],"picked":"PiercingWail","floor":8.0},{"not_picked":["Reflex","Heel Hook"],"picked":"Adrenaline","floor":10.0},{"not_picked":["Dodge and Roll","Underhanded Strike"],"picked":"Footwork","floor":11.0},{"not_picked":["Flying Knee","Underhanded Strike","Poisoned Stab"],"picked":"SKIP","floor":14.0},{"not_picked":["Flying Knee","Underhanded Strike","Poisoned Stab"],"picked":"SKIP","floor":14.0},{"not_picked":["Bullet Time","Glass Knife"],"picked":"After Image","floor":16.0},{"not_picked":["Bane","Deflect+1"],"picked":"Acrobatics","floor":18.0},{"not_picked":["Outmaneuver","Deflect+1","Flying Knee"],"picked":"SKIP","floor":19.0},{"not_picked":["Prepared","Slice"],"picked":"Burst","floor":23},{"not_picked":["Backstab+1","Slice+1"],"picked":"Acrobatics","floor":28}],"player_experience":651283,"relics_obtained":[{"floor":6.0,"key":"Gremlin Horn"},{"floor":9.0,"key":"Meat on the Bone"},{"floor":10.0,"key":"Oddly Smooth Stone"},{"floor":17.0,"key":"Anchor"},{"floor":17.0,"key":"Matryoshka"},{"floor":17.0,"key":"Old Coin"},{"floor":20.0,"key":"Regal Pillow"},{"floor":20.0,"key":"Bottled Lightning"},{"floor":22.0,"key":"Pen Nib"},{"floor":22.0,"key":"Art of War"},{"floor":23,"key":"MawBank"},{"floor":26,"key":"Nunchaku"}],"event_choices":[{"damage_healed":0.0,"max_hp_gain":0.0,"max_hp_loss":0.0,"gold_gain":0.0,"event_name":"Upgrade Shrine","player_choice":"Upgraded","floor":2.0,"gold_loss":0.0,"damage_taken":0.0,"cards_upgraded":["Crippling Poison"]},{"cards_removed":["Strike_G"],"damage_healed":0.0,"max_hp_gain":0.0,"max_hp_loss":0.0,"gold_gain":0.0,"event_name":"Purifier","player_choice":"Purged","floor":13.0,"gold_loss":0.0,"damage_taken":0.0},{"damage_healed":0.0,"max_hp_gain":0.0,"max_hp_loss":0.0,"gold_gain":99.0,"event_name":"Nest","player_choice":"Stole From Cult","floor":21.0,"gold_loss":0.0,"damage_taken":0.0}],"is_beta":false,"boss_relics":[{"not_picked":["Snecko Eye","Runic Dome"],"picked":"Calling Bell"}],"items_purged_floors":[3,25],"is_endless":false,"potions_floor_spawned":[1,10,14,18,23],"killed_by":"Gremlin Leader","ascension_level":6}