{"gold_per_floor":[113,125,125,125,50,50,64,90,90,90,19,19,34,34,34,139,139,156,13,30,41,141,141,141,141,141,176,176,76,103,103,103,200,200,216,228,103,103,116,116,148,168,168,168,219,231,231,231,231,231],"floor_reached":51,"playtime":82604,"items_purged":["Defend_R","Strike_R","Defend_R"],"score":841,"play_id":"60505419-2cfb-4a03-b802-8a5f51c3c4b8","local_time":"20190210113208","is_ascension_mode":true,"campfire_choices":[{"data":"Havoc","floor":6,"key":"SMITH"},{"floor":10,"key":"RECALL"},{"floor":15,"key":"REST"},{"data":"Metallicize","floor":23,"key":"SMITH"},{"data":"Feed","floor":25,"key":"SMITH"},{"data":"Uppercut","floor":28,"key":"SMITH"},{"floor":32,"key":"REST"},{"data":"Inflame","floor":40,"key":"SMITH"},{"data":"Spot Weakness","floor":44,"key":"SMITH"},{"data":"Rampage","floor":47,"key":"SMITH"},{"data":"Entrench","floor":49,"key":"SMITH"}],"neow_cost":"NONE","seed_source_timestamp":163363946877969,"circlet_count":0,"master_deck":["Defend_R","Bash+1","Havoc+1","Rampage+1","Clothesline","Inflame+1","Uppercut+1","Metallicize+1","Entrench+1","Spot Weakness+1","Feed+1","Sword Boomerang+1","Iron Wave+1","Reaper+1","Thunderclap+1","Exhume+1","Immolate+1","Whirlwind+1","Spot Weakness+1","Headbutt+1"],"relics":["Burning Blood","Pocketwatch","Self Forming Clay","Busted Crown","Vajra","Magic Flower","Molten Egg 2","Mercury Hourglass","Centennial Puzzle","Omamori","Orichalcum","Astrolabe","Happy Flower","Frozen Egg 2","Blue Candle","Nunchaku"],"potions_floor_usage":[8,22,45,46,50,50],"damage_taken":[{"damage":8,"enemies":"2 Louse","floor":1,"turns":4},{"damage":9,"enemies":"Jaw Worm","floor":2,"turns":3},{"damage":4,"enemies":"Cultist","floor":7,"turns":3},{"damage":40,"enemies":"3 Sentries","floor":8,"turns":8},{"damage":9,"enemies":"3 Louse","floor":13,"turns":4},{"damage":36,"enemies":"Hexaghost","floor":16,"turns":6},{"damage":3,"enemies":"Spheric Guardian","floor":18,"turns":3},{"damage":10,"enemies":"3 Byrds","floor":20,"turns":5},{"damage":12,"enemies":"Cultist and Chosen","floor":21,"turns":5},{"damage":18,"enemies":"Colosseum Slavers","floor":22,"turns":4},{"damage":19,"enemies":"Colosseum Nobs","floor":22,"turns":4},{"damage":6,"enemies":"Gremlin Leader","floor":27,"turns":5},{"damage":9,"enemies":"Book of Stabbing","floor":30,"turns":4},{"damage":34,"enemies":"Collector","floor":33,"turns":7},{"damage":8,"enemies":"3 Shapes","floor":35,"turns":2},{"damage":1,"enemies":"Orb Walker","floor":36,"turns":2},{"damage":11,"enemies":"Writhing Mass","floor":39,"turns":4},{"damage":7,"enemies":"Nemesis","floor":41,"turns":5},{"damage":8,"enemies":"Sphere and 2 Shapes","floor":42,"turns":3},{"damage":16,"enemies":"2 Orb Walkers","floor":45,"turns":3},{"damage":26,"enemies":"Maw","floor":46,"turns":5},{"damage":73,"enemies":"Awakened One","floor":50,"turns":8}],"seed_played":"2316189537866402783","potions_obtained":[{"floor":7,"key":"Swift Potion"},{"floor":8,"key":"Strength Potion"},{"floor":13,"key":"FearPotion"},{"floor":18,"key":"AttackPotion"},{"floor":21,"key":"Poison Potion"},{"floor":33,"key":"SpeedPotion"},{"floor":35,"key":"EssenceOfSteel"},{"floor":39,"key":"SkillPotion"},{"floor":41,"key":"AttackPotion"},{"floor":46,"key":"Dexterity Potion"}],"is_trial":false,"path_per_floor":["M","M","?","?","$","R","M","E","T","R","$","?","M","?","R","B",null,"M","$","M","M","?","R","T","R","T","E","R","$","E","?","R","B",null,"M","M","$","?","M","R","E","M","T","R","?","M","R","?","R","B",null],"character_chosen":"IRONCLAD","items_purchased":["Metallicize","Vajra"],"campfire_rested":2,"item_purchase_floors":[11,19],"current_hp_per_floor":[78,75,80,80,80,80,82,48,48,48,48,48,45,45,70,40,85,88,88,87,84,65,65,65,65,65,68,68,68,68,68,98,73,100,104,104,104,104,108,108,108,112,112,112,105,88,88,88,88,80],"gold":231,"neow_bonus":"TRANSFORM_CARD","is_prod":false,"is_daily":false,"chose_seed":false,"campfire_upgraded":8,"win_rate":0,"timestamp":1549827128,"path_taken":["M","M","?","?","$","R","M","E","T","R","$","?","?","?","R","BOSS","M","?","M","M","?","R","?","R","T","E","R","?","E","?","R","BOSS","M","M","$","?","?","R","E","M","T","R","?","M","R","?","R","BOSS"],"build_version":"2019-01-23","purchased_purges":3,"victory":true,"max_hp_per_floor":[80,80,85,85,85,85,85,85,85,85,85,85,85,85,85,85,85,88,88,91,94,100,100,100,100,100,100,100,100,100,100,100,100,100,104,104,104,104,108,108,108,112,112,112,112,112,112,112,112,116],"card_choices":[{"not_picked":["Pommel Strike","Heavy Blade"],"picked":"Rampage","floor":1},{"not_picked":["Twin Strike","Anger"],"picked":"Clothesline","floor":2},{"not_picked":["Thunderclap","Pommel Strike"],"picked":"Inflame","floor":7},{"not_picked":["Bloodletting","Dark Embrace"],"picked":"Uppercut","floor":8},{"not_picked":["Perfected Strike","Clothesline"],"picked":"Spot Weakness","floor":13},{"not_picked":["Double Tap","Demon Form"],"picked":"Feed","floor":16},{"not_picked":["Havoc"],"picked":"SKIP","floor":18},{"not_picked":["Wild Strike"],"picked":"SKIP","floor":20},{"not_picked":["Fire Breathing"],"picked":"SKIP","floor":21},{"not_picked":[],"picked":"Sword Boomerang","floor":22},{"not_picked":[],"picked":"Iron Wave+1","floor":27},{"not_picked":["Berserk"],"picked":"SKIP","floor":30},{"not_picked":[],"picked":"Reaper+1","floor":33},{"not_picked":["Perfected Strike+1"],"picked":"SKIP","floor":35},{"not_picked":[],"picked":"Whirlwind+1","floor":36},{"not_picked":["Rupture+1"],"picked":"SKIP","floor":39},{"not_picked":["Dark Embrace"],"picked":"SKIP","floor":41},{"not_picked":["Blood for Blood+1"],"picked":"SKIP","floor":42},{"not_picked":[],"picked":"Spot Weakness+1","floor":45},{"not_picked":[],"picked":"Headbutt+1","floor":46}],"player_experience":580886,"relics_obtained":[{"floor":8,"key":"Pocketwatch"},{"floor":22,"key":"Magic Flower"},{"floor":22,"key":"Molten Egg 2"},{"floor":24,"key":"Mercury Hourglass"},{"floor":26,"key":"Centennial Puzzle"},{"floor":27,"key":"Omamori"},{"floor":30,"key":"Orichalcum"},{"floor":38,"key":"Happy Flower"},{"floor":41,"key":"Frozen Egg 2"},{"floor":43,"key":"Blue Candle"},{"floor":45,"key":"Nunchaku"}],"event_choices":[{"damage_healed":0,"gold_gain":0,"player_choice":"Donut","damage_taken":0,"max_hp_gain":5,"max_hp_loss":0,"event_name":"Big Fish","floor":3,"gold_loss":0},{"damage_healed":0,"gold_gain":0,"player_choice":"Grow","damage_taken":0,"max_hp_gain":0,"max_hp_loss":0,"event_name":"Living Wall","floor":4,"gold_loss":0,"cards_upgraded":["Bash"]},{"damage_healed":0,"gold_gain":0,"cards_transformed":["Strike_R"],"player_choice":"Transformed","damage_taken":0,"max_hp_gain":0,"max_hp_loss":0,"event_name":"Transmorgrifier","floor":12,"gold_loss":0,"cards_obtained":["Entrench"]},{"damage_healed":0,"gold_gain":0,"player_choice":"Gave Potion","damage_taken":0,"relics_obtained":["Self Forming Clay"],"max_hp_gain":0,"max_hp_loss":0,"event_name":"WeMeetAgain","floor":14,"gold_loss":0},{"damage_healed":0,"gold_gain":0,"player_choice":"Fight","damage_taken":0,"max_hp_gain":0,"max_hp_loss":0,"event_name":"Colosseum","floor":22,"gold_loss":0},{"damage_healed":0,"gold_gain":0,"player_choice":"Fought Nobs","damage_taken":0,"max_hp_gain":0,"max_hp_loss":0,"event_name":"Colosseum","floor":22,"gold_loss":0},{"damage_healed":0,"gold_gain":0,"player_choice":"Ignored","damage_taken":0,"max_hp_gain":0,"max_hp_loss":0,"event_name":"Cursed Tome","floor":31,"gold_loss":0},{"damage_healed":0,"gold_gain":0,"player_choice":"Relic","damage_taken":0,"max_hp_gain":0,"max_hp_loss":0,"event_name":"Wheel of Change","floor":38,"gold_loss":0},{"damage_healed":0,"gold_gain":0,"player_choice":"Fight","damage_taken":0,"max_hp_gain":0,"max_hp_loss":0,"event_name":"Mysterious Sphere","floor":45,"gold_loss":0},{"damage_healed":0,"gold_gain":0,"player_choice":"Memory 1","damage_taken":0,"max_hp_gain":0,"max_hp_loss":0,"event_name":"SensoryStone","floor":48,"gold_loss":0}],"is_beta":false,"boss_relics":[{"not_picked":["Snecko Eye","Mark of Pain"],"picked":"Busted Crown"},{"not_picked":["Runic Pyramid","Lizard Tail"],"picked":"Astrolabe"}],"items_purged_floors":[5,29,37],"is_endless":false,"potions_floor_spawned":[7,8,13,18,21,33,35,39,41,46],"ascension_level":4}