{"gold_per_floor":[117,42,60,79,79,79,90,90,168,188,198,259,259,274,274,376,376,396,412,169,185,196,196,214,214,262,262,279,306,181,201,201,201],"floor_reached":33,"playtime":3429,"items_purged":["Strike_R","Strike_R","Strike_R"],"score":341,"play_id":"6e558c8f-d2cc-4d6d-8e15-821670eebc0a","local_time":"20190210195553","is_ascension_mode":true,"campfire_choices":[{"data":"Metallicize","floor":6,"key":"SMITH"},{"data":"Uppercut","floor":8,"key":"SMITH"},{"data":"Defend_R","floor":13,"key":"SMITH"},{"data":"Defend_R","floor":15,"key":"SMITH"},{"floor":23,"key":"REST"},{"data":"Reaper","floor":25,"key":"SMITH"},{"floor":27,"key":"RECALL"},{"floor":32,"key":"REST"}],"neow_cost":"NONE","seed_source_timestamp":272705498626484,"circlet_count":0,"master_deck":["Strike_R","Strike_R","Defend_R","Defend_R","Defend_R+1","Defend_R+1","Bash+1","Battle Trance","Metallicize+1","Uppercut+1","Shrug It Off+1","Havoc+1","Havoc+1","Double Tap+1","Pommel Strike","Reaper+1","Iron Wave+1","Ghostly Armor+1","Rage+1","Clothesline+1"],"relics":["Burning Blood","Pear","Toxic Egg 2","Tiny Chest","Lizard Tail","Juzu Bracelet","WingedGreaves"],"potions_floor_usage":[7,22,29,29,33,33],"damage_taken":[{"damage":1,"enemies":"Cultist","floor":1,"turns":3},{"damage":10,"enemies":"Small Slimes","floor":3,"turns":3},{"damage":3,"enemies":"Jaw Worm","floor":4,"turns":4},{"damage":7,"enemies":"Exordium Thugs","floor":7,"turns":5},{"damage":20,"enemies":"Large Slime","floor":10,"turns":7},{"damage":12,"enemies":"3 Louse","floor":11,"turns":3},{"damage":12,"enemies":"Lagavulin","floor":12,"turns":8},{"damage":0,"enemies":"Exordium Wildlife","floor":14,"turns":5},{"damage":36,"enemies":"Slime Boss","floor":16,"turns":14},{"damage":10,"enemies":"Spheric Guardian","floor":18,"turns":4},{"damage":19,"enemies":"2 Thieves","floor":19,"turns":4},{"damage":9,"enemies":"Snake Plant","floor":21,"turns":4},{"damage":50,"enemies":"3 Cultists","floor":22,"turns":7},{"damage":11,"enemies":"Snecko","floor":24,"turns":4},{"damage":18,"enemies":"Snake Plant","floor":28,"turns":5},{"damage":122,"enemies":"Slavers","floor":29,"turns":12},{"damage":6,"enemies":"Centurion and Healer","floor":31,"turns":15},{"damage":71,"enemies":"Champ","floor":33,"turns":16}],"seed_played":"-6181406142230809077","potions_obtained":[{"floor":1,"key":"Energy Potion"},{"floor":3,"key":"BloodPotion"},{"floor":7,"key":"EssenceOfSteel"},{"floor":11,"key":"SpeedPotion"},{"floor":22,"key":"SteroidPotion"},{"floor":29,"key":"FearPotion"}],"is_trial":false,"path_per_floor":["M","$","M","M","T","R","M","R","T","M","M","E","R","M","R","B",null,"M","M","$","M","M","R","M","R","T","R","M","E","$","M","R","B"],"character_chosen":"IRONCLAD","items_purchased":["Juzu Bracelet"],"campfire_rested":2,"item_purchase_floors":[20],"current_hp_per_floor":[80,80,76,79,89,89,88,88,88,74,68,62,62,68,68,38,77,73,60,60,57,34,61,62,62,62,62,50,11,11,25,52,0],"gold":201,"neow_bonus":"UPGRADE_CARD","is_prod":false,"is_daily":false,"chose_seed":false,"campfire_upgraded":5,"win_rate":0,"timestamp":1549857353,"path_taken":["M","?","M","M","?","R","M","R","T","M","M","E","R","?","R","BOSS","M","M","$","M","M","R","M","R","T","R","M","E","$","M","R","BOSS"],"build_version":"2019-01-23","purchased_purges":3,"victory":false,"max_hp_per_floor":[80,80,80,80,90,90,90,90,90,90,90,90,90,90,90,90,90,90,90,90,90,90,90,90,90,90,90,90,90,90,90,90,90],"card_choices":[{"not_picked":["Whirlwind","Pommel Strike"],"picked":"Battle Trance","floor":1},{"not_picked":["Fire Breathing","Rage"],"picked":"Metallicize","floor":3},{"not_picked":["True Grit","Whirlwind","Flex"],"picked":"SKIP","floor":4},{"not_picked":["Rage","Wild Strike"],"picked":"Uppercut","floor":7},{"not_picked":["Thunderclap","Metallicize"],"picked":"Shrug It Off+1","floor":10},{"not_picked":["Iron Wave","Sword Boomerang"],"picked":"Havoc+1","floor":11},{"not_picked":["Heavy Blade","Wild Strike","Perfected Strike"],"picked":"SKIP","floor":12},{"not_picked":["Flex+1","Cleave"],"picked":"Havoc+1","floor":14},{"not_picked":["Dark Embrace","Limit Break+1"],"picked":"Double Tap+1","floor":16},{"not_picked":["Perfected Strike+1","Cleave"],"picked":"Pommel Strike","floor":18},{"not_picked":["Power Through+1","Sword Boomerang","Armaments+1"],"picked":"SKIP","floor":19},{"not_picked":["Armaments+1","Fire Breathing+1"],"picked":"Reaper","floor":21},{"not_picked":["Seeing Red+1","Pommel Strike+1"],"picked":"Iron Wave+1","floor":22},{"not_picked":["Warcry+1","True Grit+1","Thunderclap"],"picked":"SKIP","floor":24},{"not_picked":["Blood for Blood","Wild Strike+1"],"picked":"Ghostly Armor+1","floor":28},{"not_picked":["Twin Strike","Wild Strike"],"picked":"Rage+1","floor":29},{"not_picked":["Combust","Heavy Blade+1"],"picked":"Clothesline+1","floor":31}],"player_experience":682898,"relics_obtained":[{"floor":5,"key":"Pear"},{"floor":9,"key":"Toxic Egg 2"},{"floor":12,"key":"Tiny Chest"},{"floor":29,"key":"WingedGreaves"}],"event_choices":[],"is_beta":false,"boss_relics":[{"not_picked":["Velvet Choker","Orrery"],"picked":"Lizard Tail"}],"items_purged_floors":[2,20,30],"is_endless":false,"potions_floor_spawned":[1,3,7,11,18,22,29],"killed_by":"Champ","ascension_level":5}