{"gold_per_floor":[14,33,48,67,82,82,115,115,138,153,153,27,27,45,45,122,122,140,61,0,18,18],"floor_reached":22,"playtime":1258,"items_purged":["Strike_G"],"score":348,"play_id":"d3127811-bc9f-4462-a338-76b495c6d917","local_time":"20190209212031","is_ascension_mode":true,"campfire_choices":[{"data":"Infinite Blades","floor":6,"key":"SMITH"},{"floor":8,"key":"REST"},{"data":"Envenom","floor":11,"key":"SMITH"},{"floor":15,"key":"REST"}],"neow_cost":"NO_GOLD","seed_source_timestamp":28701584349665,"circlet_count":0,"master_deck":["AscendersBane","Defend_G","Defend_G","Defend_G","Defend_G","Strike_G","Strike_G","Strike_G","Survivor","Neutralize","Deadly Poison","Infinite Blades+1","Blade Dance","Backstab","Envenom+1","Dodge and Roll","Cloak And Dagger","Blur","Envenom","Footwork","Footwork"],"relics":["Ring of the Snake","Paper Crane","Bag of Marbles","Busted Crown"],"potions_floor_usage":[7,16,16,18,22],"damage_taken":[{"damage":2,"enemies":"Cultist","floor":1,"turns":5},{"damage":3,"enemies":"2 Louse","floor":2,"turns":4},{"damage":4,"enemies":"Small Slimes","floor":3,"turns":4},{"damage":9,"enemies":"Blue Slaver","floor":4,"turns":5},{"damage":0,"enemies":"Exordium Wildlife","floor":5,"turns":2},{"damage":27,"enemies":"Gremlin Nob","floor":7,"turns":5},{"damage":6,"enemies":"Exordium Thugs","floor":10,"turns":4},{"damage":0,"enemies":"Red Slaver","floor":14,"turns":3},{"damage":31,"enemies":"Slime Boss","floor":16,"turns":12},{"damage":17,"enemies":"3 Byrds","floor":18,"turns":3},{"damage":17,"enemies":"Shell Parasite","floor":21,"turns":8},{"damage":20,"enemies":"Sentry and Sphere","floor":22,"turns":3}],"seed_played":"-1185080995045601794","potions_obtained":[{"floor":2,"key":"Strength Potion"},{"floor":3,"key":"GhostInAJar"},{"floor":7,"key":"Energy Potion"},{"floor":16,"key":"LiquidBronze"},{"floor":21,"key":"Weak Potion"}],"is_trial":false,"path_per_floor":["M","M","M","M","M","R","E","R","T","M","R","$","?","M","R","B",null,"M","$","?","M","M"],"character_chosen":"THE_SILENT","items_purchased":["Cloak And Dagger","Footwork"],"campfire_rested":2,"item_purchase_floors":[12,19],"current_hp_per_floor":[57,54,50,41,41,41,14,33,33,27,27,27,27,27,46,15,53,36,36,36,19,0],"gold":18,"neow_bonus":"REMOVE_TWO","is_prod":false,"is_daily":false,"chose_seed":false,"campfire_upgraded":2,"win_rate":0,"timestamp":1549765231,"path_taken":["M","M","M","M","M","R","E","R","T","M","R","?","?","?","R","BOSS","M","$","?","M","M"],"build_version":"2019-01-23","purchased_purges":1,"victory":false,"max_hp_per_floor":[66,66,66,66,66,66,66,66,66,66,66,66,66,66,66,66,66,66,66,66,66,66],"card_choices":[{"not_picked":["Endless Agony","Setup"],"picked":"Deadly Poison","floor":1},{"not_picked":["Acrobatics","Underhanded Strike"],"picked":"Infinite Blades","floor":2},{"not_picked":["PiercingWail","Outmaneuver"],"picked":"Blade Dance","floor":3},{"not_picked":["Bane","Outmaneuver"],"picked":"Backstab","floor":4},{"not_picked":["Setup","Reflex","Acrobatics"],"picked":"SKIP","floor":5},{"not_picked":["Flying Knee","Escape Plan"],"picked":"Envenom","floor":7},{"not_picked":["Terror","Choke"],"picked":"Dodge and Roll","floor":10},{"not_picked":["Tactician","Riddle With Holes"],"picked":"Blur","floor":14},{"not_picked":["Burst","Wraith Form v2"],"picked":"Envenom","floor":16},{"not_picked":["Slice"],"picked":"SKIP","floor":18},{"not_picked":[],"picked":"Footwork","floor":21}],"player_experience":766677,"relics_obtained":[{"floor":7,"key":"Paper Crane"},{"floor":9,"key":"Bag of Marbles"}],"event_choices":[{"damage_healed":0,"gold_gain":0,"player_choice":"Got Potions","damage_taken":0,"max_hp_gain":0,"max_hp_loss":0,"event_name":"Lab","floor":13,"gold_loss":0},{"damage_healed":0,"gold_gain":0,"player_choice":"Paid Fearfully","damage_taken":0,"max_hp_gain":0,"max_hp_loss":0,"event_name":"Masked Bandits","floor":20,"gold_loss":61}],"is_beta":false,"boss_relics":[{"not_picked":["Velvet Choker","Lizard Tail"],"picked":"Busted Crown"}],"items_purged_floors":[12],"is_endless":false,"potions_floor_spawned":[2,3,5,7,16,21],"killed_by":"Sentry and Sphere","ascension_level":17}