{"gold_per_floor":[116,191,191,209,4,4,331,343,343,343],"floor_reached":10,"playtime":659,"items_purged":[],"score":132,"play_id":"bad94d5c-1f48-40cd-9b36-c50dd1ec948f","local_time":"20190116205507","is_ascension_mode":true,"campfire_choices":[{"data":"Coolheaded","floor":6,"key":"SMITH"}],"neow_cost":"NONE","seed_source_timestamp":548477061284693,"circlet_count":0,"master_deck":["AscendersBane","Strike_B","Strike_B+1","Strike_B","Strike_B","Defend_B","Defend_B","Defend_B","Defend_B","Zap+1","Dualcast","Coolheaded+1","Compile Driver","Capacitor","Rebound","Barrage"],"relics":["Cracked Core","Bag of Marbles","Old Coin","Nunchaku"],"potions_floor_usage":[7],"damage_taken":[{"damage":4,"enemies":"Small Slimes","floor":1,"turns":3},{"damage":0,"enemies":"Jaw Worm","floor":4,"turns":4},{"damage":29,"enemies":"3 Sentries","floor":7,"turns":9},{"damage":0,"enemies":"2 Louse","floor":8,"turns":2},{"damage":18,"enemies":"Lagavulin","floor":10,"turns":4}],"seed_played":"-3282457728353686575","potions_obtained":[{"floor":1,"key":"SpeedPotion"},{"floor":8,"key":"SpeedPotion"}],"is_trial":false,"path_per_floor":["M","?","?","M","$","R","E","M","T","E"],"character_chosen":"DEFECT","items_purchased":["Capacitor","Bag of Marbles"],"campfire_rested":0,"item_purchase_floors":[5,5],"current_hp_per_floor":[67,56,33,33,33,33,4,4,4,0],"gold":343,"neow_bonus":"TEN_PERCENT_HP_BONUS","is_prod":false,"is_daily":false,"chose_seed":false,"campfire_upgraded":1,"win_rate":0,"timestamp":1547668507,"path_taken":["M","?","?","M","$","R","E","M","T","E"],"build_version":"2019-01-10","purchased_purges":0,"victory":false,"max_hp_per_floor":[78,78,78,78,78,78,78,78,78,78],"card_choices":[{"not_picked":["Melter","Barrage"],"picked":"Coolheaded","floor":1},{"not_picked":["Darkness","Streamline"],"picked":"Compile Driver","floor":4},{"not_picked":["Stack","Ball Lightning"],"picked":"Rebound","floor":7},{"not_picked":["Static Discharge","Compile Driver"],"picked":"Barrage","floor":8}],"player_experience":450145,"relics_obtained":[{"floor":7,"key":"Old Coin"},{"floor":9,"key":"Nunchaku"}],"event_choices":[{"damage_healed":0,"gold_gain":75,"player_choice":"Gather Gold","damage_taken":11,"max_hp_gain":0,"max_hp_loss":0,"event_name":"World of Goop","floor":2,"gold_loss":0},{"damage_healed":0,"gold_gain":0,"player_choice":"Entered Light","damage_taken":23,"max_hp_gain":0,"max_hp_loss":0,"event_name":"Shining Light","floor":3,"gold_loss":0,"cards_upgraded":["Zap","Strike_B"]}],"is_beta":false,"boss_relics":[],"items_purged_floors":[],"is_endless":false,"potions_floor_spawned":[1,8],"killed_by":"Lagavulin","ascension_level":20}