{"gold_per_floor":[113,10,21,37,0,0,0,0,0,20,45,61,61,78,78,156,156,175,60,60,110,110,143,143,163,163,25,25,78,78],"floor_reached":30,"playtime":1585,"items_purged":["Strike_G","Accuracy"],"score":437,"play_id":"0057980e-beaf-449b-aecc-f3c0de24d946","local_time":"20190328194357","is_ascension_mode":true,"campfire_choices":[{"data":"Neutralize","floor":6,"key":"SMITH"},{"data":"Blur","floor":13,"key":"SMITH"},{"data":"Caltrops","floor":15,"key":"SMITH"},{"data":"Catalyst","floor":24,"key":"SMITH"},{"data":"Burst","floor":28,"key":"SMITH"}],"neow_cost":"PERCENT_DAMAGE","seed_source_timestamp":160675849302477,"circlet_count":0,"master_deck":["AscendersBane","Defend_G","Defend_G","Defend_G","Strike_G","Strike_G","Survivor","Neutralize+1","Calculated Gamble","Deadly Poison","Caltrops+1","Blur+1","PiercingWail","Backflip","Corpse Explosion","Footwork","Catalyst+1","Burst+1","Noxious Fumes","Well Laid Plans"],"relics":["Ring of the Serpent","FaceOfCleric","Vajra","Blood Vial","Smiling Mask","Toxic Egg 2","Strawberry"],"potions_floor_usage":[16,16],"damage_taken":[{"damage":1,"enemies":"Jaw Worm","floor":1,"turns":6},{"damage":0,"enemies":"2 Louse","floor":3,"turns":2},{"damage":1,"enemies":"Cultist","floor":4,"turns":4},{"damage":18,"enemies":"Exordium Wildlife","floor":10,"turns":8},{"damage":8,"enemies":"Exordium Thugs","floor":12,"turns":5},{"damage":6,"enemies":"2 Fungi Beasts","floor":14,"turns":4},{"damage":3,"enemies":"The Guardian","floor":16,"turns":11},{"damage":11,"enemies":"2 Thieves","floor":18,"turns":3},{"damage":13,"enemies":"Book of Stabbing","floor":23,"turns":9},{"damage":3,"enemies":"Spheric Guardian","floor":25,"turns":5},{"damage":50,"enemies":"Cultist and Chosen","floor":30,"turns":5}],"seed_played":"-3405274917506949973","potions_obtained":[{"floor":1,"key":"PowerPotion"},{"floor":4,"key":"Strength Potion"},{"floor":23,"key":"LiquidBronze"}],"is_trial":false,"path_per_floor":["M","$","M","M","?","R","?","?","T","M","T","M","R","M","R","B",null,"M","$","?","?","?","E","R","M","T","$","R","T","M"],"character_chosen":"THE_SILENT","items_purchased":["Deadly Poison","Footwork","Catalyst","Well Laid Plans"],"campfire_rested":0,"item_purchase_floors":[2,19,19,27],"current_hp_per_floor":[43,43,43,42,42,42,42,42,42,25,25,20,20,17,17,17,57,49,49,49,49,49,39,39,39,39,39,39,46,0],"gold":78,"neow_bonus":"REMOVE_TWO","is_prod":false,"is_daily":false,"chose_seed":false,"campfire_upgraded":5,"win_rate":0,"timestamp":1553816637,"path_taken":["M","$","M","M","?","R","?","?","T","?","?","M","R","M","R","BOSS","M","$","?","?","?","E","R","M","T","$","R","?","?"],"build_version":"2019-01-23","purchased_purges":2,"victory":false,"max_hp_per_floor":[66,66,66,66,66,66,66,66,66,67,67,68,68,69,69,70,70,71,71,71,71,71,72,72,73,73,73,73,80,80],"card_choices":[{"not_picked":["Deflect","Acrobatics"],"picked":"Calculated Gamble","floor":1},{"not_picked":["Distraction","Outmaneuver"],"picked":"Caltrops","floor":3},{"not_picked":["Prepared","Blade Dance"],"picked":"Blur","floor":4},{"not_picked":["Blade Dance","Deflect"],"picked":"PiercingWail","floor":10},{"not_picked":["Prepared","Sucker Punch"],"picked":"Backflip","floor":12},{"not_picked":["Cloak And Dagger","Infinite Blades","Night Terror"],"picked":"SKIP","floor":14},{"not_picked":["Grand Finale","Die Die Die"],"picked":"Corpse Explosion","floor":16},{"not_picked":["Dash","Outmaneuver+1","Cloak And Dagger"],"picked":"SKIP","floor":18},{"not_picked":["Dagger Throw","Quick Slash"],"picked":"Noxious Fumes","floor":23},{"not_picked":["Sucker Punch","Tactician","Dagger Spray"],"picked":"SKIP","floor":25}],"player_experience":899990,"relics_obtained":[{"floor":9,"key":"Vajra"},{"floor":11,"key":"Blood Vial"},{"floor":23,"key":"Smiling Mask"},{"floor":26,"key":"Toxic Egg 2"},{"floor":29,"key":"Strawberry"}],"event_choices":[{"damage_healed":0,"gold_gain":0,"player_choice":"Left Gold","damage_taken":0,"max_hp_gain":0,"max_hp_loss":0,"event_name":"World of Goop","floor":5,"gold_loss":37},{"damage_healed":0,"gold_gain":0,"player_choice":"Ignored","damage_taken":0,"max_hp_gain":0,"max_hp_loss":0,"event_name":"Shining Light","floor":7,"gold_loss":0},{"damage_healed":0,"gold_gain":0,"player_choice":"Trade","damage_taken":0,"relics_obtained":["FaceOfCleric"],"max_hp_gain":0,"max_hp_loss":0,"event_name":"FaceTrader","floor":8,"gold_loss":0},{"damage_healed":0,"gold_gain":0,"cards_transformed":["Defend_G","Strike_G"],"player_choice":"Became Test Subject","damage_taken":0,"max_hp_gain":0,"max_hp_loss":0,"event_name":"Drug Dealer","floor":20,"gold_loss":0,"cards_obtained":["Burst","Accuracy"]},{"damage_healed":0,"gold_gain":50,"player_choice":"Stole From Cult","damage_taken":0,"max_hp_gain":0,"max_hp_loss":0,"event_name":"Nest","floor":21,"gold_loss":0},{"damage_healed":0,"gold_gain":0,"player_choice":"Ignored","damage_taken":0,"max_hp_gain":0,"max_hp_loss":0,"event_name":"Ghosts","floor":22,"gold_loss":0}],"is_beta":false,"boss_relics":[{"not_picked":["HoveringKite","Calling Bell"],"picked":"Ring of the Serpent"}],"items_purged_floors":[2,27],"is_endless":false,"potions_floor_spawned":[1,4,14,23],"killed_by":"Cultist and Chosen","ascension_level":17}