{"gold_per_floor":[117,127,127,138,138,138,171,185,185,216,216,216,233,248,248,343,343,353,200,210,210,220,220,238,45,45,55,55,66,78,78,78,181,181,191,208,222,222,239,239,250,264,264,295,295,395,425,437,437,437,437,437,12,44,44],"floor_reached":56,"playtime":4727,"items_purged":["Reflex"],"score":1300,"play_id":"32ec380b-73ef-45c1-9773-244f45e20723","local_time":"20190112005654","is_ascension_mode":true,"campfire_choices":[{"data":"Dash","floor":6,"key":"SMITH"},{"data":"Bouncing Flask","floor":12,"key":"SMITH"},{"data":"Crippling Poison","floor":15,"key":"SMITH"},{"data":"Leg Sweep","floor":23,"key":"SMITH"},{"data":"Catalyst","floor":28,"key":"SMITH"},{"data":"Burst","floor":32,"key":"SMITH"},{"floor":40,"key":"RECALL"},{"floor":45,"key":"REST"},{"floor":49,"key":"REST"},{"data":"Wraith Form v2","floor":52,"key":"SMITH"}],"neow_cost":"NONE","seed_source_timestamp":166363032722,"circlet_count":0,"master_deck":["Survivor","Neutralize","Poisoned Stab+1","Crippling Poison+1","Dash+1","Masterful Stab+1","Bouncing Flask+1","Backstab+1","Wraith Form v2+1","Deflect","Wraith Form v2","Calculated Gamble","Slice+1","Flying Knee+1","Dodge and Roll","Catalyst+1","Masterful Stab+1","Leg Sweep+1","Footwork+1","Footwork","Burst+1","Flechettes+1","Blind","Glass Knife+1","Dodge and Roll+1","Escape Plan+1","Backstab+1","Catalyst+1"],"relics":["Runic Pyramid","Ninja Scroll","Molten Egg 2","Letter Opener","Pandora\u0027s Box","Vajra","Gremlin Horn","Black Star","Blood Vial","The Courier","Art of War","Ornamental Fan","Ginger","Paper Crane","Bag of Preparation","Whetstone"],"potions_floor_usage":[7,7,16,16,33,33,33,37,37,44],"damage_taken":[{"damage":0,"enemies":"2 Louse","floor":1,"turns":2},{"damage":0,"enemies":"Cultist","floor":2,"turns":3},{"damage":0,"enemies":"Jaw Worm","floor":4,"turns":4},{"damage":0,"enemies":"Lagavulin","floor":7,"turns":5},{"damage":0,"enemies":"Large Slime","floor":8,"turns":4},{"damage":9,"enemies":"3 Sentries","floor":10,"turns":7},{"damage":3,"enemies":"Lots of Slimes","floor":13,"turns":3},{"damage":0,"enemies":"Looter","floor":14,"turns":2},{"damage":17,"enemies":"Slime Boss","floor":16,"turns":9},{"damage":0,"enemies":"Spheric Guardian","floor":18,"turns":3},{"damage":9,"enemies":"2 Thieves","floor":20,"turns":4},{"damage":0,"enemies":"Cultist and Chosen","floor":22,"turns":4},{"damage":0,"enemies":"3 Cultists","floor":24,"turns":7},{"damage":5,"enemies":"Sentry and Sphere","floor":27,"turns":4},{"damage":0,"enemies":"Shelled Parasite and Fungi","floor":29,"turns":3},{"damage":12,"enemies":"Snake Plant","floor":30,"turns":3},{"damage":0,"enemies":"Automaton","floor":33,"turns":9},{"damage":21,"enemies":"3 Darklings","floor":35,"turns":4},{"damage":0,"enemies":"3 Shapes","floor":36,"turns":1},{"damage":0,"enemies":"Jaw Worm Horde","floor":37,"turns":3},{"damage":3,"enemies":"Maw","floor":39,"turns":8},{"damage":3,"enemies":"Transient","floor":41,"turns":5},{"damage":19,"enemies":"Writhing Mass","floor":42,"turns":4},{"damage":9,"enemies":"Giant Head","floor":44,"turns":11},{"damage":1,"enemies":"Reptomancer","floor":47,"turns":6},{"damage":1,"enemies":"3 Darklings","floor":48,"turns":7},{"damage":37,"enemies":"Awakened One","floor":50,"turns":17},{"damage":14,"enemies":"Shield and Spear","floor":54,"turns":6},{"damage":48,"enemies":"The Heart","floor":55,"turns":7}],"seed_played":"-9029047469147432193","potions_obtained":[{"floor":2,"key":"SteroidPotion"},{"floor":4,"key":"Strength Potion"},{"floor":8,"key":"Swift Potion"},{"floor":14,"key":"Energy Potion"},{"floor":18,"key":"Explosive Potion"},{"floor":27,"key":"Dexterity Potion"},{"floor":29,"key":"Dexterity Potion"},{"floor":30,"key":"PowerPotion"},{"floor":33,"key":"GhostInAJar"},{"floor":35,"key":"Explosive Potion"},{"floor":36,"key":"Block Potion"},{"floor":48,"key":"Weak Potion"}],"is_trial":false,"path_per_floor":["M","M","?","M","?","R","E","M","T","E","?","R","M","M","R","B",null,"M","$","M","?","M","R","M","$","T","M","R","M","M","?","R","B",null,"M","M","M","?","M","R","M","M","T","E","R","?","E","M","R","B",null,"R","$","E","B",null],"character_chosen":"THE_SILENT","items_purchased":["Masterful Stab+1","Vajra","Footwork","Ginger","Paper Crane"],"campfire_rested":2,"item_purchase_floors":[19,25,25,53,53],"current_hp_per_floor":[70,70,63,63,63,63,63,63,63,54,59,59,56,56,56,39,75,75,75,66,66,66,66,66,66,66,61,61,61,49,49,49,49,75,54,54,54,54,51,51,48,29,29,20,42,42,43,44,66,31,75,75,75,61,15],"gold":44,"neow_bonus":"BOSS_RELIC","is_prod":false,"is_daily":false,"chose_seed":false,"campfire_upgraded":7,"win_rate":0,"timestamp":1547272614,"path_taken":["M","M","?","M","?","R","E","?","T","E","?","R","M","M","R","BOSS","M","$","M","?","M","R","M","$","T","M","R","M","M","?","R","BOSS","M","M","?","?","M","R","?","M","T","E","R","?","E","M","R","BOSS","R","$","E","BOSS"],"build_version":"2019-01-10","purchased_purges":1,"victory":true,"max_hp_per_floor":[70,70,70,70,70,70,70,70,70,70,75,75,75,75,75,75,75,75,75,75,75,75,75,75,75,75,75,75,75,75,75,75,75,75,75,75,75,75,75,75,75,75,75,75,75,75,75,75,75,75,75,75,75,75,75],"card_choices":[{"not_picked":["Dodge and Roll","Calculated Gamble"],"picked":"Poisoned Stab","floor":1},{"not_picked":["Skewer","Sucker Punch"],"picked":"Crippling Poison","floor":2},{"not_picked":["Flechettes","Flying Knee"],"picked":"Dash","floor":4},{"not_picked":["Noxious Fumes","Underhanded Strike"],"picked":"Masterful Stab","floor":7},{"not_picked":["Acrobatics","Underhanded Strike"],"picked":"Bouncing Flask","floor":8},{"not_picked":["Blade Dance","Dodge and Roll","Poisoned Stab+1"],"picked":"SKIP","floor":10},{"not_picked":["Footwork","Flechettes+1","Wraith Form v2"],"picked":"SKIP","floor":13},{"not_picked":["Slice+1","Deadly Poison"],"picked":"Backstab+1","floor":14},{"not_picked":["After Image","Grand Finale+1"],"picked":"Wraith Form v2","floor":16},{"not_picked":["Sucker Punch+1","Outmaneuver"],"picked":"Catalyst","floor":18},{"not_picked":["Footwork","Outmaneuver","Concentrate"],"picked":"SKIP","floor":20},{"not_picked":["Eviscerate+1","Backstab+1"],"picked":"Leg Sweep","floor":22},{"not_picked":["Calculated Gamble","Distraction"],"picked":"Footwork+1","floor":24},{"not_picked":["Flying Knee+1","Dagger Throw+1","Dodge and Roll"],"picked":"SKIP","floor":27},{"not_picked":["Backstab+1","Quick Slash+1"],"picked":"Burst","floor":29},{"not_picked":["Well Laid Plans+1","Slice+1"],"picked":"Flechettes+1","floor":30},{"not_picked":["Doppelganger","After Image"],"picked":"Glass Knife+1","floor":33},{"not_picked":["Backflip","Reflex+1"],"picked":"Dodge and Roll+1","floor":35},{"not_picked":["Acrobatics+1","Cloak And Dagger+1"],"picked":"Escape Plan+1","floor":36},{"not_picked":["Flying Knee+1","PiercingWail+1","Backflip"],"picked":"SKIP","floor":37},{"not_picked":["Phantasmal Killer","Underhanded Strike+1","Eviscerate+1"],"picked":"SKIP","floor":39},{"not_picked":["Quick Slash+1","Accuracy","Prepared+1"],"picked":"SKIP","floor":41},{"not_picked":["Poisoned Stab+1","Accuracy","Blade Dance"],"picked":"SKIP","floor":42},{"not_picked":["Acrobatics+1","Prepared"],"picked":"Backstab+1","floor":44},{"not_picked":["Night Terror","Dodge and Roll"],"picked":"Catalyst+1","floor":47},{"not_picked":["PiercingWail","Slice+1","Flechettes+1"],"picked":"SKIP","floor":48},{"not_picked":["Endless Agony+1","Acrobatics","Heel Hook+1"],"picked":"SKIP","floor":54}],"player_experience":673315,"relics_obtained":[{"floor":7,"key":"Ninja Scroll"},{"floor":9,"key":"Molten Egg 2"},{"floor":10,"key":"Letter Opener"},{"floor":26,"key":"Gremlin Horn"},{"floor":44,"key":"Blood Vial"},{"floor":44,"key":"The Courier"},{"floor":47,"key":"Art of War"},{"floor":47,"key":"Ornamental Fan"},{"floor":54,"key":"Bag of Preparation"},{"floor":54,"key":"Whetstone"}],"event_choices":[{"cards_removed":["Strike_G"],"damage_healed":0,"gold_gain":0,"player_choice":"Card Removal","damage_taken":7,"max_hp_gain":0,"max_hp_loss":0,"event_name":"Golden Wing","floor":3,"gold_loss":0},{"cards_removed":["Defend_G"],"damage_healed":0,"gold_gain":0,"player_choice":"Offered Basic","damage_taken":0,"max_hp_gain":0,"max_hp_loss":0,"event_name":"Bonfire Elementals","floor":5,"gold_loss":0},{"damage_healed":0,"gold_gain":0,"player_choice":"Donut","damage_taken":0,"max_hp_gain":5,"max_hp_loss":0,"event_name":"Big Fish","floor":11,"gold_loss":0},{"cards_removed":["Infinite Blades"],"damage_healed":0,"gold_gain":0,"player_choice":"Elegance","damage_taken":0,"max_hp_gain":0,"max_hp_loss":0,"event_name":"Back to Basics","floor":21,"gold_loss":0},{"damage_healed":0,"gold_gain":0,"player_choice":"1 cards matched","damage_taken":0,"max_hp_gain":0,"max_hp_loss":0,"event_name":"Match and Keep!","floor":31,"gold_loss":0,"cards_obtained":["Blind"]},{"damage_healed":0,"gold_gain":0,"player_choice":"Ignored","damage_taken":0,"max_hp_gain":0,"max_hp_loss":0,"event_name":"SecretPortal","floor":38,"gold_loss":0},{"damage_healed":0,"gold_gain":100,"player_choice":"Pray","damage_taken":0,"max_hp_gain":0,"max_hp_loss":0,"event_name":"Golden Shrine","floor":46,"gold_loss":0}],"is_beta":false,"boss_relics":[{"not_picked":["Velvet Choker","Coffee Dripper"],"picked":"Pandora\u0027s Box"},{"not_picked":["Fusion Hammer","Runic Dome"],"picked":"Black Star"}],"items_purged_floors":[19],"is_endless":false,"potions_floor_spawned":[2,4,8,14,18,27,29,30,33,35,36,48],"ascension_level":1}