{"gold_per_floor":[119,119,119,132,149,149,168,168,192,223,223,223,121,151,151,251,251,261,261],"floor_reached":19,"playtime":717,"items_purged":["Strike_R"],"score":198,"play_id":"fac17e5a-0d2f-4047-9232-6d5e3be7fea3","local_time":"20190418230736","is_ascension_mode":true,"campfire_choices":[{"data":"Armaments","floor":6,"key":"SMITH"},{"data":"Bash","floor":8,"key":"SMITH"},{"data":"Sword Boomerang","floor":12,"key":"SMITH"},{"data":"Heavy Blade","floor":15,"key":"SMITH"}],"neow_cost":"TEN_PERCENT_HP_LOSS","seed_source_timestamp":87041979089540,"circlet_count":0,"master_deck":["Strike_R","Strike_R","Strike_R","Defend_R","Defend_R","Defend_R","Defend_R","Bash+1","Disarm+1","Cleave","Armaments+1","Sword Boomerang+1","Limit Break","Heavy Blade+1","Feed","Spot Weakness"],"relics":["Burning Blood","Turnip","Potion Belt","Vajra","WingedGreaves","Mark of Pain"],"potions_floor_usage":[10],"damage_taken":[{"damage":0,"enemies":"Small Slimes","floor":1,"turns":4},{"damage":7,"enemies":"Cultist","floor":4,"turns":5},{"damage":8,"enemies":"Jaw Worm","floor":5,"turns":6},{"damage":7,"enemies":"Blue Slaver","floor":7,"turns":6},{"damage":20,"enemies":"Lagavulin","floor":10,"turns":8},{"damage":13,"enemies":"Slime Boss","floor":16,"turns":7},{"damage":30,"enemies":"Shell Parasite","floor":18,"turns":5},{"damage":65,"enemies":"Masked Bandits","floor":19,"turns":3}],"seed_played":"8388435185523786803","potions_obtained":[{"floor":5,"key":"EssenceOfSteel"},{"floor":7,"key":"LiquidBronze"}],"is_trial":false,"path_per_floor":["M","?","?","M","M","R","M","R","T","E","?","R","$","?","R","B",null,"M","?"],"character_chosen":"IRONCLAD","items_purchased":["Heavy Blade"],"campfire_rested":0,"item_purchase_floors":[13],"current_hp_per_floor":[72,54,54,53,51,51,50,50,50,36,36,36,36,36,36,29,72,51,0],"gold":261,"neow_bonus":"ONE_RARE_RELIC","is_prod":false,"is_daily":false,"chose_seed":false,"campfire_upgraded":4,"win_rate":0,"timestamp":1555646856,"path_taken":["M","?","?","?","M","R","M","R","T","E","?","R","$","?","R","BOSS","M","?"],"build_version":"2019-01-23","purchased_purges":1,"victory":false,"max_hp_per_floor":[72,72,72,72,72,72,72,72,72,72,72,72,72,72,72,72,72,75,75],"card_choices":[{"not_picked":["Sword Boomerang","Battle Trance"],"picked":"Disarm","floor":1},{"not_picked":["Thunderclap","Sword Boomerang"],"picked":"Cleave","floor":4},{"not_picked":["Perfected Strike","Rupture"],"picked":"Armaments","floor":5},{"not_picked":["Heavy Blade","Headbutt"],"picked":"Sword Boomerang","floor":7},{"not_picked":["Feel No Pain","Sentinel"],"picked":"Limit Break","floor":10},{"not_picked":["Berserk","Reaper"],"picked":"Feed","floor":16},{"not_picked":["Havoc","True Grit+1"],"picked":"Spot Weakness","floor":18}],"player_experience":235531,"relics_obtained":[{"floor":9,"key":"Vajra"},{"floor":10,"key":"WingedGreaves"}],"event_choices":[{"damage_healed":0,"gold_gain":0,"player_choice":"Success","damage_taken":18,"relics_obtained":["Potion Belt"],"max_hp_gain":0,"max_hp_loss":0,"event_name":"Scrap Ooze","floor":2,"gold_loss":0},{"cards_removed":["Strike_R"],"damage_healed":0,"gold_gain":0,"player_choice":"Offered Basic","damage_taken":0,"max_hp_gain":0,"max_hp_loss":0,"event_name":"Bonfire Elementals","floor":3,"gold_loss":0},{"damage_healed":0,"gold_gain":0,"player_choice":"Grow","damage_taken":0,"max_hp_gain":0,"max_hp_loss":0,"event_name":"Living Wall","floor":11,"gold_loss":0,"cards_upgraded":["Disarm"]},{"damage_healed":0,"gold_gain":30,"player_choice":"Searched \u00272\u0027 times","damage_taken":0,"max_hp_gain":0,"max_hp_loss":0,"event_name":"Dead Adventurer","floor":14,"gold_loss":0},{"damage_healed":0,"gold_gain":0,"player_choice":"Fought Bandits","damage_taken":0,"max_hp_gain":0,"max_hp_loss":0,"event_name":"Masked Bandits","floor":19,"gold_loss":0}],"is_beta":false,"boss_relics":[{"not_picked":["Black Star","Pandora\u0027s Box"],"picked":"Mark of Pain"}],"items_purged_floors":[13],"is_endless":false,"potions_floor_spawned":[5,7],"killed_by":"Masked Bandits","ascension_level":4}