{"gold_per_floor":[209,60,60,71,71,71,104,104,104,120,134,134,144,144,144,239,239,258,289,303,223,323,323,357,357,357,110,138,158,174,200,200,296,296,316,334,353,353,263,263],"floor_reached":40,"playtime":1723,"items_purged":["Strike_R","Strike_R","Regret"],"score":543,"play_id":"f94df690-53d5-4338-86e7-ca7bf042e26a","local_time":"20190403005137","is_ascension_mode":true,"campfire_choices":[{"data":"Immolate","floor":6,"key":"SMITH"},{"data":"Hemokinesis","floor":8,"key":"SMITH"},{"data":"Bash","floor":12,"key":"SMITH"},{"data":"Sword Boomerang","floor":15,"key":"SMITH"},{"data":"Rage","floor":23,"key":"SMITH"},{"data":"Iron Wave","floor":25,"key":"SMITH"},{"data":"Exhume","floor":32,"key":"SMITH"}],"neow_cost":"NONE","seed_source_timestamp":1217855331786127,"circlet_count":0,"master_deck":["Strike_R","Strike_R","Defend_R","Defend_R","Defend_R","Defend_R","Bash+1","Anger","Inflame+1","Immolate+1","Hemokinesis+1","Sword Boomerang+1","Iron Wave+1","Reaper+1","Rage+1","Twin Strike","Exhume+1","Shrug It Off+1","Flame Barrier+1","Dramatic Entrance","Transmutation"],"relics":["Burning Blood","Red Skull","The Courier","PreservedInsect","Busted Crown","Red Mask","Kunai","StoneCalendar","Meat on the Bone","Mummified Hand","Omamori","Boot","Black Star"],"potions_floor_usage":[16,22,22,28,33,35,37],"damage_taken":[{"damage":8,"enemies":"Jaw Worm","floor":1,"turns":5},{"damage":14,"enemies":"2 Louse","floor":4,"turns":3},{"damage":13,"enemies":"3 Sentries","floor":7,"turns":3},{"damage":0,"enemies":"Small Slimes","floor":10,"turns":1},{"damage":8,"enemies":"Blue Slaver","floor":11,"turns":3},{"damage":0,"enemies":"2 Fungi Beasts","floor":13,"turns":1},{"damage":4,"enemies":"Slime Boss","floor":16,"turns":5},{"damage":7,"enemies":"Shell Parasite","floor":18,"turns":2},{"damage":19,"enemies":"Masked Bandits","floor":19,"turns":3},{"damage":21,"enemies":"2 Thieves","floor":20,"turns":3},{"damage":12,"enemies":"Colosseum Slavers","floor":22,"turns":2},{"damage":11,"enemies":"Colosseum Nobs","floor":22,"turns":3},{"damage":19,"enemies":"Slavers","floor":24,"turns":3},{"damage":14,"enemies":"Gremlin Leader","floor":28,"turns":4},{"damage":16,"enemies":"Snake Plant","floor":29,"turns":3},{"damage":20,"enemies":"Snecko","floor":30,"turns":4},{"damage":7,"enemies":"Book of Stabbing","floor":31,"turns":4},{"damage":46,"enemies":"Automaton","floor":33,"turns":8},{"damage":7,"enemies":"Orb Walker","floor":35,"turns":4},{"damage":23,"enemies":"3 Shapes","floor":36,"turns":6},{"damage":17,"enemies":"Jaw Worm Horde","floor":37,"turns":3},{"damage":47,"enemies":"Reptomancer","floor":40,"turns":5}],"seed_played":"-5776372440818346519","potions_obtained":[{"floor":7,"key":"SpeedPotion"},{"floor":10,"key":"Energy Potion"},{"floor":13,"key":"Poison Potion"},{"floor":18,"key":"EssenceOfSteel"},{"floor":20,"key":"Poison Potion"},{"floor":29,"key":"Poison Potion"},{"floor":31,"key":"SkillPotion"},{"floor":36,"key":"Swift Potion"}],"is_trial":false,"path_per_floor":["M","$","?","M","$","R","E","R","T","M","M","R","M","?","R","B",null,"M","?","M","$","?","R","E","R","T","$","E","M","M","E","R","B",null,"M","M","M","?","?","E"],"character_chosen":"IRONCLAD","items_purchased":["Inflame","Twin Strike","Exhume"],"campfire_rested":0,"item_purchase_floors":[2,27,27],"current_hp_per_floor":[78,78,78,70,70,70,63,63,63,69,67,67,73,73,73,75,80,79,66,51,51,40,40,47,47,47,47,51,53,51,57,57,39,80,79,62,51,46,46,0],"gold":263,"neow_bonus":"HUNDRED_GOLD","is_prod":false,"is_daily":false,"chose_seed":false,"campfire_upgraded":7,"win_rate":0,"timestamp":1554270697,"path_taken":["M","$","?","M","$","R","E","R","T","M","M","R","M","?","R","BOSS","M","?","M","$","?","R","E","R","T","$","E","M","M","E","R","BOSS","M","M","M","?","?","E"],"build_version":"2019-01-23","purchased_purges":3,"victory":false,"max_hp_per_floor":[80,80,80,80,80,80,80,80,80,80,80,80,80,80,80,80,80,80,80,80,80,80,80,80,80,80,80,80,80,80,80,80,80,80,80,80,80,80,80,80],"card_choices":[{"not_picked":["Sword Boomerang","Headbutt"],"picked":"Anger","floor":1},{"not_picked":["Sentinel","Ghostly Armor"],"picked":"Immolate","floor":4},{"not_picked":["Havoc","Clash"],"picked":"Hemokinesis","floor":7},{"not_picked":["Clash","Intimidate"],"picked":"Sword Boomerang","floor":10},{"not_picked":["Perfected Strike","Body Slam"],"picked":"Iron Wave","floor":11},{"not_picked":["Body Slam","Warcry","Iron Wave"],"picked":"SKIP","floor":13},{"not_picked":["Bludgeon","Limit Break"],"picked":"Reaper","floor":16},{"not_picked":["Perfected Strike"],"picked":"SKIP","floor":18},{"not_picked":[],"picked":"Rage","floor":20},{"not_picked":["Anger"],"picked":"SKIP","floor":24},{"not_picked":[],"picked":"Shrug It Off+1","floor":28},{"not_picked":["Combust"],"picked":"SKIP","floor":29},{"not_picked":["Flex"],"picked":"SKIP","floor":30},{"not_picked":["Rupture"],"picked":"SKIP","floor":31},{"not_picked":["Sword Boomerang"],"picked":"SKIP","floor":35},{"not_picked":["Reckless Charge"],"picked":"SKIP","floor":36},{"not_picked":[],"picked":"Flame Barrier+1","floor":37},{"not_picked":[],"picked":"Dramatic Entrance","floor":38},{"not_picked":[],"picked":"Transmutation","floor":38}],"player_experience":204283,"relics_obtained":[{"floor":7,"key":"Red Skull"},{"floor":9,"key":"The Courier"},{"floor":19,"key":"Red Mask"},{"floor":22,"key":"Kunai"},{"floor":22,"key":"StoneCalendar"},{"floor":24,"key":"Meat on the Bone"},{"floor":26,"key":"Mummified Hand"},{"floor":28,"key":"Omamori"},{"floor":31,"key":"Boot"}],"event_choices":[{"damage_healed":0,"gold_gain":0,"player_choice":"Grow","damage_taken":0,"max_hp_gain":0,"max_hp_loss":0,"event_name":"Living Wall","floor":3,"gold_loss":0,"cards_upgraded":["Inflame"]},{"damage_healed":0,"gold_gain":0,"player_choice":"Box","damage_taken":0,"relics_obtained":["PreservedInsect"],"max_hp_gain":0,"max_hp_loss":0,"event_name":"Big Fish","floor":14,"gold_loss":0,"cards_obtained":["Regret"]},{"damage_healed":0,"gold_gain":0,"player_choice":"Fought Bandits","damage_taken":0,"max_hp_gain":0,"max_hp_loss":0,"event_name":"Masked Bandits","floor":19,"gold_loss":0},{"damage_healed":0,"gold_gain":0,"player_choice":"Fight","damage_taken":0,"max_hp_gain":0,"max_hp_loss":0,"event_name":"Colosseum","floor":22,"gold_loss":0},{"damage_healed":0,"gold_gain":0,"player_choice":"Fought Nobs","damage_taken":0,"max_hp_gain":0,"max_hp_loss":0,"event_name":"Colosseum","floor":22,"gold_loss":0},{"damage_healed":0,"gold_gain":0,"player_choice":"Memory 2","damage_taken":5,"max_hp_gain":0,"max_hp_loss":0,"event_name":"SensoryStone","floor":38,"gold_loss":0},{"cards_removed":["Strike_R"],"damage_healed":0,"gold_gain":0,"player_choice":"Upgrade and Remove","damage_taken":0,"max_hp_gain":0,"max_hp_loss":0,"event_name":"Designer","floor":39,"gold_loss":90,"cards_upgraded":["Reaper"]}],"is_beta":false,"boss_relics":[{"not_picked":["White Beast Statue","Eternal Feather"],"picked":"Busted Crown"},{"not_picked":["Astrolabe","Calling Bell"],"picked":"Black Star"}],"items_purged_floors":[2,21,27],"is_endless":false,"potions_floor_spawned":[7,10,13,18,20,29,31,36],"killed_by":"Reptomancer","ascension_level":2}