{"gold_per_floor":[116,116,132,142,155,155,155,182,257,257,276,291,316,327,327,401,401,326,326,326,326,326,326,326,326,326,326,326,326,326,326,326,326,326,326,326,326,326,251,251,251],"floor_reached":41,"playtime":50311,"items_purged":["Defend_G"],"score":870,"play_id":"b02d384f-eeaa-44d2-ab6e-5f10e09dfda7","local_time":"20190414154621","is_ascension_mode":true,"campfire_choices":[{"data":"Neutralize","floor":6,"key":"SMITH"},{"floor":10,"key":"REST"},{"data":"Sucker Punch","floor":15,"key":"SMITH"},{"data":"Skewer","floor":23,"key":"SMITH"},{"data":"Leg Sweep","floor":30,"key":"SMITH"},{"data":"Defend_G","floor":32,"key":"PURGE"},{"data":"Footwork","floor":40,"key":"SMITH"}],"neow_cost":"NONE","seed_source_timestamp":73361881356223,"circlet_count":0,"master_deck":["AscendersBane","Defend_G+1","Defend_G","Defend_G+1","Survivor","Neutralize+1","Quick Slash","PiercingWail","Deflect","Deflect","Escape Plan","Dash","Sucker Punch+1","After Image","Backstab+1","Skewer+1","Bite","Bite","Bite","Bite","Bite","Leg Sweep+1","Heel Hook","Malaise","Infinite Blades","Good Instincts","Footwork+1"],"relics":["Ring of the Snake","Peace Pipe","War Paint","Meat on the Bone","Bag of Preparation","Ectoplasm","Regal Pillow","Pocketwatch","Letter Opener","Question Card","Pear","Bottled Flame","Sozu"],"potions_floor_usage":[8,13,16,16,25,27,33,41],"damage_taken":[{"damage":2,"enemies":"Jaw Worm","floor":1,"turns":8},{"damage":1,"enemies":"Small Slimes","floor":3,"turns":4},{"damage":0,"enemies":"Cultist","floor":4,"turns":4},{"damage":5,"enemies":"Looter","floor":5,"turns":5},{"damage":38,"enemies":"3 Sentries","floor":8,"turns":17},{"damage":12,"enemies":"Lots of Slimes","floor":11,"turns":9},{"damage":0,"enemies":"3 Louse","floor":12,"turns":5},{"damage":39,"enemies":"Gremlin Nob","floor":13,"turns":6},{"damage":0,"enemies":"Looter","floor":14,"turns":3},{"damage":38,"enemies":"The Guardian","floor":16,"turns":18},{"damage":3,"enemies":"2 Thieves","floor":18,"turns":5},{"damage":0,"enemies":"3 Byrds","floor":19,"turns":7},{"damage":25,"enemies":"Cultist and Chosen","floor":21,"turns":14},{"damage":20,"enemies":"Sentry and Sphere","floor":22,"turns":7},{"damage":37,"enemies":"Book of Stabbing","floor":25,"turns":7},{"damage":5,"enemies":"Slavers","floor":27,"turns":8},{"damage":1,"enemies":"Snecko","floor":28,"turns":4},{"damage":28,"enemies":"Book of Stabbing","floor":29,"turns":8},{"damage":11,"enemies":"Slavers","floor":31,"turns":10},{"damage":87,"enemies":"Automaton","floor":33,"turns":18},{"damage":9,"enemies":"Orb Walker","floor":35,"turns":5},{"damage":0,"enemies":"3 Darklings","floor":38,"turns":12},{"damage":93,"enemies":"Giant Head","floor":41,"turns":12}],"seed_played":"-3822157702077118048","potions_obtained":[{"floor":1,"key":"Energy Potion"},{"floor":8,"key":"Weak Potion"},{"floor":12,"key":"Regen Potion"},{"floor":13,"key":"SteroidPotion"},{"floor":21,"key":"Weak Potion"},{"floor":22,"key":"Strength Potion"},{"floor":29,"key":"Regen Potion"},{"floor":31,"key":"Explosive Potion"}],"is_trial":false,"path_per_floor":["M","?","M","M","M","R","?","E","T","R","M","M","E","M","R","B",null,"M","M","?","M","M","R","?","E","T","E","M","E","R","E","R","B",null,"M","?","?","M","$","R","E"],"character_chosen":"THE_SILENT","items_purchased":[],"campfire_rested":1,"item_purchase_floors":[],"current_hp_per_floor":[63,52,51,51,46,46,46,8,8,29,29,41,14,26,26,15,58,55,55,55,42,34,34,34,23,23,36,41,47,47,56,56,23,51,52,52,52,60,60,60,0],"gold":251,"neow_bonus":"TEN_PERCENT_HP_BONUS","is_prod":false,"is_daily":false,"chose_seed":false,"campfire_upgraded":5,"win_rate":0,"timestamp":1555220781,"path_taken":["M","?","M","M","M","R","?","E","T","R","M","?","E","M","R","BOSS","M","M","?","M","?","R","?","E","T","E","M","E","R","E","R","BOSS","M","?","?","M","$","R","E"],"build_version":"2019-01-23","purchased_purges":1,"victory":false,"max_hp_per_floor":[72,72,72,72,72,72,72,72,72,72,72,72,72,72,72,72,72,72,72,72,72,72,72,50,50,50,50,50,60,60,60,60,60,60,60,60,60,60,60,60,60],"card_choices":[{"not_picked":["Accuracy","Deadly Poison"],"picked":"Quick Slash","floor":1},{"not_picked":["Deadly Poison","Catalyst"],"picked":"PiercingWail","floor":3},{"not_picked":["Dodge and Roll","Underhanded Strike"],"picked":"Deflect","floor":4},{"not_picked":["Concentrate","Tactician","Prepared"],"picked":"SKIP","floor":5},{"not_picked":["Infinite Blades","Underhanded Strike"],"picked":"Deflect","floor":8},{"not_picked":["Dagger Throw","Setup"],"picked":"Escape Plan","floor":11},{"not_picked":["Setup","Deflect","Flechettes"],"picked":"SKIP","floor":12},{"not_picked":["Setup","Deflect"],"picked":"Flechettes","floor":12},{"not_picked":["Concentrate","Slice"],"picked":"Dash","floor":13},{"not_picked":["Deadly Poison","Night Terror"],"picked":"Sucker Punch","floor":14},{"not_picked":["Night Terror","Grand Finale"],"picked":"After Image","floor":16},{"not_picked":["Outmaneuver","Prepared","Underhanded Strike"],"picked":"SKIP","floor":18},{"not_picked":["Bane","Dagger Throw"],"picked":"Backstab+1","floor":19},{"not_picked":["Calculated Gamble","Grand Finale"],"picked":"Skewer","floor":21},{"not_picked":["Flechettes","Prepared","Flying Knee"],"picked":"SKIP","floor":22},{"not_picked":["Flying Knee","Bane+1","Dagger Spray"],"picked":"SKIP","floor":25},{"not_picked":["Poisoned Stab","Acrobatics","Storm of Steel"],"picked":"SKIP","floor":27},{"not_picked":["Poisoned Stab","Flying Knee","Catalyst","Tactician"],"picked":"SKIP","floor":28},{"not_picked":["PiercingWail","Predator","Quick Slash"],"picked":"Leg Sweep","floor":29},{"not_picked":["Riddle With Holes","Deadly Poison","Backflip"],"picked":"Heel Hook","floor":31},{"not_picked":["Unload","Doppelganger","Die Die Die"],"picked":"Malaise","floor":33},{"not_picked":["Quick Slash","Backflip","Flying Knee"],"picked":"Infinite Blades","floor":35},{"not_picked":["Purity","PanicButton","Bandage Up"],"picked":"Good Instincts","floor":36},{"not_picked":["Slice","Dodge and Roll","Reflex"],"picked":"Footwork","floor":38}],"player_experience":530646,"relics_obtained":[{"floor":8,"key":"War Paint"},{"floor":9,"key":"Meat on the Bone"},{"floor":13,"key":"Bag of Preparation"},{"floor":25,"key":"Pocketwatch"},{"floor":26,"key":"Letter Opener"},{"floor":27,"key":"Question Card"},{"floor":29,"key":"Pear"},{"floor":31,"key":"Bottled Flame"}],"event_choices":[{"damage_healed":0,"gold_gain":0,"player_choice":"Success","damage_taken":11,"relics_obtained":["Peace Pipe"],"max_hp_gain":0,"max_hp_loss":0,"event_name":"Scrap Ooze","floor":2,"gold_loss":0},{"cards_removed":["Strike_G"],"damage_healed":0,"gold_gain":0,"player_choice":"Offered Basic","damage_taken":0,"max_hp_gain":0,"max_hp_loss":0,"event_name":"Bonfire Elementals","floor":7,"gold_loss":0},{"cards_removed":["Flechettes"],"damage_healed":0,"gold_gain":0,"player_choice":"Gave Card","damage_taken":0,"relics_obtained":["Regal Pillow"],"max_hp_gain":0,"max_hp_loss":0,"event_name":"WeMeetAgain","floor":20,"gold_loss":0},{"damage_healed":0,"gold_gain":0,"player_choice":"Became a vampire","damage_taken":0,"max_hp_gain":0,"max_hp_loss":22,"event_name":"Vampires","floor":24,"gold_loss":0,"cards_obtained":["Bite","Bite","Bite","Bite","Bite"]},{"damage_healed":0,"gold_gain":0,"player_choice":"Memory 1","damage_taken":0,"max_hp_gain":0,"max_hp_loss":0,"event_name":"SensoryStone","floor":36,"gold_loss":0},{"damage_healed":0,"gold_gain":0,"player_choice":"Ignored","damage_taken":0,"max_hp_gain":0,"max_hp_loss":0,"event_name":"Tomb of Lord Red Mask","floor":37,"gold_loss":0}],"is_beta":false,"boss_relics":[{"not_picked":["Calling Bell","Coffee Dripper"],"picked":"Ectoplasm"},{"not_picked":["Eternal Feather","Snecko Eye"],"picked":"Sozu"}],"items_purged_floors":[39],"is_endless":false,"potions_floor_spawned":[1,8,12,13,14,21,22,29,31,35,38],"killed_by":"Giant Head","ascension_level":15}