{"path_per_floor":["M","?","$","M","M","E","R","M","T","M","R","?","R","E","R","B",null,"M","T","M","M","M","R","$","M","T","R"],"character_chosen":"IRONCLAD","items_purchased":["Inflame"],"gold_per_floor":[112,112,33,50,64,94,94,110,110,126,126,126,126,151,151,249,249,219,242,261,273,285,285,210,220,273,273],"floor_reached":28,"campfire_rested":0,"playtime":1226,"current_hp_per_floor":[74,74,74,69,75,65,65,60,60,66,66,66,66,61,61,46,80,63,63,69,41,29,29,29,26,26,26],"items_purged":["Strike_R"],"gold":273,"score":253,"play_id":"93e15aa6-8628-4c84-95ff-32998cab6344","is_prod":false,"is_daily":false,"is_ascension_mode":true,"campfire_upgraded":6,"path_taken":["M","?","$","M","M","E","R","M","T","M","R","?","R","E","R","BOSS","M","?","M","M","?","R","$","M","T","R","E"],"build_version":"2018-02-12-PROD1","purchased_purges":1,"victory":false,"master_deck":["Defend_R","Defend_R+1","Defend_R","Defend_R","Bash+1","Twin Strike","Inflame+1","Disarm+1","Twin Strike","Evolve+1","Shockwave+1","Ghostly Armor+1","Demon Form+1","Flame Barrier+1","Combust+1","Entrench+1","Body Slam+1","Battle Trance"],"max_hp_per_floor":[80,80,80,80,80,80,80,80,80,80,80,80,80,80,80,80,80,80,80,80,80,80,80,80,80,80,80],"relics":["Burning Blood","War Paint","Frozen Eye","Gremlin Horn","Astrolabe","Orichalcum","Vajra"],"card_choices":[{"not_picked":["Clothesline","True Grit"],"picked":"Twin Strike"},{"not_picked":["Clothesline","Infernal Blade"],"picked":"Disarm"},{"not_picked":["Armaments","Reckless Charge"],"picked":"Twin Strike"},{"not_picked":["Pommel Strike","Flex"],"picked":"Evolve"},{"not_picked":["Body Slam","Hemokinesis"],"picked":"Shockwave"},{"not_picked":["Thunderclap","Sentinel"],"picked":"Ghostly Armor"},{"not_picked":["Dark Embrace","Berserk"],"picked":"Demon Form"},{"not_picked":["Metallicize","Iron Wave"],"picked":"Body Slam"},{"not_picked":["Demon Form","True Grit"],"picked":"Battle Trance"}],"player_experience":109198,"potions_floor_usage":[5,6,6,6,16,25,25,28],"damage_taken":[{"damage":12,"enemies":"Small Slimes","floor":1,"turns":4},{"damage":11,"enemies":"Blue Slaver","floor":4,"turns":4},{"damage":0,"enemies":"2 Louse","floor":5,"turns":1},{"damage":16,"enemies":"Lagavulin","floor":6,"turns":3},{"damage":11,"enemies":"Looter","floor":8,"turns":2},{"damage":0,"enemies":"3 Louse","floor":10,"turns":3},{"damage":11,"enemies":"Gremlin Nob","floor":14,"turns":3},{"damage":21,"enemies":"The Guardian","floor":16,"turns":8},{"damage":23,"enemies":"2 Thieves","floor":18,"turns":5},{"damage":0,"enemies":"3 Byrds","floor":20,"turns":1},{"damage":34,"enemies":"Snake Plant","floor":21,"turns":5},{"damage":18,"enemies":"Snecko","floor":22,"turns":6},{"damage":9,"enemies":"Slaver and Parasite","floor":25,"turns":7},{"damage":26,"enemies":"Gremlin Leader","floor":28,"turns":5}],"event_choices":[{"event_name":"The Lab","player_choice":"Got Potions","floor":2,"damage_taken":0},{"event_name":"Living Wall","player_choice":"Forget","floor":12,"damage_taken":0}],"boss_relics":[{"not_picked":["Black Blood","Eternal Feather"],"picked":"Astrolabe"}],"potions_floor_spawned":[4,5,8,18,22,25],"seed_played":"4071154983809096227","killed_by":"Gremlin Leader","ascension_level":2,"is_trial":false}