{"path_per_floor":["M","?","M","M","?","E","?","M","T","M","M","R","E","M","R","B",null,"M","?","$","?","?","R","M"],"character_chosen":"IRONCLAD","items_purchased":["Thinking Ahead","Panacea","Iron Wave"],"gold_per_floor":[115,115,131,150,150,176,176,196,196,213,223,223,256,272,272,374,374,389,389,34,34,34,34,53],"floor_reached":25,"campfire_rested":0,"playtime":2605,"current_hp_per_floor":[70,70,80,80,80,65,65,72,72,74,75,75,87,87,87,33,87,59,59,59,59,59,59,26],"items_purged":[],"gold":53,"play_id":"c2fadfa9-99d7-450c-9f21-ba5fbb346c62","is_prod":false,"is_daily":false,"is_ascension_mode":false,"campfire_upgraded":3,"path_taken":["M","?","M","M","?","E","?","M","T","M","M","R","E","M","R","BOSS","M","?","$","?","?","R","M","?"],"build_version":"2018-02-01-PROD3","purchased_purges":0,"victory":false,"master_deck":["Strike_R","Strike_R","Strike_R","Strike_R","Defend_R","Defend_R","Defend_R","Defend_R","Bash","Reaper","Rampage+1","Rampage+1","Armaments+1","Warcry","Headbutt","Offering","Bloodletting","Combust","Double Tap+1","Cleave","Spot Weakness","Body Slam","Thinking Ahead+1","Panacea","Iron Wave","Pommel Strike"],"max_hp_per_floor":[80,80,80,80,80,80,80,80,80,80,80,80,87,87,87,87,87,87,87,87,87,87,87,87],"relics":["Black Blood","Ancient Tea Set","Frozen Eye","Strawberry"],"card_choices":[{"not_picked":["Sever Soul","Power Through"],"picked":"Reaper"},{"not_picked":["Dropkick","Blood for Blood"],"picked":"Rampage"},{"not_picked":["Body Slam","Clash"],"picked":"Rampage"},{"not_picked":["Heavy Blade","Headbutt"],"picked":"Armaments"},{"not_picked":["True Grit","Anger"],"picked":"Warcry"},{"not_picked":["Reckless Charge","Body Slam"],"picked":"Headbutt"},{"not_picked":["Heavy Blade","Infernal Blade"],"picked":"Offering"},{"not_picked":["Body Slam","Twin Strike"],"picked":"Bloodletting"},{"not_picked":["Perfected Strike","Iron Wave"],"picked":"Combust"},{"not_picked":["Impervious","Limit Break"],"picked":"Double Tap"},{"not_picked":["Sword Boomerang","Anger"],"picked":"Cleave"},{"not_picked":["Corruption","Anger"],"picked":"Pommel Strike"}],"player_experience":19102,"potions_floor_usage":[6,6,13,16,16],"damage_taken":[{"damage":16,"enemies":"Blue Slaver","floor":1,"turns":7},{"damage":4,"enemies":"Small Slimes","floor":3,"turns":6},{"damage":0,"enemies":"2 Louse","floor":4,"turns":3},{"damage":21,"enemies":"Lagavulin","floor":6,"turns":5},{"damage":7,"enemies":"2 Fungi Beasts","floor":8,"turns":4},{"damage":8,"enemies":"Red Slaver","floor":10,"turns":4},{"damage":11,"enemies":"Exordium Wildlife","floor":11,"turns":3},{"damage":4,"enemies":"Gremlin Nob","floor":13,"turns":2},{"damage":12,"enemies":"3 Louse","floor":14,"turns":6},{"damage":60,"enemies":"Hexaghost","floor":16,"turns":9},{"damage":38,"enemies":"Chosen","floor":18,"turns":7},{"damage":52,"enemies":"3 Byrds","floor":24,"turns":5},{"damage":30,"enemies":"Snecko","floor":25,"turns":4}],"event_choices":[{"event_name":"The Cleric","player_choice":"Leave","floor":2,"damage_taken":0},{"event_name":"Wheel of Change","player_choice":"Card Removal","floor":5,"damage_taken":0},{"event_name":"Upgrade Shrine","player_choice":"Upgraded","floor":7,"damage_taken":0},{"event_name":"Match and Keep!","player_choice":"2 cards matched","floor":19,"damage_taken":0},{"event_name":"Match and Keep!","player_choice":"2 cards matched","floor":19,"damage_taken":0},{"event_name":"Beggar","player_choice":"Ignored","floor":21,"damage_taken":0},{"event_name":"Upgrade Shrine","player_choice":"Upgraded","floor":22,"damage_taken":0}],"boss_relics":[{"not_picked":["Astrolabe","Cursed Key"],"picked":"Black Blood"}],"potions_floor_spawned":[1,3,4,8,11],"seed_played":"3901601885166911143","killed_by":"Snecko","ascension_level":0,"is_trial":false}