{"path_per_floor":["M","?","M","$","M","E","M","E","T","?","?","?","M","M","R","B",null,"M","?","?","$","?","E","M","?","T","E","T","?","R","M","R","B",null,"M","?","M","T","M","E","R","?","T","M","$","E","M","M","R"],"character_chosen":"IRONCLAD","items_purchased":["Perfected Strike","Armaments","Clothesline","Strawberry","Vajra","Evolve","Pommel Strike","Blood for Blood"],"gold_per_floor":[111,111,125,3,20,55,67,101,401,401,401,401,413,429,429,528,528,543,543,458,25,25,52,72,72,72,103,103,28,28,40,40,138,138,154,0,13,38,54,84,84,84,84,97,20,49,67,77,77],"floor_reached":50,"campfire_rested":2,"playtime":4419,"current_hp_per_floor":[80,73,72,72,69,56,62,61,61,45,45,45,47,45,45,28,84,82,82,82,89,89,95,97,97,97,95,95,95,95,111,111,52,111,92,92,105,105,98,39,73,73,73,56,56,67,59,69,103],"items_purged":[],"gold":77,"score":625,"play_id":"f0dc1b6b-8b97-402b-a4ee-ff1378d300ff","is_prod":false,"is_daily":false,"is_ascension_mode":false,"campfire_upgraded":3,"path_taken":["M","?","M","?","M","E","M","E","T","?","?","?","M","M","R","BOSS","M","?","?","$","?","E","M","?","T","E","?","?","R","M","R","BOSS","M","?","M","?","M","E","R","?","T","M","?","E","?","?","R","BOSS"],"build_version":"2018-02-08-PROD1","purchased_purges":0,"victory":false,"master_deck":["Strike_R+1","Strike_R+1","Strike_R+1","Strike_R+1","Defend_R+1","Defend_R+1","Defend_R+1","Defend_R+1","Thunderclap","Flame Barrier+1","Hemokinesis+1","Perfected Strike","Armaments+1","Clothesline","Perfected Strike","Bludgeon","Searing Blow","Twin Strike","Iron Wave","Rage+1","Headbutt","Feed+1","Offering+1","Rampage+1","Evolve","Pommel Strike","Metallicize+1","Disarm+1","Shockwave+1","Hemokinesis+1","Demon Form","Headbutt+1","Hemokinesis","Twin Strike+1","Wild Strike","Burning Pact+1","Blood for Blood","Limit Break","Dual Wield+1","Power Through+1"],"max_hp_per_floor":[80,80,80,80,80,80,80,80,80,80,80,80,80,80,80,84,84,88,88,88,95,95,99,103,103,103,107,107,107,107,111,111,111,111,111,111,111,111,115,115,115,115,115,115,115,115,115,115,115],"relics":["Burning Blood","Letter Opener","Blood Vial","Pen Nib","Old Coin","Mark of Pain","Lantern","Strawberry","Vajra","Bird Faced Urn","Magic Flower","Red Skull","Bag of Marbles","Bag of Preparation","White Beast Statue","Red Mask","Happy Flower","War Paint","Gambling Chip","Molten Egg 2"],"card_choices":[{"not_picked":["Warcry","Flex"],"picked":"Thunderclap"},{"not_picked":["Headbutt","Armaments"],"picked":"Flame Barrier"},{"not_picked":["Thunderclap","Clothesline"],"picked":"Hemokinesis"},{"not_picked":["Corruption","Heavy Blade"],"picked":"Perfected Strike"},{"not_picked":["Whirlwind","Twin Strike"],"picked":"Bludgeon"},{"not_picked":["Sever Soul","Disarm"],"picked":"Searing Blow"},{"not_picked":["Flame Barrier","Corruption"],"picked":"Twin Strike"},{"not_picked":["Clothesline","Heavy Blade"],"picked":"Headbutt"},{"not_picked":["Body Slam","Warcry"],"picked":"Feed"},{"not_picked":["Limit Break","Barricade"],"picked":"Offering"},{"not_picked":["Anger","Sword Boomerang"],"picked":"Rampage"},{"not_picked":["Thunderclap","Feel No Pain"],"picked":"Metallicize"},{"not_picked":["Whirlwind","Perfected Strike"],"picked":"Disarm"},{"not_picked":["Clash","Twin Strike"],"picked":"Shockwave"},{"not_picked":["Clash","Sever Soul"],"picked":"Hemokinesis"},{"not_picked":["Bludgeon","Berserk"],"picked":"Demon Form"},{"not_picked":["Heavy Blade","Pummel"],"picked":"Headbutt"},{"not_picked":["Pummel","Body Slam"],"picked":"Hemokinesis"},{"not_picked":["Disarm","Rage"],"picked":"Twin Strike"},{"not_picked":["Twin Strike","Evolve"],"picked":"Wild Strike"},{"not_picked":["Perfected Strike","Clash"],"picked":"Burning Pact"},{"not_picked":["Bloodletting","Impervious"],"picked":"Limit Break"},{"not_picked":["Sword Boomerang","Blood for Blood"],"picked":"Dual Wield"},{"not_picked":["Feel No Pain","Blood for Blood"],"picked":"Power Through"}],"player_experience":27649,"potions_floor_usage":[8,14,23,33,37,40,44,46,47,48,50,50,50],"damage_taken":[{"damage":6,"enemies":"Jaw Worm","floor":1,"turns":3},{"damage":7,"enemies":"2 Louse","floor":3,"turns":4},{"damage":9,"enemies":"Blue Slaver","floor":5,"turns":2},{"damage":19,"enemies":"3 Sentries","floor":6,"turns":6},{"damage":2,"enemies":"Large Slime","floor":7,"turns":3},{"damage":21,"enemies":"Lagavulin","floor":8,"turns":5},{"damage":6,"enemies":"Exordium Wildlife","floor":13,"turns":3},{"damage":10,"enemies":"Lots of Slimes","floor":14,"turns":2},{"damage":29,"enemies":"Slime Boss","floor":16,"turns":12},{"damage":12,"enemies":"Shell Parasite","floor":18,"turns":4},{"damage":6,"enemies":"Slavers","floor":23,"turns":5},{"damage":12,"enemies":"3 Byrds","floor":24,"turns":4},{"damage":25,"enemies":"Book of Stabbing","floor":27,"turns":4},{"damage":4,"enemies":"Snake Plant","floor":31,"turns":2},{"damage":73,"enemies":"Automaton","floor":33,"turns":10},{"damage":31,"enemies":"3 Shapes","floor":35,"turns":4},{"damage":5,"enemies":"Orb Walker","floor":37,"turns":3},{"damage":34,"enemies":"Maw","floor":39,"turns":6},{"damage":80,"enemies":"Giant Head","floor":40,"turns":8},{"damage":29,"enemies":"3 Darklings","floor":44,"turns":3},{"damage":19,"enemies":"2 Orb Walkers","floor":46,"turns":4},{"damage":20,"enemies":"4 Shapes","floor":47,"turns":2},{"damage":7,"enemies":"Sphere and 2 Shapes","floor":48,"turns":2},{"damage":145,"enemies":"Awakened One","floor":50,"turns":7}],"event_choices":[{"event_name":"Scrap Ooze","player_choice":"success","floor":2,"damage_taken":7},{"event_name":"Shining Light","player_choice":"Entered Light","floor":10,"damage_taken":0},{"event_name":"Match and Keep!","player_choice":"3 cards matched","floor":11,"damage_taken":0},{"event_name":"Living Wall","player_choice":"Forget","floor":12,"damage_taken":0},{"event_name":"Back to Basics","player_choice":"Simplicity","floor":19,"damage_taken":0},{"event_name":"Addict","player_choice":"Obtained Relic","floor":20,"damage_taken":0},{"event_name":"Drug Dealer","player_choice":"Ignored","floor":22,"damage_taken":0},{"event_name":"The Mausoleum","player_choice":"Yes","floor":25,"damage_taken":0},{"event_name":"Beggar","player_choice":"Gave Gold","floor":29,"damage_taken":0},{"event_name":"Tomb of Lord Red Mask","player_choice":"Paid","floor":36,"damage_taken":0}],"boss_relics":[{"not_picked":["Calling Bell","Sozu"],"picked":"Mark of Pain"},{"not_picked":["Runic Pyramid","Snecko Eye"],"picked":"White Beast Statue"}],"potions_floor_spawned":[6,7,13,18,27,35,37,39,40,44,46,47,48],"seed_played":"521657087630335565","killed_by":"Awakened One","ascension_level":0,"is_trial":false}