{"gold_per_floor":[110,125,125,145,155,155,181,181,181,181,5,16,42,56,56,133,133,144,144,159,174,185,185],"floor_reached":23,"playtime":2353,"items_purged":["Strike_G"],"score":338,"play_id":"fd618533-43b2-43e3-b268-427f99b5d430","local_time":"20180801222049","is_ascension_mode":true,"campfire_choices":[{"data":"Neutralize","floor":6.0,"key":"SMITH"},{"data":"Dash","floor":8.0,"key":"SMITH"},{"data":"Noxious Fumes","floor":15.0,"key":"SMITH"}],"neow_cost":"NONE","seed_source_timestamp":705642877453123,"circlet_count":0,"master_deck":["Defend_G","Defend_G","Defend_G","Defend_G","Defend_G","Strike_G","Strike_G","Strike_G","Survivor","Neutralize+1","AscendersBane","Flying Knee","Dash+1","PiercingWail","Noxious Fumes","Noxious Fumes+1","Dagger Throw","Slice","Endless Agony","Adrenaline","Adrenaline","Dagger Spray+1","Leg Sweep","Leg Sweep","Footwork"],"special_seed":0,"relics":["Ring of the Snake","Bag of Marbles","Girya","Darkstone Periapt","Blue Candle","Art of War","Coffee Dripper"],"potions_floor_usage":[16],"damage_taken":[{"damage":0.0,"enemies":"Cultist","floor":1.0,"turns":4.0},{"damage":1.0,"enemies":"Jaw Worm","floor":2.0,"turns":5.0},{"damage":0.0,"enemies":"2 Louse","floor":4.0,"turns":2.0},{"damage":4.0,"enemies":"Large Slime","floor":5.0,"turns":7.0},{"damage":20.0,"enemies":"Lagavulin","floor":7.0,"turns":7.0},{"damage":0.0,"enemies":"3 Louse","floor":12.0,"turns":3.0},{"damage":4.0,"enemies":"3 Sentries","floor":13.0,"turns":8.0},{"damage":0.0,"enemies":"Looter","floor":14.0,"turns":3.0},{"damage":3,"enemies":"Slime Boss","floor":16,"turns":8},{"damage":0,"enemies":"3 Byrds","floor":18,"turns":4},{"damage":7,"enemies":"Spheric Guardian","floor":20,"turns":4},{"damage":1,"enemies":"Slaver and Parasite","floor":21,"turns":6},{"damage":17,"enemies":"Snecko","floor":22,"turns":9},{"damage":25,"enemies":"Gremlin Leader","floor":23,"turns":7}],"seed_played":"6554351514536904611","potions_obtained":[{"floor":7.0,"key":"GamblersBrew"},{"floor":14.0,"key":"GamblersBrew"},{"floor":16,"key":"GamblersBrew"},{"floor":21,"key":"LiquidBronze"}],"is_trial":false,"path_per_floor":["M","M","T","M","M","R","E","R","T","?","$","M","E","M","R","B",null,"M","?","M","M","M"],"character_chosen":"THE_SILENT","items_purchased":["Dagger Throw","Strength Potion"],"campfire_rested":0,"item_purchase_floors":[11,11],"current_hp_per_floor":[63,62,62,62,58,58,38,38,38,38,38,38,34,34,34,31,60,60,47,40,39,22,0],"gold":185,"neow_bonus":"RANDOM_COMMON_RELIC","is_prod":false,"is_daily":false,"chose_seed":false,"campfire_upgraded":3,"win_rate":0,"timestamp":1533126049,"path_taken":["M","M","?","M","M","R","E","R","T","?","$","?","E","M","R","BOSS","M","?","M","M","M","E"],"build_version":"2018-07-26","purchased_purges":1,"victory":false,"max_hp_per_floor":[70,70,70,70,70,70,70,70,70,70,70,70,70,70,70,70,70,70,75,75,75,75,75],"card_choices":[{"not_picked":["Underhanded Strike","Backflip"],"picked":"Flying Knee","floor":1.0},{"not_picked":["Quick Slash","Bane"],"picked":"Dash","floor":2.0},{"not_picked":["Eviscerate","Blade Dance"],"picked":"PiercingWail","floor":4.0},{"not_picked":["Endless Agony","Backflip"],"picked":"Noxious Fumes","floor":5.0},{"not_picked":["Deflect","Prepared"],"picked":"Noxious Fumes","floor":7.0},{"not_picked":["Bouncing Flask","Sucker Punch"],"picked":"Slice","floor":12.0},{"not_picked":["Well Laid Plans","PiercingWail"],"picked":"Endless Agony","floor":13.0},{"not_picked":["Slice","Terror"],"picked":"Adrenaline","floor":14.0},{"not_picked":["Wraith Form v2","Tools of the Trade"],"picked":"Adrenaline","floor":16},{"not_picked":["Deflect","Underhanded Strike"],"picked":"Dagger Spray+1","floor":18},{"not_picked":["Flying Knee","Endless Agony"],"picked":"Leg Sweep","floor":20},{"not_picked":["Slice","Quick Slash"],"picked":"Leg Sweep","floor":21},{"not_picked":["Blade Dance","Prepared"],"picked":"Footwork","floor":22}],"player_experience":322436,"relics_obtained":[{"floor":3.0,"key":"Girya"},{"floor":7.0,"key":"Darkstone Periapt"},{"floor":9.0,"key":"Blue Candle"},{"floor":13.0,"key":"Art of War"}],"event_choices":[{"event_name":"Bonfire Elementals","player_choice":"BASIC","floor":10.0,"damage_taken":0.0},{"event_name":"Forgotten Altar","player_choice":"Shed Blood","floor":19,"damage_taken":0}],"is_beta":false,"boss_relics":[{"not_picked":["Runic Dome","Black Star"],"picked":"Coffee Dripper"}],"items_purged_floors":[11],"is_endless":false,"potions_floor_spawned":[7,14,16,18,21,22],"killed_by":"Gremlin Leader","ascension_level":13}