{"gold_per_floor":[112,35,35,0,14,14,49,49,49,69,83,24,59,78,78,177,177,201,26,45,45,70,70,70,39,62,75,113,113,148,169,169,260,260,281,281,281,304,322,322,366,366,389,389,412,2,33,58,58,58],"floor_reached":51,"playtime":5033,"items_purged":["Strike_G","Defend_G"],"score":1188,"play_id":"0f708bef-b3c9-4963-969f-59b8e7f3d2cf","local_time":"20180802013840","is_ascension_mode":true,"campfire_choices":[{"data":"Neutralize","floor":6,"key":"SMITH"},{"data":"Dash","floor":8,"key":"SMITH"},{"data":"Footwork","floor":15,"key":"SMITH"},{"data":"A Thousand Cuts","floor":23,"key":"SMITH"},{"data":"Footwork","floor":29,"key":"SMITH"},{"floor":32,"key":"REST"},{"data":"Malaise","floor":40,"key":"SMITH"},{"data":"Cloak And Dagger","floor":42,"key":"SMITH"},{"floor":44,"key":"REST"},{"data":"Footwork","floor":49,"key":"SMITH"}],"neow_cost":"NONE","seed_source_timestamp":715080194757102,"circlet_count":0,"master_deck":["Defend_G","Defend_G","Defend_G","Defend_G","Strike_G","Survivor","Neutralize+1","AscendersBane","All Out Attack","Backflip","Dash+1","Leg Sweep","Quick Slash+1","Quick Slash+1","Dagger Spray+1","Footwork+1","Slice+1","Backflip","Corpse Explosion+1","Wraith Form v2+1","Setup+1","Dodge and Roll+1","A Thousand Cuts+1","Cloak And Dagger+1","Deflect","Footwork+1","Cloak And Dagger","Blur","Malaise+1","Backflip","Escape Plan","Dagger Throw+1","Well Laid Plans","Footwork+1","Escape Plan"],"relics":["Ring of the Snake","Golden Idol","Molten Egg 2","The Courier","Dead Branch","Astrolabe","Dream Catcher","Matryoshka","Orichalcum","Sozu","Vajra","Lantern","Regal Pillow","Mummified Hand","Bag of Preparation"],"potions_floor_usage":[5,13,28,30],"damage_taken":[{"damage":5,"enemies":"2 Louse","floor":1,"turns":4},{"damage":0,"enemies":"Jaw Worm","floor":5,"turns":4},{"damage":28,"enemies":"Lagavulin","floor":7,"turns":13},{"damage":0,"enemies":"Small Slimes","floor":10,"turns":2},{"damage":0,"enemies":"Exordium Wildlife","floor":11,"turns":2},{"damage":12,"enemies":"Gremlin Nob","floor":13,"turns":4},{"damage":0,"enemies":"2 Fungi Beasts","floor":14,"turns":2},{"damage":4,"enemies":"The Guardian","floor":16,"turns":16},{"damage":2,"enemies":"Shell Parasite","floor":18,"turns":4},{"damage":1,"enemies":"Spheric Guardian","floor":20,"turns":6},{"damage":7,"enemies":"Centurion and Healer","floor":22,"turns":5},{"damage":0,"enemies":"3 Cultists","floor":27,"turns":4},{"damage":9,"enemies":"Gremlin Leader","floor":28,"turns":7},{"damage":5,"enemies":"Slavers","floor":30,"turns":3},{"damage":4,"enemies":"Snecko","floor":31,"turns":8},{"damage":39,"enemies":"Collector","floor":33,"turns":14},{"damage":0,"enemies":"3 Darklings","floor":35,"turns":6},{"damage":13,"enemies":"Flame Bruiser 1 Orb","floor":38,"turns":7},{"damage":10,"enemies":"Sphere and 2 Shapes","floor":39,"turns":7},{"damage":11,"enemies":"Nemesis","floor":41,"turns":11},{"damage":0,"enemies":"Transient","floor":45,"turns":5},{"damage":5,"enemies":"Giant Head","floor":47,"turns":11},{"damage":0,"enemies":"Flame Bruiser 2 Orb","floor":48,"turns":4},{"damage":37,"enemies":"Time Eater","floor":50,"turns":19}],"seed_played":"-3943197355165243439","potions_obtained":[{"floor":1,"key":"Fruit Juice"},{"floor":10,"key":"Weak Potion"},{"floor":11,"key":"Ancient Potion"},{"floor":14,"key":"Dexterity Potion"},{"floor":16,"key":"GhostInAJar"},{"floor":18,"key":"Fire Potion"}],"is_trial":false,"path_per_floor":["M","$","?","?","M","R","E","R","T","M","M","$","E","M","R","B",null,"M","$","M","?","M","R","?","$","T","M","E","R","E","M","R","B",null,"M","?","?","M","M","R","E","R","T","R","M","$","E","M","R","B"],"character_chosen":"THE_SILENT","items_purchased":["Dash","Footwork","A Thousand Cuts","Footwork","Well Laid Plans","Footwork","Mummified Hand"],"campfire_rested":2,"item_purchase_floors":[2,12,19,25,46,46,46],"current_hp_per_floor":[58,58,58,65,70,70,42,42,42,42,42,42,30,30,30,26,59,57,57,56,56,49,49,49,49,49,49,40,40,35,31,52,13,56,56,56,56,43,33,33,22,22,22,58,58,58,53,53,53,16],"gold":58,"neow_bonus":"THREE_CARDS","is_prod":false,"is_daily":false,"chose_seed":false,"campfire_upgraded":8,"win_rate":0,"timestamp":1533137920,"path_taken":["M","$","?","?","M","R","E","R","T","M","M","?","E","M","R","BOSS","M","$","M","?","M","R","?","?","T","?","E","R","E","M","R","BOSS","M","?","?","M","M","R","E","R","T","R","M","$","E","M","R","BOSS"],"build_version":"2018-07-26","purchased_purges":2,"victory":true,"max_hp_per_floor":[70,70,65,65,70,70,70,70,70,70,70,70,70,70,70,70,70,70,70,70,70,70,70,70,70,70,70,70,70,70,70,70,70,70,70,70,70,70,70,70,70,70,70,70,70,70,70,70,70,70],"card_choices":[{"not_picked":["Quick Slash","Prepared"],"picked":"All Out Attack","floor":0},{"not_picked":["Terror","Acrobatics"],"picked":"Backflip","floor":1},{"not_picked":["Eviscerate","PiercingWail"],"picked":"Leg Sweep","floor":5},{"not_picked":["Caltrops","PiercingWail"],"picked":"Quick Slash","floor":7},{"not_picked":["Dodge and Roll","Blur"],"picked":"Quick Slash+1","floor":10},{"not_picked":["Calculated Gamble","Backflip"],"picked":"Dagger Spray+1","floor":11},{"not_picked":["Storm of Steel","Acrobatics"],"picked":"Slice+1","floor":13},{"not_picked":["Predator+1","All Out Attack+1"],"picked":"Backflip","floor":14},{"not_picked":["Venomology","Storm of Steel"],"picked":"Die Die Die+1","floor":16},{"not_picked":["Predator+1","Flying Knee+1"],"picked":"Dodge and Roll+1","floor":18},{"not_picked":["Backflip","Deadly Poison"],"picked":"Cloak And Dagger","floor":20},{"not_picked":["Sucker Punch+1","Dagger Throw+1"],"picked":"Deflect","floor":22},{"not_picked":["Terror","Dodge and Roll"],"picked":"Cloak And Dagger","floor":27},{"not_picked":["Burst","Calculated Gamble","Bane+1"],"picked":"SKIP","floor":28},{"not_picked":["Choke+1","Crippling Poison"],"picked":"Blur","floor":30},{"not_picked":["Bane+1","Deadly Poison","Eviscerate+1"],"picked":"SKIP","floor":31},{"not_picked":["Bullet Time","Storm of Steel"],"picked":"Malaise","floor":33},{"not_picked":["Acrobatics","All Out Attack+1"],"picked":"Backflip","floor":35},{"not_picked":["Terror+1","Heel Hook+1","Sucker Punch+1"],"picked":"SKIP","floor":38},{"not_picked":["Choke+1","Sucker Punch+1"],"picked":"Escape Plan","floor":39},{"not_picked":["Distraction","Wraith Form v2","Flying Knee+1"],"picked":"SKIP","floor":41},{"not_picked":["Prepared","Concentrate+1"],"picked":"Dagger Throw+1","floor":44},{"not_picked":["Bouncing Flask","Riddle With Holes+1","Flying Knee+1"],"picked":"SKIP","floor":45},{"not_picked":["Quick Slash+1","Choke+1"],"picked":"Escape Plan","floor":47},{"not_picked":["Poisoned Stab+1","Choke+1","Dash+1"],"picked":"SKIP","floor":48}],"player_experience":331357,"relics_obtained":[{"floor":7,"key":"Molten Egg 2"},{"floor":9,"key":"The Courier"},{"floor":13,"key":"Dead Branch"},{"floor":26,"key":"Dream Catcher"},{"floor":28,"key":"Matryoshka"},{"floor":30,"key":"Orichalcum"},{"floor":41,"key":"Vajra"},{"floor":43,"key":"Lantern"},{"floor":43,"key":"Regal Pillow"},{"floor":47,"key":"Bag of Preparation"}],"event_choices":[{"event_name":"Golden Idol","player_choice":"Lose Max HP","floor":3,"damage_taken":0},{"event_name":"The Cleric","player_choice":"Healed","floor":4,"damage_taken":0},{"event_name":"Beggar","player_choice":"Ignored","floor":21,"damage_taken":0},{"event_name":"Vampires","player_choice":"Ignored","floor":24,"damage_taken":0},{"event_name":"Falling","player_choice":"Removed Attack","floor":36,"damage_taken":0},{"event_name":"SecretPortal","player_choice":"Rejected Portal.","floor":37,"damage_taken":0}],"is_beta":false,"boss_relics":[{"not_picked":["Black Star","Snecko Eye"],"picked":"Astrolabe"},{"not_picked":["Eternal Feather","Lizard Tail"],"picked":"Sozu"}],"items_purged_floors":[19,46],"is_endless":false,"potions_floor_spawned":[1,10,11,14,16,18,20,22,39,41,45,47],"ascension_level":13}