{"gold_per_floor":[115,131,306,306,316,348,348,364,364,364,439,450,128,148,148,250,250,260,276,201,214,394,394,408,408,408,433,452,452,526,104,104,208,208,218,218,231,242,171,171,184,184,260,260],"floor_reached":44,"playtime":2264,"items_purged":["Doubt"],"score":505,"play_id":"f78b654c-ac3e-4abf-b0e7-d889eb1b4b1e","local_time":"20190331202058","is_ascension_mode":false,"campfire_choices":[{"floor":7,"key":"REST"},{"floor":10,"key":"REST"},{"floor":15,"key":"RECALL"},{"floor":23,"key":"REST"},{"floor":29,"key":"REST"},{"floor":32,"key":"REST"},{"floor":40,"key":"REST"},{"data":"Chaos","floor":42,"key":"SMITH"}],"neow_cost":"NONE","seed_source_timestamp":11214337870902,"circlet_count":0,"master_deck":["Defend_B","Defend_B","Defend_B","Defend_B","Zap","Dualcast","Redo","Coolheaded","Ball Lightning","Barrage","Cold Snap","Sweeping Beam","Loop","Chaos+1","BootSequence","Electrodynamics","Redo","Lockon","White Noise","Dramatic Entrance","Melter","Redo+1","Sunder","Sweeping Beam+1","Rip and Tear+1","Creative AI","Core Surge+1","Defragment","Seek","Meteor Strike+1","Lockon+1","White Noise+1","Redo","Coolheaded+1","Conserve Battery+1","Defragment","Redo+1","Hologram+1"],"relics":["Cracked Core","Dream Catcher","Ancient Tea Set","Pocketwatch","Meat on the Bone","Nuclear Battery","Molten Egg 2","Centennial Puzzle","Mummified Hand","Runic Capacitor","Astrolabe","Symbiotic Virus"],"potions_floor_usage":[6,16,18,27,33,35,38],"damage_taken":[{"damage":3,"enemies":"Jaw Worm","floor":1,"turns":3},{"damage":0,"enemies":"2 Louse","floor":2,"turns":1},{"damage":2,"enemies":"Small Slimes","floor":5,"turns":3},{"damage":38,"enemies":"Gremlin Nob","floor":6,"turns":5},{"damage":9,"enemies":"Exordium Wildlife","floor":8,"turns":2},{"damage":1,"enemies":"Red Slaver","floor":12,"turns":2},{"damage":7,"enemies":"Blue Slaver","floor":14,"turns":2},{"damage":23,"enemies":"Slime Boss","floor":16,"turns":9},{"damage":7,"enemies":"Spheric Guardian","floor":18,"turns":4},{"damage":0,"enemies":"Chosen","floor":19,"turns":4},{"damage":6,"enemies":"Sentry and Sphere","floor":21,"turns":3},{"damage":4,"enemies":"3 Cultists","floor":24,"turns":3},{"damage":28,"enemies":"Gremlin Leader","floor":27,"turns":5},{"damage":25,"enemies":"Snecko","floor":28,"turns":4},{"damage":12,"enemies":"Champ","floor":33,"turns":7},{"damage":8,"enemies":"Orb Walker","floor":35,"turns":3},{"damage":9,"enemies":"3 Shapes","floor":37,"turns":2},{"damage":8,"enemies":"Transient","floor":38,"turns":5},{"damage":16,"enemies":"3 Darklings","floor":41,"turns":4},{"damage":65,"enemies":"Reptomancer","floor":44,"turns":3}],"seed_played":"-263047938185309519","potions_obtained":[{"floor":5,"key":"Dexterity Potion"},{"floor":8,"key":"Ancient Potion"},{"floor":12,"key":"SmokeBomb"},{"floor":16,"key":"Block Potion"},{"floor":24,"key":"LiquidBronze"},{"floor":28,"key":"Swift Potion"},{"floor":33,"key":"AttackPotion"},{"floor":35,"key":"Poison Potion"}],"is_trial":false,"path_per_floor":["?","?","M","?","?","?","M","?","T","$","$","M"],"character_chosen":"DEFECT","items_purchased":["Meat on the Bone","Runic Capacitor","Creative AI","Core Surge+1","Defragment"],"campfire_rested":6,"item_purchase_floors":[13,31,31,31,39],"current_hp_per_floor":[72,72,72,69,67,29,51,42,42,64,53,52,52,45,45,34,75,68,68,68,62,34,56,52,52,52,36,23,45,45,45,67,55,75,67,67,58,50,50,72,56,56,56,0],"gold":260,"neow_bonus":"RANDOM_COMMON_RELIC","is_prod":false,"is_daily":false,"chose_seed":false,"campfire_upgraded":1,"win_rate":0,"timestamp":1554078058,"path_taken":["M","M","?","?","M","E","R","?","T","R","?","M","$","M","R","BOSS","M","M","?","M","?","R","?","?","T","E","M","R","?","?","R","BOSS","M","?","?","M","$","R","M","R","T","E"],"build_version":"2019-01-23","purchased_purges":1,"victory":false,"max_hp_per_floor":[75,75,75,75,75,75,75,75,75,75,75,75,75,75,75,75,75,75,75,75,75,75,75,75,75,75,75,75,75,75,75,75,75,75,75,75,75,75,75,75,75,75,75,75],"card_choices":[{"not_picked":["Tempest","Beam Cell"],"picked":"Redo","floor":1},{"not_picked":["Hello World","Stack"],"picked":"Coolheaded","floor":2},{"not_picked":["Rainbow","Rebound"],"picked":"Ball Lightning","floor":5},{"not_picked":["Hologram","Stack"],"picked":"Barrage","floor":6},{"not_picked":["Rebound","Redo"],"picked":"Cold Snap","floor":7},{"not_picked":["Conserve Battery","Steam"],"picked":"Sweeping Beam","floor":8},{"not_picked":["Go for the Eyes","Reprogram"],"picked":"Loop","floor":10},{"not_picked":["Doom and Gloom","Genetic Algorithm"],"picked":"Chaos","floor":12},{"not_picked":["Rebound","Steam"],"picked":"BootSequence","floor":14},{"not_picked":["Thunder Strike","Reboot"],"picked":"Electrodynamics","floor":16},{"not_picked":["Compile Driver","Stack"],"picked":"Redo","floor":18},{"not_picked":["Turbo","Rebound"],"picked":"Lockon","floor":19},{"not_picked":["Sweeping Beam","Rip and Tear+1"],"picked":"White Noise","floor":21},{"not_picked":["Redo","Hologram"],"picked":"Melter","floor":23},{"not_picked":["White Noise+1","Stack"],"picked":"Redo+1","floor":24},{"not_picked":["Steam Power","White Noise"],"picked":"Sweeping Beam+1","floor":27},{"not_picked":["Compile Driver+1","Reprogram"],"picked":"Rip and Tear+1","floor":28},{"not_picked":["Compile Driver+1","Blizzard+1"],"picked":"Defragment","floor":32},{"not_picked":["Rainbow","Electrodynamics"],"picked":"Seek","floor":33},{"not_picked":["Skim+1","Go for the Eyes+1"],"picked":"Redo","floor":35},{"not_picked":["Cold Snap+1","Compile Driver+1"],"picked":"Coolheaded+1","floor":37},{"not_picked":["Fusion+1","Consume"],"picked":"Conserve Battery+1","floor":38},{"not_picked":["Darkness+1","Rip and Tear+1"],"picked":"Redo+1","floor":40},{"not_picked":["Barrage+1","Compile Driver+1"],"picked":"Hologram+1","floor":41}],"player_experience":102157,"relics_obtained":[{"floor":6,"key":"Pocketwatch"},{"floor":26,"key":"Molten Egg 2"},{"floor":27,"key":"Centennial Puzzle"},{"floor":30,"key":"Mummified Hand"},{"floor":43,"key":"Symbiotic Virus"}],"event_choices":[{"damage_healed":0,"gold_gain":175,"player_choice":"AGREE","damage_taken":0,"max_hp_gain":0,"max_hp_loss":0,"event_name":"Liars Game","floor":3,"gold_loss":0,"cards_obtained":["Doubt"]},{"damage_healed":0,"gold_gain":0,"player_choice":"Success","damage_taken":3,"relics_obtained":["Ancient Tea Set"],"max_hp_gain":0,"max_hp_loss":0,"event_name":"Scrap Ooze","floor":4,"gold_loss":0},{"damage_healed":0,"gold_gain":75,"player_choice":"Gather Gold","damage_taken":11,"max_hp_gain":0,"max_hp_loss":0,"event_name":"World of Goop","floor":11,"gold_loss":0},{"cards_removed":["Strike_B"],"damage_healed":0,"gold_gain":0,"player_choice":"Gave Gold","damage_taken":0,"max_hp_gain":0,"max_hp_loss":0,"event_name":"Beggar","floor":20,"gold_loss":75},{"damage_healed":0,"gold_gain":180,"player_choice":"CARD GOLD GOLD ","damage_taken":28,"max_hp_gain":0,"max_hp_loss":0,"event_name":"Knowing Skull","floor":22,"potions_obtained":[],"gold_loss":0,"cards_obtained":["Dramatic Entrance"]},{"damage_healed":0,"gold_gain":0,"player_choice":"Read","damage_taken":0,"max_hp_gain":0,"max_hp_loss":0,"event_name":"The Library","floor":25,"gold_loss":0,"cards_obtained":["Sunder"]}],"is_beta":false,"boss_relics":[{"not_picked":["Fusion Hammer","Orrery"],"picked":"Nuclear Battery"},{"not_picked":["Velvet Choker","Inserter"],"picked":"Astrolabe"}],"items_purged_floors":[13],"is_endless":false,"potions_floor_spawned":[5,8,12,16,24,28,33,35],"killed_by":"Reptomancer","ascension_level":0}