{"gold_per_floor":[159,69,82,82,98,127,145,145,145,145,160,12,12,47,47,143,143,155,169,169,94,94,104,104,18,18,35,35,55,66,66,66,162,162,180,144,144,144,164,164,36,36,36,52,77,97,131,141,141,141],"floor_reached":51,"playtime":5806,"items_purged":["Pain"],"score":662,"play_id":"512ca4a4-3949-4815-a788-ab3b2b87696a","local_time":"20190323220409","is_ascension_mode":false,"campfire_choices":[{"floor":8,"key":"REST"},{"data":"Well Laid Plans","floor":10,"key":"SMITH"},{"floor":15,"key":"REST"},{"data":"After Image","floor":24,"key":"SMITH"},{"floor":32,"key":"REST"},{"data":"Malaise","floor":40,"key":"SMITH"},{"data":"Mind Blast","floor":42,"key":"SMITH"},{"floor":49,"key":"REST"}],"neow_cost":"NONE","seed_source_timestamp":10685836558184,"circlet_count":0,"master_deck":["Defend_G","Defend_G+1","Defend_G","Defend_G","Defend_G","Strike_G","Strike_G","Strike_G","Strike_G","Strike_G","Survivor+1","Neutralize","Poisoned Stab","Calculated Gamble","Well Laid Plans+1","Poisoned Stab","Dodge and Roll","Deadly Poison","Caltrops+1","Backflip","Malaise+1","Venomology","Dodge and Roll","After Image+1","PiercingWail+1","Prepared+1","Backstab","Mind Blast+1","Blade Dance","Outmaneuver+1","Caltrops","Venomology+1","Flying Knee","Distraction+1","Dodge and Roll+1","Deflect+1","Bandage Up+1","Finisher","Blur+1","Bouncing Flask+1","Caltrops+1"],"relics":["Tiny House","WarpedTongs","Lantern","Happy Flower","Gremlin Horn","Eternal Feather","Bronze Scales","Omamori","Toxic Egg 2","Busted Crown","Bag of Marbles","Snake Skull","Molten Egg 2"],"potions_floor_usage":[14,16,30,33,33,33,35,39,39,44,44,46,46,47,47,47,48,50,50,50,50,50],"damage_taken":[{"damage":3,"enemies":"2 Louse","floor":1,"turns":2},{"damage":4,"enemies":"Cultist","floor":3,"turns":4},{"damage":7,"enemies":"Small Slimes","floor":5,"turns":4},{"damage":11,"enemies":"Lagavulin","floor":6,"turns":7},{"damage":2,"enemies":"3 Louse","floor":7,"turns":3},{"damage":3,"enemies":"Large Slime","floor":11,"turns":6},{"damage":2,"enemies":"3 Sentries","floor":14,"turns":8},{"damage":31,"enemies":"Slime Boss","floor":16,"turns":14},{"damage":0,"enemies":"Chosen","floor":18,"turns":7},{"damage":12,"enemies":"3 Byrds","floor":19,"turns":4},{"damage":17,"enemies":"Centurion and Healer","floor":23,"turns":9},{"damage":8,"enemies":"Snake Plant","floor":27,"turns":3},{"damage":20,"enemies":"Snecko","floor":29,"turns":5},{"damage":3,"enemies":"3 Cultists","floor":30,"turns":5},{"damage":56,"enemies":"Collector","floor":33,"turns":10},{"damage":7,"enemies":"Orb Walker","floor":35,"turns":5},{"damage":25,"enemies":"3 Darklings","floor":39,"turns":5},{"damage":3,"enemies":"4 Shapes","floor":44,"turns":6},{"damage":1,"enemies":"Sphere and 2 Shapes","floor":46,"turns":3},{"damage":15,"enemies":"Giant Head","floor":47,"turns":11},{"damage":53,"enemies":"Transient","floor":48,"turns":5},{"damage":55,"enemies":"Time Eater","floor":50,"turns":13}],"seed_played":"-1740666691679156536","potions_obtained":[{"floor":0,"key":"Strength Potion"},{"floor":3,"key":"Ancient Potion"},{"floor":5,"key":"Fire Potion"},{"floor":6,"key":"Weak Potion"},{"floor":27,"key":"Fire Potion"},{"floor":33,"key":"Energy Potion"},{"floor":39,"key":"Strength Potion"},{"floor":44,"key":"PowerPotion"}],"is_trial":false,"path_per_floor":["?","M","$","?","?","?","?","M","M","?","?","?","$","T"],"character_chosen":"THE_SILENT","items_purchased":["Well Laid Plans","Poisoned Stab","Venomology","Mind Blast","Distraction+1","Deflect+1","Bandage Up+1"],"campfire_rested":4,"item_purchase_floors":[2,2,12,25,36,41,41],"current_hp_per_floor":[72,72,68,68,61,50,48,70,70,70,67,67,52,50,72,41,75,75,63,63,63,63,46,61,61,61,53,53,33,30,30,70,14,75,68,68,75,75,50,71,71,75,75,75,75,74,62,20,66,17],"gold":141,"neow_bonus":"BOSS_RELIC","is_prod":false,"is_daily":false,"chose_seed":false,"campfire_upgraded":4,"win_rate":0.0,"timestamp":1553393049,"path_taken":["M","$","M","?","M","E","M","R","T","R","?","?","?","E","R","BOSS","M","M","?","?","?","?","R","$","T","?","?","M","M","$","R","BOSS","M","$","?","?","M","R","?","R","T","M","?","M","E","M","R","BOSS"],"build_version":"2019-01-23","purchased_purges":1,"victory":true,"max_hp_per_floor":[75,75,75,75,75,75,75,75,75,75,75,75,75,75,75,75,75,75,75,75,75,75,75,75,75,75,75,75,75,75,75,75,75,75,75,75,75,75,75,75,75,75,75,75,75,75,75,75,75,75],"card_choices":[{"not_picked":["Flying Knee","Prepared"],"picked":"Poisoned Stab","floor":0},{"not_picked":["Dagger Throw","Blade Dance"],"picked":"Calculated Gamble","floor":1},{"not_picked":["Slice","Predator"],"picked":"Dodge and Roll","floor":3},{"not_picked":["PiercingWail","Predator"],"picked":"Deadly Poison","floor":5},{"not_picked":["Dagger Spray","Dagger Throw"],"picked":"Caltrops","floor":6},{"not_picked":["Outmaneuver","Flying Knee"],"picked":"Backflip","floor":7},{"not_picked":["Backstab","Poisoned Stab"],"picked":"Malaise","floor":11},{"not_picked":["Sucker Punch","Dagger Spray"],"picked":"Dodge and Roll","floor":14},{"not_picked":["Glass Knife","Night Terror"],"picked":"After Image","floor":16},{"not_picked":["Dagger Spray","Sucker Punch"],"picked":"PiercingWail+1","floor":18},{"not_picked":["Acrobatics","Dagger Spray"],"picked":"Prepared+1","floor":19},{"not_picked":["Prepared","Calculated Gamble"],"picked":"Backstab","floor":23},{"not_picked":["Sucker Punch","Flying Knee+1"],"picked":"Blade Dance","floor":27},{"not_picked":["Terror+1","Choke+1"],"picked":"Outmaneuver+1","floor":29},{"not_picked":["Unload","Dodge and Roll+1"],"picked":"Caltrops","floor":30},{"not_picked":["Unload","Adrenaline+1"],"picked":"Venomology+1","floor":33},{"not_picked":[],"picked":"Flying Knee","floor":35},{"not_picked":[],"picked":"Dodge and Roll+1","floor":39},{"not_picked":[],"picked":"Finisher","floor":44},{"not_picked":[],"picked":"Blur+1","floor":46},{"not_picked":[],"picked":"Bouncing Flask+1","floor":47},{"not_picked":[],"picked":"Caltrops+1","floor":48}],"player_experience":33518,"relics_obtained":[{"floor":6,"key":"Lantern"},{"floor":9,"key":"Happy Flower"},{"floor":14,"key":"Gremlin Horn"},{"floor":26,"key":"Omamori"},{"floor":43,"key":"Bag of Marbles"},{"floor":45,"key":"Snake Skull"},{"floor":47,"key":"Molten Egg 2"}],"event_choices":[{"damage_healed":0,"gold_gain":0,"player_choice":"Rummage","damage_taken":0,"relics_obtained":["WarpedTongs"],"max_hp_gain":0,"max_hp_loss":0,"event_name":"Accursed Blacksmith","floor":4,"gold_loss":0,"cards_obtained":["Pain"]},{"damage_healed":0,"gold_gain":0,"player_choice":"Entered Light","damage_taken":15,"max_hp_gain":0,"max_hp_loss":0,"event_name":"Shining Light","floor":13,"gold_loss":0,"cards_upgraded":["Defend_G","Caltrops"]},{"damage_healed":0,"gold_gain":0,"player_choice":"Stole Relic","damage_taken":0,"relics_obtained":["Bronze Scales"],"max_hp_gain":0,"max_hp_loss":0,"event_name":"Addict","floor":20,"gold_loss":0,"cards_obtained":["Shame"]},{"cards_removed":["Shame"],"damage_healed":0,"gold_gain":0,"player_choice":"Gave Gold","damage_taken":0,"max_hp_gain":0,"max_hp_loss":0,"event_name":"Beggar","floor":21,"gold_loss":75},{"damage_healed":0,"gold_gain":0,"player_choice":"Ignored","damage_taken":0,"max_hp_gain":0,"max_hp_loss":0,"event_name":"Vampires","floor":22,"gold_loss":0},{"damage_healed":0,"gold_gain":0,"player_choice":"Opened","damage_taken":0,"relics_obtained":["Toxic Egg 2"],"max_hp_gain":0,"max_hp_loss":0,"event_name":"The Mausoleum","floor":28,"gold_loss":0},{"damage_healed":19,"gold_gain":0,"player_choice":"Writhe","damage_taken":0,"max_hp_gain":0,"max_hp_loss":0,"event_name":"Winding Halls","floor":37,"gold_loss":0,"cards_obtained":["Writhe"]},{"damage_healed":0,"gold_gain":0,"player_choice":"Ignored","damage_taken":0,"max_hp_gain":0,"max_hp_loss":0,"event_name":"Mysterious Sphere","floor":38,"gold_loss":0}],"is_beta":false,"boss_relics":[{"not_picked":["Black Star","Runic Dome"],"picked":"Eternal Feather"},{"not_picked":["Calling Bell","Coffee Dripper"],"picked":"Busted Crown"}],"items_purged_floors":[12],"is_endless":false,"potions_floor_spawned":[3,5,6,27,30,33,39,44],"ascension_level":0}