{"gold_per_floor":[113,131,131,131,81,81,100,125,194,194,269,269,20,45,45,165,165,188,203,238,28,49,49,49,49,75,118,143,167,167,181,181,307,307,321,78,99,167,191,191,224,224,275,275,311,311,311,332,332,332],"floor_reached":51,"playtime":74160,"items_purged":[],"score":773,"play_id":"778ad72b-6263-4a30-b1fd-0e5dfdc65088","local_time":"20181226145442","is_ascension_mode":true,"campfire_choices":[{"data":"Bash","floor":6,"key":"SMITH"},{"data":"Havoc","floor":10,"key":"SMITH"},{"floor":15,"key":"REST"},{"data":"Shrug It Off","floor":23,"key":"SMITH"},{"data":"Strike_R","floor":25,"key":"SMITH"},{"data":"Defend_R","floor":30,"key":"SMITH"},{"floor":32,"key":"REST"},{"data":"Limit Break","floor":40,"key":"SMITH"},{"data":"Defend_R","floor":44,"key":"SMITH"},{"floor":47,"key":"REST"},{"data":"Strike_R","floor":49,"key":"SMITH"}],"neow_cost":"NONE","seed_source_timestamp":408541191943666,"circlet_count":0,"master_deck":["Strike_R+1","Strike_R","Strike_R","Strike_R+1","Strike_R+1","Defend_R+1","Defend_R+1","Defend_R+1","Bash+1","Shrug It Off+1","Havoc+1","Feed+1","Pommel Strike+1","Spot Weakness+1","Shrug It Off+1","Sword Boomerang+1","Limit Break+1","Cleave+1","Battle Trance+1","Metallicize+1","Doubt","Shrug It Off+1"],"relics":["Burning Blood","Golden Idol","Frozen Egg 2","Blood Vial","Molten Egg 2","Philosopher\u0027s Stone","Red Mask","Sling","Bronze Scales","Juzu Bracelet","Lizard Tail","Pear","Thread and Needle","Ginger","Boot","Smiling Mask","FaceOfCleric"],"potions_floor_usage":[8,16,28,33,50],"damage_taken":[{"damage":6,"enemies":"Jaw Worm","floor":1,"turns":3},{"damage":0,"enemies":"Small Slimes","floor":2,"turns":3},{"damage":0,"enemies":"Cultist","floor":7,"turns":3},{"damage":10,"enemies":"Large Slime","floor":8,"turns":6},{"damage":5,"enemies":"Looter","floor":14,"turns":3},{"damage":60,"enemies":"The Guardian","floor":16,"turns":16},{"damage":6,"enemies":"Shell Parasite","floor":18,"turns":7},{"damage":0,"enemies":"Chosen","floor":19,"turns":3},{"damage":19,"enemies":"Masked Bandits","floor":20,"turns":4},{"damage":19,"enemies":"Sentry and Sphere","floor":22,"turns":7},{"damage":23,"enemies":"Gremlin Leader","floor":27,"turns":6},{"damage":13,"enemies":"Snake Plant","floor":28,"turns":2},{"damage":1,"enemies":"Chosen and Byrds","floor":29,"turns":4},{"damage":0,"enemies":"Shelled Parasite and Fungi","floor":31,"turns":5},{"damage":54,"enemies":"Champ","floor":33,"turns":14},{"damage":19,"enemies":"3 Shapes","floor":35,"turns":4},{"damage":1,"enemies":"3 Darklings","floor":37,"turns":3},{"damage":46,"enemies":"2 Orb Walkers","floor":38,"turns":4},{"damage":10,"enemies":"4 Shapes","floor":39,"turns":5},{"damage":50,"enemies":"Giant Head","floor":41,"turns":8},{"damage":36,"enemies":"Nemesis","floor":45,"turns":5},{"damage":0,"enemies":"Sphere and 2 Shapes","floor":48,"turns":4},{"damage":89,"enemies":"Awakened One","floor":50,"turns":10}],"seed_played":"-4571154645657209643","potions_obtained":[{"floor":1,"key":"Explosive Potion"},{"floor":7,"key":"Poison Potion"},{"floor":8,"key":"PowerPotion"},{"floor":18,"key":"FairyPotion"},{"floor":20,"key":"SmokeBomb"},{"floor":22,"key":"PowerPotion"},{"floor":31,"key":"Poison Potion"},{"floor":35,"key":"SmokeBomb"},{"floor":45,"key":"Block Potion"}],"is_trial":false,"path_per_floor":["M","M","?","?","?","R","M","M","T","R","?","?","$","M","R","B",null,"M","M","?","$","M","R","?","R","T","E","M","M","R","M","R","B",null,"M","$","M","?","M","R","E","?","T","R","E","?","R","M","R","B",null],"character_chosen":"IRONCLAD","items_purchased":["Molten Egg 2","Sling","Pear"],"campfire_rested":3,"item_purchase_floors":[13,21,36],"current_hp_per_floor":[88,88,70,48,48,48,54,50,50,50,39,39,39,42,68,16,88,88,92,79,79,72,72,72,72,72,57,52,63,63,71,100,52,100,91,101,108,74,76,76,34,122,122,122,92,92,122,123,123,45],"gold":332,"neow_bonus":"TEN_PERCENT_HP_BONUS","is_prod":false,"is_daily":false,"chose_seed":false,"campfire_upgraded":8,"win_rate":0,"timestamp":1545864882,"path_taken":["M","M","?","?","?","R","?","M","T","R","?","?","$","?","R","BOSS","M","M","?","$","M","R","?","R","T","E","M","M","R","M","R","BOSS","M","$","M","?","M","R","E","?","T","R","E","?","R","M","R","BOSS"],"build_version":"2018-12-20","purchased_purges":0,"victory":true,"max_hp_per_floor":[88,88,88,88,88,88,88,88,88,88,88,88,88,88,88,88,88,88,92,92,92,96,96,96,96,96,96,96,100,100,100,100,100,100,104,114,114,118,122,122,122,122,122,122,122,122,122,123,123,128],"card_choices":[{"not_picked":["Searing Blow","Perfected Strike","Thunderclap"],"picked":"SKIP","floor":1},{"not_picked":["Dropkick","Flame Barrier"],"picked":"Shrug It Off","floor":2},{"not_picked":["Searing Blow","Headbutt","Iron Wave"],"picked":"SKIP","floor":7},{"not_picked":["Entrench","Iron Wave"],"picked":"Havoc","floor":8},{"not_picked":["Headbutt+1","Blood for Blood+1","True Grit"],"picked":"SKIP","floor":14},{"not_picked":["Juggernaut+1","Berserk+1"],"picked":"Feed+1","floor":16},{"not_picked":["Sever Soul+1","Corruption+1"],"picked":"Pommel Strike+1","floor":18},{"not_picked":["Clash+1","Thunderclap+1"],"picked":"Spot Weakness+1","floor":19},{"not_picked":["Perfected Strike+1","Evolve+1"],"picked":"Shrug It Off+1","floor":20},{"not_picked":["Flex+1","Disarm+1"],"picked":"Sword Boomerang+1","floor":22},{"not_picked":["Iron Wave+1","Bloodletting","Twin Strike+1"],"picked":"SKIP","floor":27},{"not_picked":["Thunderclap+1","Iron Wave+1","Flame Barrier"],"picked":"SKIP","floor":28},{"not_picked":["True Grit+1","Reckless Charge+1","Intimidate+1"],"picked":"SKIP","floor":29},{"not_picked":["Twin Strike+1","Ghostly Armor","Fiend Fire+1"],"picked":"SKIP","floor":31},{"not_picked":["Exhume","Dark Embrace+1"],"picked":"Limit Break","floor":33},{"not_picked":["Iron Wave+1","Rupture+1"],"picked":"Cleave+1","floor":35},{"not_picked":["True Grit+1","Seeing Red"],"picked":"Battle Trance+1","floor":37},{"not_picked":["Perfected Strike+1","Rupture+1"],"picked":"Metallicize+1","floor":39},{"not_picked":["Perfected Strike+1","Clothesline+1","Twin Strike+1"],"picked":"SKIP","floor":41},{"not_picked":["Evolve+1","Havoc+1","Dark Embrace+1"],"picked":"SKIP","floor":45},{"not_picked":["Corruption+1","Carnage+1"],"picked":"Shrug It Off+1","floor":48}],"player_experience":373330,"relics_obtained":[{"floor":9,"key":"Frozen Egg 2"},{"floor":20,"key":"Red Mask"},{"floor":26,"key":"Bronze Scales"},{"floor":27,"key":"Juzu Bracelet"},{"floor":38,"key":"Thread and Needle"},{"floor":41,"key":"Ginger"},{"floor":43,"key":"Boot"},{"floor":45,"key":"Smiling Mask"}],"event_choices":[{"damage_healed":0,"gold_gain":0,"player_choice":"Entered Light","damage_taken":18,"max_hp_gain":0,"max_hp_loss":0,"event_name":"Shining Light","floor":3,"gold_loss":0,"cards_upgraded":["Strike_R","Defend_R"]},{"damage_healed":0,"gold_gain":0,"player_choice":"Take Damage","damage_taken":22,"relics_obtained":["Golden Idol"],"max_hp_gain":0,"max_hp_loss":0,"event_name":"Golden Idol","floor":4,"gold_loss":0},{"cards_removed":["Defend_R"],"damage_healed":0,"gold_gain":0,"player_choice":"Card Removal","damage_taken":0,"max_hp_gain":0,"max_hp_loss":0,"event_name":"The Cleric","floor":5,"gold_loss":50},{"damage_healed":0,"gold_gain":75,"player_choice":"Gather Gold","damage_taken":11,"max_hp_gain":0,"max_hp_loss":0,"event_name":"World of Goop","floor":11,"gold_loss":0},{"damage_healed":0,"gold_gain":0,"player_choice":"Gave Potion","damage_taken":0,"relics_obtained":["Blood Vial"],"max_hp_gain":0,"max_hp_loss":0,"event_name":"WeMeetAgain","floor":12,"gold_loss":0},{"damage_healed":0,"gold_gain":0,"player_choice":"Fought Bandits","damage_taken":0,"max_hp_gain":0,"max_hp_loss":0,"event_name":"Masked Bandits","floor":20,"gold_loss":0},{"damage_healed":0,"gold_gain":0,"player_choice":"Ignored","damage_taken":0,"max_hp_gain":0,"max_hp_loss":0,"event_name":"Ghosts","floor":24,"gold_loss":0},{"damage_healed":0,"gold_gain":0,"player_choice":"Fight","damage_taken":0,"max_hp_gain":0,"max_hp_loss":0,"event_name":"Mysterious Sphere","floor":38,"gold_loss":0},{"damage_healed":88,"gold_gain":0,"player_choice":"Heal","damage_taken":0,"max_hp_gain":0,"max_hp_loss":0,"event_name":"MindBloom","floor":42,"gold_loss":0,"cards_obtained":["Doubt"]},{"damage_healed":0,"gold_gain":0,"player_choice":"Trade","damage_taken":0,"relics_obtained":["FaceOfCleric"],"max_hp_gain":0,"max_hp_loss":0,"event_name":"FaceTrader","floor":46,"gold_loss":0}],"is_beta":false,"boss_relics":[{"not_picked":["Coffee Dripper","Busted Crown"],"picked":"Philosopher\u0027s Stone"},{"not_picked":["Calling Bell","Snecko Eye"],"picked":"Lizard Tail"}],"items_purged_floors":[],"is_endless":false,"potions_floor_spawned":[1,7,8,18,20,22,31,35,45],"ascension_level":1}