{"path_per_floor":["M","M","M","M","?","R","E","$","T","R","?","M","M","M","R","B",null,"M","$","M","M","?"],"character_chosen":"DEFECT","items_purchased":["Self Repair","Cold Snap","Capacitor","Coolheaded","Darkness"],"gold_per_floor":[115,132,146,157,157,157,187,64,64,64,64,74,85,97,97,194,194,209,16,28,46,46,46],"floor_reached":23,"campfire_rested":0,"playtime":1356,"item_purchase_floors":[8,8,19,19,19],"current_hp_per_floor":[66,65,55,51,51,51,19,19,29,29,29,30,25,30,30,24,70,43,43,34,21,21,0],"items_purged":[],"gold":46,"score":312,"play_id":"e8a045f1-396f-4a7b-bd23-1b2c37ebf479","local_time":"20180526150111","is_prod":false,"is_daily":false,"chose_seed":false,"is_ascension_mode":true,"campfire_upgraded":3,"win_rate":0,"timestamp":1527339671,"campfire_choices":[{"data":"White Noise","floor":6,"key":"SMITH"},{"data":"Defragment","floor":10,"key":"SMITH"},{"data":"Defragment","floor":15,"key":"SMITH"}],"path_taken":["M","M","M","M","?","R","E","$","T","R","?","M","M","?","R","BOSS","M","$","M","M","?","E"],"build_version":"2018-05-25","seed_source_timestamp":609281598232579,"purchased_purges":0,"victory":false,"master_deck":["Strike_B","Strike_B","Strike_B","Defend_B","Defend_B","Defend_B","Defend_B","Zap+1","Dualcast","AscendersBane","Sweeping Beam","Defragment+1","Defragment+1","White Noise+1","Undo","Self Repair","Cold Snap","Reinforced Body","Defragment+1","Machine Learning","Capacitor","Coolheaded","Darkness","Coolheaded","BootSequence+1"],"max_hp_per_floor":[75,75,75,75,75,75,75,75,85,85,85,85,85,85,85,85,85,85,85,85,85,85,85],"relics":["Cracked Core","Girya","Pear","Velvet Choker"],"card_choices":[{"not_picked":["Go for the Eyes","Gash"],"picked":"Sweeping Beam","floor":1},{"not_picked":["Double Energy","Redo"],"picked":"Defragment","floor":2},{"not_picked":["Ball Lightning","Blizzard"],"picked":"Defragment","floor":3},{"not_picked":["Leap","Redo"],"picked":"White Noise","floor":4},{"not_picked":["Static Discharge","Rip and Tear"],"picked":"Undo","floor":7},{"not_picked":["Skim","Rebound"],"picked":"Reinforced Body","floor":12},{"not_picked":["Cold Snap","Hologram"],"picked":"Defragment","floor":13},{"not_picked":["Go for the Eyes","Rip and Tear","Steam Power"],"picked":"SKIP","floor":14},{"not_picked":["Seek","Fission"],"picked":"Machine Learning","floor":16},{"not_picked":["Beam Cell","Blizzard","Conserve Battery"],"picked":"SKIP","floor":18},{"not_picked":["Aggregate","Storm"],"picked":"Coolheaded","floor":20},{"not_picked":["Coolheaded","Beam Cell+1"],"picked":"BootSequence+1","floor":21}],"player_experience":131056,"potions_floor_usage":[13,13,16,18,18,18,21],"damage_taken":[{"damage":2,"enemies":"2 Louse","floor":1,"turns":2},{"damage":1,"enemies":"Cultist","floor":2,"turns":3},{"damage":10,"enemies":"Small Slimes","floor":3,"turns":3},{"damage":4,"enemies":"3 Louse","floor":4,"turns":4},{"damage":32,"enemies":"Lagavulin","floor":7,"turns":6},{"damage":6,"enemies":"Exordium Wildlife","floor":12,"turns":4},{"damage":12,"enemies":"Gremlin Gang","floor":13,"turns":4},{"damage":2,"enemies":"Large Slime","floor":14,"turns":5},{"damage":13,"enemies":"Hexaghost","floor":16,"turns":13},{"damage":34,"enemies":"3 Byrds","floor":18,"turns":5},{"damage":16,"enemies":"2 Thieves","floor":20,"turns":5},{"damage":20,"enemies":"Slaver and Parasite","floor":21,"turns":8},{"damage":31,"enemies":"Slavers","floor":23,"turns":4}],"relics_obtained":[{"floor":7,"key":"Girya"},{"floor":9,"key":"Pear"}],"event_choices":[{"event_name":"Purifier","player_choice":"One Purge","floor":5,"damage_taken":0},{"event_name":"Living Wall","player_choice":"Grow","floor":11,"damage_taken":0},{"event_name":"Beggar","player_choice":"Ignored","floor":22,"damage_taken":0}],"boss_relics":[{"not_picked":["Runic Pyramid","Eternal Feather"],"picked":"Velvet Choker"}],"items_purged_floors":[],"potions_floor_spawned":[2,7,13,14,16,21],"seed_played":"-3893763241401415435","killed_by":"Slavers","ascension_level":12,"potions_obtained":[{"floor":2,"key":"EssenceOfSteel"},{"floor":7,"key":"SkillPotion"},{"floor":13,"key":"PowerPotion"},{"floor":14,"key":"Strength Potion"},{"floor":16,"key":"EntropicBrew"},{"floor":21,"key":"Energy Potion"}],"is_trial":false}