{"gold_per_floor":[119,69,69,69,144,144,163,196,249,281,281,281,297,316,316,316],"floor_reached":16,"playtime":552,"items_purged":[],"score":133,"play_id":"cdce5539-6175-41c3-afbe-d4a4d51ca5f1","local_time":"20190323002045","is_ascension_mode":false,"campfire_choices":[{"data":"Power Through","floor":6,"key":"SMITH"},{"data":"Inflame","floor":12,"key":"SMITH"},{"data":"Thunderclap","floor":15,"key":"SMITH"}],"neow_cost":"NONE","seed_source_timestamp":266774113312995,"circlet_count":0,"master_deck":["Strike_R","Strike_R","Strike_R","Strike_R","Defend_R","Defend_R","Defend_R","Bash","Power Through+1","Thunderclap+1","Inflame+1","Headbutt","Shrug It Off","Shrug It Off"],"relics":["Burning Blood","Pear","Potion Belt","Strawberry","Question Card"],"potions_floor_usage":[10,16],"damage_taken":[{"damage":0,"enemies":"Small Slimes","floor":1,"turns":3},{"damage":12,"enemies":"2 Louse","floor":7,"turns":4},{"damage":22,"enemies":"Gremlin Nob","floor":8,"turns":5},{"damage":31,"enemies":"Lagavulin","floor":10,"turns":6},{"damage":1,"enemies":"Cultist","floor":13,"turns":3},{"damage":0,"enemies":"Large Slime","floor":14,"turns":5},{"damage":69,"enemies":"Hexaghost","floor":16,"turns":14}],"seed_played":"-263157007854042266","potions_obtained":[{"floor":1,"key":"SteroidPotion"},{"floor":13,"key":"Ancient Potion"},{"floor":14,"key":"Regen Potion"}],"is_trial":false,"path_per_floor":["M","?","?","$","?","R","M","E","T","E","T","R","M","M","R","B"],"character_chosen":"IRONCLAD","items_purchased":[],"campfire_rested":0,"item_purchase_floors":[],"current_hp_per_floor":[88,88,81,81,70,70,64,58,58,40,40,40,45,51,51,0],"gold":316,"neow_bonus":"TEN_PERCENT_HP_BONUS","is_prod":false,"is_daily":false,"chose_seed":false,"campfire_upgraded":3,"win_rate":0,"timestamp":1553318445,"path_taken":["M","?","?","$","?","R","M","E","T","E","?","R","M","M","R","BOSS"],"build_version":"2019-01-23","purchased_purges":0,"victory":false,"max_hp_per_floor":[88,88,88,88,88,88,88,98,98,105,105,105,105,105,105,105],"card_choices":[{"not_picked":["Body Slam","Rage"],"picked":"Power Through","floor":1},{"not_picked":["Cleave","Clash"],"picked":"Thunderclap","floor":7},{"not_picked":["Heavy Blade","Thunderclap"],"picked":"Inflame","floor":8},{"not_picked":["Body Slam","Blood for Blood"],"picked":"Headbutt","floor":10},{"not_picked":["Intimidate","Sword Boomerang","Thunderclap"],"picked":"Shrug It Off","floor":13},{"not_picked":["Armaments","Rampage","Evolve"],"picked":"Shrug It Off","floor":14}],"player_experience":113483,"relics_obtained":[{"floor":8,"key":"Pear"},{"floor":9,"key":"Potion Belt"},{"floor":10,"key":"Strawberry"},{"floor":11,"key":"Question Card"}],"event_choices":[{"cards_removed":["Strike_R"],"damage_healed":0,"gold_gain":0,"player_choice":"Card Removal","damage_taken":0,"max_hp_gain":0,"max_hp_loss":0,"event_name":"The Cleric","floor":2,"gold_loss":50},{"cards_removed":["Defend_R"],"damage_healed":0,"gold_gain":0,"player_choice":"Card Removal","damage_taken":7,"max_hp_gain":0,"max_hp_loss":0,"event_name":"Golden Wing","floor":3,"gold_loss":0},{"damage_healed":0,"gold_gain":75,"player_choice":"Gather Gold","damage_taken":11,"max_hp_gain":0,"max_hp_loss":0,"event_name":"World of Goop","floor":5,"gold_loss":0}],"is_beta":false,"boss_relics":[],"items_purged_floors":[],"is_endless":false,"potions_floor_spawned":[1,13,14],"killed_by":"Hexaghost","ascension_level":0}