{"gold_per_floor":[218,235,315,315,95,95,120,139,164,164,178,221,221,242,242,361,361,386,239,239,257,288,288],"floor_reached":23,"playtime":1262,"items_purged":["Strike_R","Strike_R"],"score":210,"play_id":"47a60f30-9045-4531-b0b6-aea06e1685a6","local_time":"20190402234934","is_ascension_mode":true,"campfire_choices":[{"data":"Bash","floor":6,"key":"SMITH"},{"data":"Cleave","floor":10,"key":"SMITH"},{"data":"Feel No Pain","floor":13,"key":"SMITH"},{"data":"Shockwave","floor":15,"key":"SMITH"}],"neow_cost":"NONE","seed_source_timestamp":1214592269541159,"circlet_count":0,"master_deck":["Strike_R","Strike_R","Strike_R","Defend_R","Defend_R","Defend_R","Defend_R","Bash+1","Cleave+1","Metallicize","Shockwave+1","Corruption","Feel No Pain+1","Impervious","Offering","Armaments"],"relics":["Burning Blood","Bottled Flame","Golden Idol","Anchor","Happy Flower","Ancient Tea Set","Busted Crown","Red Mask"],"potions_floor_usage":[16,16,23,23],"damage_taken":[{"damage":6,"enemies":"Cultist","floor":1,"turns":4},{"damage":0,"enemies":"2 Louse","floor":2,"turns":2},{"damage":4,"enemies":"Small Slimes","floor":7,"turns":2},{"damage":10,"enemies":"Looter","floor":8,"turns":4},{"damage":0,"enemies":"3 Louse","floor":11,"turns":2},{"damage":9,"enemies":"Gremlin Nob","floor":12,"turns":4},{"damage":3,"enemies":"Red Slaver","floor":14,"turns":3},{"damage":43,"enemies":"Hexaghost","floor":16,"turns":13},{"damage":15,"enemies":"2 Thieves","floor":18,"turns":4},{"damage":38,"enemies":"Spheric Guardian","floor":21,"turns":10},{"damage":18,"enemies":"Masked Bandits","floor":22,"turns":4},{"damage":27,"enemies":"Gremlin Leader","floor":23,"turns":10}],"seed_played":"5503847715434806511","potions_obtained":[{"floor":1,"key":"Dexterity Potion"},{"floor":11,"key":"Weak Potion"},{"floor":12,"key":"Swift Potion"},{"floor":16,"key":"Fire Potion"},{"floor":22,"key":"Fire Potion"}],"is_trial":false,"path_per_floor":["M","M","T","?","$","R","M","M","T","R","M","E","R","M","R","B",null,"M","$","?","M","?","E"],"character_chosen":"IRONCLAD","items_purchased":["Anchor","Armaments"],"campfire_rested":0,"item_purchase_floors":[5,19],"current_hp_per_floor":[80,80,80,74,74,74,74,70,70,70,74,71,71,74,74,37,74,65,65,65,33,21,0],"gold":288,"neow_bonus":"HUNDRED_GOLD","is_prod":false,"is_daily":false,"chose_seed":false,"campfire_upgraded":4,"win_rate":0,"timestamp":1554266974,"path_taken":["M","M","?","?","$","R","M","M","T","R","M","E","R","M","R","BOSS","M","$","?","M","?","E"],"build_version":"2019-01-23","purchased_purges":2,"victory":false,"max_hp_per_floor":[80,80,80,74,74,74,74,74,74,74,74,74,74,74,74,74,74,74,74,74,74,74,74],"card_choices":[{"not_picked":["Rage","Clash"],"picked":"Cleave","floor":1},{"not_picked":["Dual Wield","Havoc"],"picked":"Metallicize","floor":2},{"not_picked":["Clash","Armaments"],"picked":"Shockwave","floor":7},{"not_picked":["Pummel","Flex","Havoc"],"picked":"SKIP","floor":8},{"not_picked":["Pummel","Flex","Havoc"],"picked":"SKIP","floor":8},{"not_picked":["Pummel","Warcry"],"picked":"Corruption","floor":11},{"not_picked":["Clash","Havoc"],"picked":"Feel No Pain","floor":12},{"not_picked":["True Grit","Rupture"],"picked":"Impervious","floor":14},{"not_picked":["Brutality","Bludgeon"],"picked":"Offering","floor":16},{"not_picked":["Clash"],"picked":"SKIP","floor":18},{"not_picked":["Wild Strike+1"],"picked":"SKIP","floor":21}],"player_experience":201055,"relics_obtained":[{"floor":3,"key":"Bottled Flame"},{"floor":9,"key":"Happy Flower"},{"floor":12,"key":"Ancient Tea Set"},{"floor":22,"key":"Red Mask"}],"event_choices":[{"damage_healed":0,"gold_gain":0,"player_choice":"Lose Max HP","damage_taken":0,"relics_obtained":["Golden Idol"],"max_hp_gain":0,"max_hp_loss":6,"event_name":"Golden Idol","floor":4,"gold_loss":0},{"damage_healed":0,"gold_gain":0,"player_choice":"Ignored","damage_taken":0,"max_hp_gain":0,"max_hp_loss":0,"event_name":"Vampires","floor":20,"gold_loss":0},{"damage_healed":0,"gold_gain":0,"player_choice":"Fought Bandits","damage_taken":0,"max_hp_gain":0,"max_hp_loss":0,"event_name":"Masked Bandits","floor":22,"gold_loss":0}],"is_beta":false,"boss_relics":[{"not_picked":["Eternal Feather","Velvet Choker"],"picked":"Busted Crown"}],"items_purged_floors":[5,19],"is_endless":false,"potions_floor_spawned":[1,11,12,16,22],"killed_by":"Gremlin Leader","ascension_level":2}