{"gold_per_floor":[119,131,142,154,166,166,194,194,262,280,296,621,636,670,670,744,744,755,855,905,905,491,491,520,520,520,547,563,563,573,655,655,730,730,747,727,742,742,842,842,870,870,870,889,889,889],"floor_reached":46,"playtime":7382,"items_purged":["Strike_G"],"score":1002,"play_id":"92088400-2050-47bb-9289-ed70b0e73d80","local_time":"20190415214405","is_ascension_mode":true,"campfire_choices":[{"data":"Noxious Fumes","floor":6,"key":"SMITH"},{"data":"Neutralize","floor":8,"key":"SMITH"},{"data":"Dodge and Roll","floor":15,"key":"SMITH"},{"data":"Leg Sweep","floor":23,"key":"SMITH"},{"data":"Deflect","floor":25,"key":"SMITH"},{"data":"Backflip","floor":29,"key":"SMITH"},{"data":"After Image","floor":32,"key":"SMITH"},{"data":"Slice","floor":40,"key":"SMITH"},{"data":"Neutralize","floor":45,"key":"SMITH"}],"neow_cost":"NONE","seed_source_timestamp":4938916132000,"circlet_count":0,"master_deck":["AscendersBane","Defend_G","Defend_G","Defend_G","Defend_G+1","Defend_G","Strike_G","Strike_G","Strike_G","Survivor+1","Neutralize+1","Dagger Throw","Quick Slash","Backflip+1","Dodge and Roll+1","Noxious Fumes+1","Leg Sweep+1","Slice+1","All Out Attack","After Image+1","Well Laid Plans","Deflect+1","Die Die Die","Neutralize+1"],"relics":["Ring of the Snake","Juzu Bracelet","Meat on the Bone","Old Coin","PreservedInsect","Busted Crown","Mummified Hand","Torii","Art of War","War Paint","Lantern","Turnip","Ninja Scroll","Sozu","FossilizedHelix","Omamori"],"potions_floor_usage":[4,5,10,12,16,24,33],"damage_taken":[{"damage":0,"enemies":"2 Louse","floor":1,"turns":3},{"damage":4,"enemies":"Small Slimes","floor":2,"turns":7},{"damage":4,"enemies":"Cultist","floor":3,"turns":3},{"damage":12,"enemies":"Exordium Thugs","floor":4,"turns":3},{"damage":0,"enemies":"Gremlin Gang","floor":5,"turns":3},{"damage":26,"enemies":"3 Sentries","floor":7,"turns":8},{"damage":3,"enemies":"3 Louse","floor":10,"turns":5},{"damage":9,"enemies":"Large Slime","floor":11,"turns":7},{"damage":3,"enemies":"Lagavulin","floor":12,"turns":7},{"damage":5,"enemies":"Gremlin Gang","floor":13,"turns":4},{"damage":20,"enemies":"3 Sentries","floor":14,"turns":9},{"damage":33,"enemies":"Hexaghost","floor":16,"turns":12},{"damage":12,"enemies":"3 Byrds","floor":18,"turns":5},{"damage":13,"enemies":"Colosseum Slavers","floor":19,"turns":5},{"damage":6,"enemies":"Colosseum Nobs","floor":19,"turns":5},{"damage":4,"enemies":"Slavers","floor":24,"turns":7},{"damage":0,"enemies":"Book of Stabbing","floor":27,"turns":7},{"damage":0,"enemies":"Shell Parasite","floor":28,"turns":7},{"damage":12,"enemies":"3 Cultists","floor":30,"turns":7},{"damage":19,"enemies":"Collector","floor":33,"turns":15},{"damage":0,"enemies":"3 Shapes","floor":35,"turns":5},{"damage":12,"enemies":"Orb Walker","floor":37,"turns":5},{"damage":0,"enemies":"Mind Bloom Boss Battle","floor":39,"turns":12},{"damage":0,"enemies":"Nemesis","floor":41,"turns":10},{"damage":0,"enemies":"Jaw Worm Horde","floor":44,"turns":7},{"damage":62,"enemies":"Giant Head","floor":46,"turns":11}],"seed_played":"-1391959087542298645","potions_obtained":[{"floor":2,"key":"SkillPotion"},{"floor":4,"key":"Explosive Potion"},{"floor":7,"key":"Poison Potion"},{"floor":11,"key":"FearPotion"},{"floor":14,"key":"Energy Potion"},{"floor":24,"key":"FearPotion"},{"floor":28,"key":"Strength Potion"}],"is_trial":false,"path_per_floor":["M","M","M","M","M","R","E","R","T","M","M","E","M","E","R","B",null,"M","?","?","?","$","R","E","R","T","E","M","R","M","T","R","B",null,"M","?","M","?","?","R","E","?","T","M","R","E"],"character_chosen":"THE_SILENT","items_purchased":["Well Laid Plans","GhostInAJar","Deflect","Art of War"],"campfire_rested":0,"item_purchase_floors":[22,22,22,22],"current_hp_per_floor":[65,61,57,45,45,45,19,19,19,28,31,40,47,39,39,18,59,47,40,40,40,40,40,48,48,48,48,48,48,48,48,48,41,64,64,64,52,52,52,52,52,52,52,52,52,0],"gold":889,"neow_bonus":"TEN_PERCENT_HP_BONUS","is_prod":false,"is_daily":false,"chose_seed":false,"campfire_upgraded":9,"win_rate":0,"timestamp":1555328645,"path_taken":["M","M","M","M","M","R","E","R","T","M","M","E","M","E","R","BOSS","M","?","?","?","$","R","E","R","T","E","M","R","M","?","R","BOSS","M","?","M","?","?","R","E","?","T","M","R","E"],"build_version":"2019-01-23","purchased_purges":1,"victory":false,"max_hp_per_floor":[72,72,72,72,72,72,72,72,72,72,72,72,72,72,72,72,72,72,72,72,72,72,72,72,72,72,72,72,72,72,72,72,72,72,72,72,72,72,72,72,72,72,72,72,72,72],"card_choices":[{"not_picked":["Acrobatics","Finisher"],"picked":"Dagger Throw","floor":1},{"not_picked":["Terror","Slice"],"picked":"Quick Slash","floor":2},{"not_picked":["Outmaneuver","Underhanded Strike"],"picked":"Backflip","floor":3},{"not_picked":["Poisoned Stab","Acrobatics"],"picked":"Dodge and Roll","floor":4},{"not_picked":["Catalyst","PiercingWail"],"picked":"Noxious Fumes","floor":5},{"not_picked":["Cloak And Dagger","Corpse Explosion"],"picked":"Leg Sweep","floor":7},{"not_picked":["Acrobatics","Calculated Gamble","Caltrops"],"picked":"SKIP","floor":10},{"not_picked":["Quick Slash","Distraction"],"picked":"Slice","floor":11},{"not_picked":["Masterful Stab","Slice","Flying Knee"],"picked":"SKIP","floor":12},{"not_picked":["Deadly Poison","Tactician","Concentrate"],"picked":"SKIP","floor":13},{"not_picked":["Masterful Stab","Expertise"],"picked":"All Out Attack","floor":14},{"not_picked":["Unload","A Thousand Cuts"],"picked":"After Image","floor":16},{"not_picked":["Poisoned Stab"],"picked":"SKIP","floor":18},{"not_picked":["Blade Dance"],"picked":"SKIP","floor":24},{"not_picked":["Predator"],"picked":"SKIP","floor":27},{"not_picked":["Bouncing Flask"],"picked":"SKIP","floor":28},{"not_picked":["All Out Attack"],"picked":"SKIP","floor":30},{"not_picked":["Leg Sweep"],"picked":"SKIP","floor":35},{"not_picked":["Dagger Spray"],"picked":"SKIP","floor":37},{"not_picked":[],"picked":"Die Die Die","floor":41},{"not_picked":["Eviscerate+1"],"picked":"SKIP","floor":44}],"player_experience":613953,"relics_obtained":[{"floor":7,"key":"Juzu Bracelet"},{"floor":9,"key":"Meat on the Bone"},{"floor":12,"key":"Old Coin"},{"floor":14,"key":"PreservedInsect"},{"floor":19,"key":"Mummified Hand"},{"floor":19,"key":"Torii"},{"floor":24,"key":"War Paint"},{"floor":26,"key":"Lantern"},{"floor":27,"key":"Turnip"},{"floor":31,"key":"Ninja Scroll"},{"floor":39,"key":"FossilizedHelix"},{"floor":41,"key":"Omamori"}],"event_choices":[{"damage_healed":0,"gold_gain":0,"player_choice":"Fight","damage_taken":0,"max_hp_gain":0,"max_hp_loss":0,"event_name":"Colosseum","floor":19,"gold_loss":0},{"damage_healed":0,"gold_gain":0,"player_choice":"Fought Nobs","damage_taken":0,"max_hp_gain":0,"max_hp_loss":0,"event_name":"Colosseum","floor":19,"gold_loss":0},{"damage_healed":0,"gold_gain":50,"player_choice":"Pray","damage_taken":0,"max_hp_gain":0,"max_hp_loss":0,"event_name":"Golden Shrine","floor":20,"gold_loss":0},{"damage_healed":0,"gold_gain":0,"player_choice":"Ignored","damage_taken":0,"max_hp_gain":0,"max_hp_loss":0,"event_name":"N\u0027loth","floor":21,"gold_loss":0},{"damage_healed":0,"gold_gain":0,"player_choice":"Bought 1 Potion","damage_taken":0,"max_hp_gain":0,"max_hp_loss":0,"event_name":"The Woman in Blue","floor":36,"gold_loss":0},{"cards_removed":["Strike_G"],"damage_healed":0,"gold_gain":0,"player_choice":"Removed Attack","damage_taken":0,"max_hp_gain":0,"max_hp_loss":0,"event_name":"Falling","floor":38,"gold_loss":0},{"damage_healed":0,"gold_gain":0,"player_choice":"Fight","damage_taken":0,"max_hp_gain":0,"max_hp_loss":0,"event_name":"MindBloom","floor":39,"gold_loss":0},{"damage_healed":0,"gold_gain":0,"player_choice":"1 cards matched","damage_taken":0,"max_hp_gain":0,"max_hp_loss":0,"event_name":"Match and Keep!","floor":42,"gold_loss":0,"cards_obtained":["Neutralize"]}],"is_beta":false,"boss_relics":[{"not_picked":["Astrolabe","WristBlade"],"picked":"Busted Crown"},{"not_picked":["Pandora\u0027s Box","Empty Cage"],"picked":"Sozu"}],"items_purged_floors":[22],"is_endless":false,"potions_floor_spawned":[2,4,7,11,14,24,28,35,44],"killed_by":"Giant Head","ascension_level":15}