{"gold_per_floor":[114,22,35,35,53,53,85,85,85,85,104,133,149,160,160,258,258,277,294,0,0,0],"floor_reached":22,"playtime":1955,"items_purged":[],"score":186,"play_id":"0744f2d6-9372-4bbe-91fb-ae7ee3cb9e6b","local_time":"20190324170645","is_ascension_mode":false,"campfire_choices":[{"floor":6,"key":"REST"},{"floor":8,"key":"REST"},{"floor":10,"key":"REST"},{"floor":15,"key":"REST"}],"neow_cost":"NONE","seed_source_timestamp":12218722894840,"circlet_count":0,"master_deck":["Strike_B","Strike_B","Strike_B","Defend_B","Defend_B","Defend_B","Defend_B","Zap","Dualcast","All For One","Redo","Trip","Stack","Cold Snap","Loop","Turbo","Reprogram","Sweeping Beam","Loop","Echo Form","Reprogram","Lockon+1"],"relics":["Cracked Core","The Courier","Gremlin Horn","Meat on the Bone","Odd Mushroom","Lizard Tail"],"potions_floor_usage":[7,16],"damage_taken":[{"damage":10,"enemies":"Small Slimes","floor":1,"turns":3},{"damage":13,"enemies":"2 Louse","floor":3,"turns":2},{"damage":6,"enemies":"Jaw Worm","floor":5,"turns":2},{"damage":31,"enemies":"Gremlin Nob","floor":7,"turns":5},{"damage":9,"enemies":"Large Slime","floor":11,"turns":5},{"damage":15,"enemies":"The Mushroom Lair","floor":12,"turns":5},{"damage":5,"enemies":"Exordium Wildlife","floor":13,"turns":4},{"damage":10,"enemies":"Looter","floor":14,"turns":3},{"damage":53,"enemies":"The Guardian","floor":16,"turns":11},{"damage":42,"enemies":"Spheric Guardian","floor":18,"turns":6},{"damage":57,"enemies":"Shell Parasite","floor":19,"turns":7},{"damage":44,"enemies":"Colosseum Slavers","floor":21,"turns":5},{"damage":25,"enemies":"Centurion and Healer","floor":22,"turns":2}],"seed_played":"2842847407350099559","potions_obtained":[{"floor":1,"key":"Regen Potion"},{"floor":11,"key":"AttackPotion"},{"floor":12,"key":"SmokeBomb"},{"floor":13,"key":"FearPotion"},{"floor":16,"key":"FearPotion"},{"floor":18,"key":"FairyPotion"}],"is_trial":false,"path_per_floor":["?","?","?","?"],"character_chosen":"DEFECT","items_purchased":["Trip"],"campfire_rested":4,"item_purchase_floors":[2],"current_hp_per_floor":[65,65,52,27,21,43,26,48,48,70,61,46,41,43,65,24,75,45,49,49,17,0],"gold":0,"neow_bonus":"TRANSFORM_CARD","is_prod":false,"is_daily":false,"chose_seed":false,"campfire_upgraded":0,"win_rate":0.0,"timestamp":1553461605,"path_taken":["M","$","M","?","M","R","E","R","T","R","M","?","M","M","R","BOSS","M","M","?","?","M"],"build_version":"2019-01-23","purchased_purges":0,"victory":false,"max_hp_per_floor":[75,75,75,75,75,75,75,75,75,75,75,75,75,75,75,75,75,75,75,75,75,75],"card_choices":[{"not_picked":["Tempest","Darkness"],"picked":"Redo","floor":1},{"not_picked":["Rebound","Tempest"],"picked":"Stack","floor":3},{"not_picked":["Barrage","Rebound"],"picked":"Cold Snap","floor":5},{"not_picked":["Cold Snap","Sunder"],"picked":"Loop","floor":7},{"not_picked":["Reinforced Body","Stack"],"picked":"Turbo","floor":11},{"not_picked":["Hello World","Storm"],"picked":"Reprogram","floor":12},{"not_picked":["Turbo","Coolheaded"],"picked":"Sweeping Beam","floor":13},{"not_picked":["Blizzard","Gash"],"picked":"Loop","floor":14},{"not_picked":["Thunder Strike","Amplify"],"picked":"Echo Form","floor":16},{"not_picked":["Leap+1","Turbo"],"picked":"Reprogram","floor":18},{"not_picked":["Gash+1","Leap"],"picked":"Lockon+1","floor":19}],"player_experience":50625,"relics_obtained":[{"floor":7,"key":"Gremlin Horn"},{"floor":9,"key":"Meat on the Bone"},{"floor":12,"key":"Odd Mushroom"}],"event_choices":[{"damage_healed":0,"gold_gain":0,"player_choice":"Success","damage_taken":25,"relics_obtained":["The Courier"],"max_hp_gain":0,"max_hp_loss":0,"event_name":"Scrap Ooze","floor":4,"gold_loss":0},{"damage_healed":0,"gold_gain":0,"player_choice":"Fought Mushrooms","damage_taken":0,"max_hp_gain":0,"max_hp_loss":0,"event_name":"Mushrooms","floor":12,"gold_loss":0},{"damage_healed":0,"gold_gain":0,"player_choice":"Paid Fearfully","damage_taken":0,"max_hp_gain":0,"max_hp_loss":0,"event_name":"Masked Bandits","floor":20,"gold_loss":294},{"damage_healed":0,"gold_gain":0,"player_choice":"Fight","damage_taken":0,"max_hp_gain":0,"max_hp_loss":0,"event_name":"Colosseum","floor":21,"gold_loss":0},{"damage_healed":0,"gold_gain":0,"player_choice":"Fled From Nobs","damage_taken":0,"max_hp_gain":0,"max_hp_loss":0,"event_name":"Colosseum","floor":21,"gold_loss":0}],"is_beta":false,"boss_relics":[{"not_picked":["Velvet Choker","Runic Pyramid"],"picked":"Lizard Tail"}],"items_purged_floors":[],"is_endless":false,"potions_floor_spawned":[1,11,12,13,16,18],"killed_by":"Centurion and Healer","ascension_level":0}