{"gold_per_floor":[114,129,79,94,150,180,180,105,160,160,160,175,190,205,205,305,305,320,320,335,335,350,350,380,380,405,420,435,450,465,145,145,245,245,260,280,1279,1294,1309,129,129,129,129,159,174,189,204,219,219,219],"floor_reached":51,"playtime":5059,"items_purged":["Defend_R","Strike_R","Defend_R"],"score":930,"play_id":"392626c1-7cbe-469e-b218-c5976ad11128","local_time":"20190213144959","daily_mods":["Cursed Run","Uncertain Future","Night Terrors"],"is_ascension_mode":false,"campfire_choices":[{"data":"Clothesline","floor":7,"key":"SMITH"},{"data":"Iron Wave","floor":10,"key":"SMITH"},{"data":"Flex","floor":15,"key":"SMITH"},{"data":"Limit Break","floor":23,"key":"SMITH"},{"data":"Reaper","floor":25,"key":"SMITH"},{"data":"Inflame","floor":32,"key":"SMITH"},{"data":"Whirlwind","floor":42,"key":"SMITH"},{"data":"Iron Wave","floor":49,"key":"SMITH"}],"neow_cost":"","seed_source_timestamp":433924759730919,"circlet_count":0,"master_deck":["Strike_R","Strike_R","Strike_R+1","Defend_R","Defend_R+1","Bash+1","Heavy Blade+1","Clothesline+1","Iron Wave+1","Doubt","Flex+1","Iron Wave+1","Shame","Limit Break+1","Sword Boomerang+1","Reaper+1","Inflame+1","Writhe","Shrug It Off+1","Anger","Injury","Immolate","Anger+1","Whirlwind+1","Normality","Normality","Iron Wave+1","Disarm+1","Normality","Regret","Iron Wave+1","Whirlwind+1","Cleave+1","Clumsy"],"special_seed":17940,"relics":["Cursed Key","Darkstone Periapt","Du-Vu Doll","Matryoshka","Vajra","Eternal Feather","Nloth\u0027s Gift","MutagenicStrength","The Courier","Whetstone","Dream Catcher","Pen Nib","Red Skull","Coffee Dripper","Calipers","Molten Egg 2","Shuriken","MealTicket","Gremlin Horn","Anchor","Toxic Egg 2","Blood Vial","Bag of Marbles","Ancient Tea Set"],"potions_floor_usage":[16,18,22,24,33,33,35,38],"damage_taken":[{"damage":1,"enemies":"Jaw Worm","floor":1,"turns":4},{"damage":0,"enemies":"Small Slimes","floor":2,"turns":3},{"damage":2,"enemies":"2 Louse","floor":4,"turns":2},{"damage":4,"enemies":"Gremlin Nob","floor":6,"turns":3},{"damage":3,"enemies":"Lots of Slimes","floor":12,"turns":4},{"damage":0,"enemies":"2 Fungi Beasts","floor":13,"turns":3},{"damage":0,"enemies":"Blue Slaver","floor":14,"turns":2},{"damage":13,"enemies":"Slime Boss","floor":16,"turns":9},{"damage":3,"enemies":"2 Thieves","floor":18,"turns":3},{"damage":5,"enemies":"Spheric Guardian","floor":20,"turns":3},{"damage":17,"enemies":"Centurion and Healer","floor":22,"turns":3},{"damage":23,"enemies":"Book of Stabbing","floor":24,"turns":4},{"damage":25,"enemies":"Shelled Parasite and Fungi","floor":27,"turns":4},{"damage":0,"enemies":"Snake Plant","floor":28,"turns":1},{"damage":0,"enemies":"Snecko","floor":29,"turns":2},{"damage":1,"enemies":"3 Cultists","floor":30,"turns":4},{"damage":65,"enemies":"Automaton","floor":33,"turns":7},{"damage":24,"enemies":"3 Darklings","floor":35,"turns":3},{"damage":58,"enemies":"2 Orb Walkers","floor":36,"turns":4},{"damage":1,"enemies":"3 Shapes","floor":38,"turns":2},{"damage":0,"enemies":"Sphere and 2 Shapes","floor":39,"turns":1},{"damage":46,"enemies":"Nemesis","floor":44,"turns":5},{"damage":0,"enemies":"3 Darklings","floor":45,"turns":1},{"damage":1,"enemies":"Maw","floor":46,"turns":3},{"damage":0,"enemies":"Jaw Worm Horde","floor":47,"turns":2},{"damage":0,"enemies":"Writhing Mass","floor":48,"turns":1},{"damage":0,"enemies":"Time Eater","floor":50,"turns":3}],"seed_played":"420993889476971038","potions_obtained":[{"floor":1,"key":"Explosive Potion"},{"floor":2,"key":"Dexterity Potion"},{"floor":14,"key":"PowerPotion"},{"floor":16,"key":"Block Potion"},{"floor":20,"key":"SteroidPotion"},{"floor":22,"key":"Poison Potion"},{"floor":28,"key":"Weak Potion"},{"floor":36,"key":"AttackPotion"},{"floor":38,"key":"EssenceOfSteel"},{"floor":44,"key":"Ancient Potion"},{"floor":46,"key":"Block Potion"}],"is_trial":false,"path_per_floor":["M","M","?","M","?","E","R","$","T","R","?","M","M","M","R","B",null,"M","?","M","?","M","R","E","R","T","M","M","M","M","$","R","B",null,"M","?","?","M","M","$","T","R","T","E","M","M","M","M","R","B",null],"character_chosen":"IRONCLAD","items_purchased":["Pen Nib","Red Skull","Molten Egg 2","Shuriken","MealTicket","Gremlin Horn","Anchor","Toxic Egg 2"],"campfire_rested":0,"item_purchase_floors":[31,31,40,40,40,40,40,40],"current_hp_per_floor":[79,79,79,77,77,73,73,73,79,79,62,59,59,59,59,52,92,89,89,84,84,75,84,61,70,76,55,55,55,90,90,98,39,104,80,22,34,33,33,33,39,54,60,45,47,82,84,86,104,112],"gold":219,"neow_bonus":"","is_prod":false,"is_daily":true,"chose_seed":false,"campfire_upgraded":8,"win_rate":0,"timestamp":1550098199,"path_taken":["M","M","?","M","?","E","R","$","T","R","?","M","M","M","R","BOSS","M","?","?","?","M","R","E","R","T","M","M","M","M","$","R","BOSS","M","?","?","M","M","$","?","R","T","E","M","M","M","M","R","BOSS"],"build_version":"2019-01-23","purchased_purges":3,"victory":true,"max_hp_per_floor":[80,80,80,80,80,80,80,80,86,86,86,86,86,86,86,92,92,92,92,92,92,92,92,92,92,98,98,98,98,98,98,98,104,104,104,104,116,116,116,116,122,122,128,128,128,128,128,128,128,134],"card_choices":[{"not_picked":["Evolve","Pummel","Warcry"],"picked":"SKIP","floor":1},{"not_picked":["Evolve","Headbutt"],"picked":"Heavy Blade","floor":2},{"not_picked":["Flex","Pummel"],"picked":"Clothesline","floor":4},{"not_picked":["Flame Barrier","Cleave"],"picked":"Iron Wave","floor":6},{"not_picked":["Barricade","Anger"],"picked":"Flex","floor":12},{"not_picked":["Flame Barrier","Seeing Red"],"picked":"Iron Wave","floor":13},{"not_picked":["Whirlwind","Sword Boomerang","Warcry"],"picked":"SKIP","floor":14},{"not_picked":["Exhume","Berserk"],"picked":"Limit Break","floor":16},{"not_picked":["Clash","Body Slam+1"],"picked":"Sword Boomerang+1","floor":18},{"not_picked":["Cleave+1","Clothesline"],"picked":"Reaper","floor":20},{"not_picked":["Searing Blow","Perfected Strike","Thunderclap"],"picked":"SKIP","floor":22},{"not_picked":["Pommel Strike","Offering"],"picked":"Inflame","floor":24},{"not_picked":["Reckless Charge","Iron Wave"],"picked":"Shrug It Off+1","floor":27},{"not_picked":["Wild Strike","Searing Blow+1"],"picked":"Anger","floor":28},{"not_picked":["Juggernaut","True Grit","Anger"],"picked":"SKIP","floor":29},{"not_picked":["Feel No Pain","Headbutt","Warcry"],"picked":"SKIP","floor":30},{"not_picked":["Offering","Demon Form"],"picked":"Immolate","floor":33},{"not_picked":["Clash","Havoc"],"picked":"Anger+1","floor":35},{"not_picked":["Dual Wield","Headbutt+1"],"picked":"Whirlwind","floor":36},{"not_picked":["Twin Strike+1","Thunderclap"],"picked":"Iron Wave+1","floor":38},{"not_picked":["Sever Soul+1","Seeing Red+1"],"picked":"Disarm+1","floor":39},{"not_picked":["Headbutt+1","Bloodletting+1","Offering+1"],"picked":"SKIP","floor":44},{"not_picked":["Clothesline+1","Perfected Strike+1"],"picked":"Iron Wave+1","floor":45},{"not_picked":["Clothesline+1","Clash+1"],"picked":"Whirlwind+1","floor":46},{"not_picked":["Body Slam+1","Clash+1"],"picked":"Cleave+1","floor":47},{"not_picked":["Barricade","Clothesline+1","Dark Embrace"],"picked":"SKIP","floor":48}],"player_experience":832226,"relics_obtained":[{"floor":6,"key":"Matryoshka"},{"floor":9,"key":"Tiny Chest"},{"floor":9,"key":"Vajra"},{"floor":24,"key":"The Courier"},{"floor":26,"key":"Whetstone"},{"floor":26,"key":"Dream Catcher"},{"floor":36,"key":"Calipers"},{"floor":41,"key":"Blood Vial"},{"floor":43,"key":"Bag of Marbles"},{"floor":44,"key":"Ancient Tea Set"}],"event_choices":[{"cards_removed":["Strike_R"],"damage_healed":0,"gold_gain":0,"player_choice":"Card Removal","damage_taken":0,"max_hp_gain":0,"max_hp_loss":0,"event_name":"The Cleric","floor":3,"gold_loss":50},{"damage_healed":0,"gold_gain":56,"player_choice":"Gained Gold","damage_taken":0,"max_hp_gain":0,"max_hp_loss":0,"event_name":"Golden Wing","floor":5,"gold_loss":0},{"damage_healed":0,"gold_gain":0,"player_choice":"Entered Light","damage_taken":17,"max_hp_gain":0,"max_hp_loss":0,"event_name":"Shining Light","floor":11,"gold_loss":0,"cards_upgraded":["Bash","Defend_R"]},{"damage_healed":0,"gold_gain":0,"player_choice":"Traded Relic","damage_taken":0,"relics_obtained":["Nloth\u0027s Gift"],"max_hp_gain":0,"max_hp_loss":0,"event_name":"N\u0027loth","floor":19,"relics_lost":["Tiny Chest"],"gold_loss":0},{"damage_healed":0,"gold_gain":0,"player_choice":"Inject Mutagens","damage_taken":0,"relics_obtained":["MutagenicStrength"],"max_hp_gain":0,"max_hp_loss":0,"event_name":"Drug Dealer","floor":21,"gold_loss":0},{"damage_healed":0,"gold_gain":0,"player_choice":"Fight","damage_taken":0,"max_hp_gain":0,"max_hp_loss":0,"event_name":"Mysterious Sphere","floor":36,"gold_loss":0},{"damage_healed":0,"gold_gain":999,"player_choice":"Gold","damage_taken":0,"max_hp_gain":0,"max_hp_loss":0,"event_name":"MindBloom","floor":37,"gold_loss":0,"cards_obtained":["Normality","Normality"]}],"is_beta":false,"boss_relics":[{"not_picked":["Velvet Choker","Astrolabe"],"picked":"Eternal Feather"},{"not_picked":["Black Star","Fusion Hammer"],"picked":"Coffee Dripper"}],"items_purged_floors":[8,31,40],"is_endless":false,"potions_floor_spawned":[1,2,14,16,20,22,28,30,36,38,44,46],"ascension_level":0}