{"gold_per_floor":[111,124,172,189,206,216,216,226,256,256,17,33,61,61,61,136,136,153,165,165,165,165,165],"floor_reached":23,"playtime":1237,"items_purged":[],"score":386,"play_id":"9a91cb12-7f7f-4ae0-8458-11e5df55d01f","local_time":"20190120002203","is_ascension_mode":true,"campfire_choices":[{"data":"Buffer","floor":7.0,"key":"SMITH"},{"data":"Zap","floor":10.0,"key":"SMITH"},{"data":"Rip and Tear","floor":15.0,"key":"SMITH"}],"neow_cost":"NONE","seed_source_timestamp":819450354727537,"circlet_count":0,"master_deck":["AscendersBane","Strike_B","Strike_B","Strike_B","Defend_B","Defend_B","Defend_B","Defend_B","Zap+1","Dualcast","BootSequence","Gash","Buffer+1","Capacitor","Ball Lightning","Self Repair","Rip and Tear+1","Heatsinks","Electrodynamics","Self Repair"],"special_seed":0,"relics":["Cracked Core","NeowsBlessing","Orichalcum","Tiny Chest","Juzu Bracelet","Omamori","Eternal Feather"],"potions_floor_usage":[16,19],"damage_taken":[{"damage":0.0,"enemies":"Cultist","floor":1.0,"turns":1.0},{"damage":0.0,"enemies":"2 Louse","floor":2.0,"turns":1.0},{"damage":0.0,"enemies":"Jaw Worm","floor":4.0,"turns":1.0},{"damage":2.0,"enemies":"2 Fungi Beasts","floor":5.0,"turns":4.0},{"damage":2.0,"enemies":"Large Slime","floor":6.0,"turns":6.0},{"damage":9.0,"enemies":"Gremlin Gang","floor":8.0,"turns":6.0},{"damage":0.0,"enemies":"Exordium Wildlife","floor":12.0,"turns":5.0},{"damage":9.0,"enemies":"Gremlin Nob","floor":13.0,"turns":5.0},{"damage":20,"enemies":"The Guardian","floor":16,"turns":10},{"damage":23,"enemies":"2 Thieves","floor":18,"turns":4},{"damage":21,"enemies":"Shell Parasite","floor":19,"turns":5},{"damage":15,"enemies":"Colosseum Slavers","floor":21,"turns":4},{"damage":26,"enemies":"Gremlin Leader","floor":23,"turns":2}],"seed_played":"7188436754688664733","potions_obtained":[{"floor":1.0,"key":"SteroidPotion"},{"floor":2.0,"key":"GamblersBrew"},{"floor":8.0,"key":"Fire Potion"},{"floor":13.0,"key":"LiquidBronze"},{"floor":22,"key":"SpeedPotion"},{"floor":22,"key":"SteroidPotion"}],"is_trial":false,"path_per_floor":["M","M","T","M","M","M","R","M","T","R","$","M","E","?","R","B",null,"M","M","?","?","?","E"],"character_chosen":"DEFECT","items_purchased":["Self Repair","Juzu Bracelet"],"campfire_rested":0,"item_purchase_floors":[11,11],"current_hp_per_floor":[64,64,64,64,62,60,60,51,51,51,51,58,56,56,56,43,64,48,34,34,26,26,0],"gold":165,"neow_bonus":"THREE_ENEMY_KILL","is_prod":false,"is_daily":false,"chose_seed":false,"campfire_upgraded":3,"win_rate":0,"timestamp":1547940123,"path_taken":["M","?","?","?","M","M","R","M","T","R","$","M","E","?","R","BOSS","M","M","?","?","?","E"],"build_version":"2019-01-17","purchased_purges":0,"victory":false,"max_hp_per_floor":[71,71,71,71,71,71,71,71,71,71,71,71,71,71,71,71,71,71,71,71,71,71,71],"card_choices":[{"not_picked":["Barrage","Coolheaded"],"picked":"BootSequence","floor":1.0},{"not_picked":["Sweeping Beam","Hologram","Conserve Battery"],"picked":"SKIP","floor":2.0},{"not_picked":["Sweeping Beam","Go for the Eyes"],"picked":"Gash","floor":4.0},{"not_picked":["Skim","Conserve Battery"],"picked":"Buffer","floor":5.0},{"not_picked":["Steam","Ball Lightning"],"picked":"Capacitor","floor":6.0},{"not_picked":["Loop","Hologram"],"picked":"Ball Lightning","floor":8.0},{"not_picked":["Beam Cell","Sweeping Beam","Stack"],"picked":"SKIP","floor":12.0},{"not_picked":["Compile Driver","Meteor Strike"],"picked":"Rip and Tear","floor":13.0},{"not_picked":["Buffer","Hyperbeam"],"picked":"Electrodynamics","floor":16},{"not_picked":["Redo","Sweeping Beam","Scrape"],"picked":"SKIP","floor":18},{"not_picked":["Sunder","Leap"],"picked":"Self Repair","floor":19}],"player_experience":564813,"relics_obtained":[{"floor":3.0,"key":"Orichalcum"},{"floor":9.0,"key":"Tiny Chest"},{"floor":13.0,"key":"Omamori"}],"event_choices":[{"damage_healed":0.0,"max_hp_gain":0.0,"max_hp_loss":0.0,"gold_gain":0.0,"cards_transformed":["Strike_B"],"event_name":"Living Wall","player_choice":"Change","floor":14.0,"gold_loss":0.0,"damage_taken":0.0,"cards_obtained":["Heatsinks"]},{"damage_healed":0,"gold_gain":0,"player_choice":"Ignored","damage_taken":0,"max_hp_gain":0,"max_hp_loss":0,"event_name":"Vampires","floor":20,"gold_loss":0},{"damage_healed":0,"gold_gain":0,"player_choice":"Fight","damage_taken":0,"max_hp_gain":0,"max_hp_loss":0,"event_name":"Colosseum","floor":21,"gold_loss":0},{"damage_healed":0,"gold_gain":0,"player_choice":"Fled From Nobs","damage_taken":0,"max_hp_gain":0,"max_hp_loss":0,"event_name":"Colosseum","floor":21,"gold_loss":0},{"damage_healed":0,"gold_gain":0,"player_choice":"Got Potions","damage_taken":0,"max_hp_gain":0,"max_hp_loss":0,"event_name":"Lab","floor":22,"gold_loss":0}],"is_beta":true,"boss_relics":[{"not_picked":["Lizard Tail","Coffee Dripper"],"picked":"Eternal Feather"}],"items_purged_floors":[],"is_endless":false,"potions_floor_spawned":[1,2,8,12,13],"killed_by":"Gremlin Leader","ascension_level":20}