{"gold_per_floor":[210,210,223,7,24,56,26,26,26,26,38,38,38,51,51,122,122,140,140,158,168,148,178,178,188,188,207,238,238,264,276,276,351,351,365,365,376,394,414,414,86,86,110,145,145,145,160,110,110,110,110],"floor_reached":51,"playtime":4755,"items_purged":["Parasite","Strike_B"],"score":1384,"play_id":"3a715686-1b66-493b-8315-68eb6438fdde","local_time":"20190121022325","is_ascension_mode":true,"campfire_choices":[{"data":"Go for the Eyes","floor":8.0,"key":"SMITH"},{"data":"Defragment","floor":10.0,"key":"SMITH"},{"data":"Coolheaded","floor":13.0,"key":"SMITH"},{"data":"Dualcast","floor":15.0,"key":"SMITH"},{"floor":24.0,"key":"REST"},{"data":"Coolheaded","floor":32.0,"key":"SMITH"},{"data":"Defragment","floor":40,"key":"SMITH"},{"data":"Storm","floor":42,"key":"SMITH"},{"floor":49,"key":"REST"}],"neow_cost":"NONE","seed_source_timestamp":908609982248675,"circlet_count":0,"master_deck":["AscendersBane","Strike_B","Strike_B","Strike_B","Defend_B","Defend_B","Defend_B","Zap","Dualcast+1","Blizzard+1","Cold Snap","Glacier","Defragment+1","Glacier","Go for the Eyes+1","Coolheaded+1","Biased Cognition","Defragment+1","Glacier+1","Recycle","Coolheaded+1","Core Surge","Reprogram+1","Storm+1","Defragment+1"],"special_seed":0,"relics":["Cracked Core","Torii","Calipers","Sozu","Nilry\u0027s Codex","Strawberry","Mummified Hand","Red Mask","Gremlin Horn","Nuclear Battery","PreservedInsect","Smiling Mask","Juzu Bracelet"],"potions_floor_usage":[51],"damage_taken":[{"damage":4.0,"enemies":"Small Slimes","floor":1.0,"turns":4.0},{"damage":0.0,"enemies":"Cultist","floor":3.0,"turns":3.0},{"damage":4.0,"enemies":"Jaw Worm","floor":5.0,"turns":4.0},{"damage":4.0,"enemies":"Lagavulin","floor":6.0,"turns":7.0},{"damage":0.0,"enemies":"Blue Slaver","floor":11.0,"turns":4.0},{"damage":9.0,"enemies":"Lots of Slimes","floor":14.0,"turns":4.0},{"damage":17.0,"enemies":"Slime Boss","floor":16.0,"turns":11.0},{"damage":0.0,"enemies":"3 Byrds","floor":18.0,"turns":5.0},{"damage":0.0,"enemies":"Spheric Guardian","floor":20.0,"turns":5.0},{"damage":1.0,"enemies":"Snecko","floor":21.0,"turns":7.0},{"damage":10.0,"enemies":"Book of Stabbing","floor":23.0,"turns":8.0},{"damage":0.0,"enemies":"Chosen and Byrds","floor":25.0,"turns":8.0},{"damage":0.0,"enemies":"Centurion and Healer","floor":27.0,"turns":10.0},{"damage":0.0,"enemies":"Masked Bandits","floor":28.0,"turns":6.0},{"damage":12.0,"enemies":"Gremlin Leader","floor":30.0,"turns":9.0},{"damage":0.0,"enemies":"Cultist and Chosen","floor":31.0,"turns":8.0},{"damage":13.0,"enemies":"Automaton","floor":33.0,"turns":13.0},{"damage":0.0,"enemies":"3 Darklings","floor":35.0,"turns":9.0},{"damage":0.0,"enemies":"3 Shapes","floor":37.0,"turns":5.0},{"damage":0,"enemies":"Writhing Mass","floor":38,"turns":10},{"damage":0,"enemies":"Maw","floor":39,"turns":12},{"damage":0,"enemies":"Nemesis","floor":44,"turns":5},{"damage":14,"enemies":"3 Darklings","floor":47,"turns":6},{"damage":39,"enemies":"Time Eater","floor":50,"turns":16},{"damage":30,"enemies":"Awakened One","floor":51,"turns":3}],"seed_played":"1994224650732239689","potions_obtained":[{"floor":1.0,"key":"Block Potion"},{"floor":11.0,"key":"Strength Potion"},{"floor":14.0,"key":"Fire Potion"}],"is_trial":false,"path_per_floor":["M","?","M","$","M","E","$","R","T","R","M","$","R","M","R","B",null,"M","?","M","M","?","E","R","M","T","M","?","?","E","M","R","B",null,"M","?","M","M","M","R","$","R","T","E","?","?","M","$","R","B","B"],"character_chosen":"DEFECT","items_purchased":["Glacier","Defragment","Poison Potion","Go for the Eyes","Storm","PreservedInsect"],"campfire_rested":2,"item_purchase_floors":[4,4,4,7,41,41],"current_hp_per_floor":[60,60,60,60,56,52,52,52,52,52,52,52,52,43,43,26,60,60,39,39,38,38,35,58,58,58,58,58,58,46,46,46,33,67,67,67,67,67,67,67,67,67,67,67,67,57,43,43,65,26,0],"gold":110,"neow_bonus":"HUNDRED_GOLD","is_prod":false,"is_daily":false,"chose_seed":false,"campfire_upgraded":7,"win_rate":0,"timestamp":1548033805,"path_taken":["M","?","M","$","?","E","$","R","T","R","M","?","R","M","R","BOSS","M","?","M","M","?","E","R","M","T","?","?","?","E","M","R","BOSS","M","?","M","M","?","R","$","R","T","E","?","?","M","$","R","BOSS","BOSS"],"build_version":"2019-01-19","purchased_purges":2,"victory":false,"max_hp_per_floor":[71,71,71,71,71,71,71,71,71,71,71,71,71,71,71,71,71,71,71,71,71,71,78,78,78,78,78,78,78,78,78,78,78,78,78,78,78,78,78,78,75,75,75,75,75,75,75,75,75,75,75],"card_choices":[{"not_picked":["Reprogram","Leap"],"picked":"Blizzard","floor":1.0},{"not_picked":["Barrage","Tempest"],"picked":"Cold Snap","floor":3.0},{"not_picked":["Lockon","Beam Cell","Streamline"],"picked":"SKIP","floor":5.0},{"not_picked":["Storm","Steam"],"picked":"Glacier","floor":6.0},{"not_picked":["Reboot","Ball Lightning"],"picked":"Coolheaded","floor":11.0},{"not_picked":["Aggregate","Beam Cell","Steam"],"picked":"SKIP","floor":14.0},{"not_picked":["Thunder Strike","Amplify"],"picked":"Biased Cognition","floor":16.0},{"not_picked":["Barrage","Conserve Battery","Rebound"],"picked":"SKIP","floor":18.0},{"not_picked":["Beam Cell","Compile Driver"],"picked":"Defragment","floor":20.0},{"not_picked":["Redo","Compile Driver","Barrage"],"picked":"SKIP","floor":21.0},{"not_picked":["Hologram","Hyperbeam"],"picked":"Glacier+1","floor":23.0},{"not_picked":["Beam Cell","Hologram","Compile Driver"],"picked":"SKIP","floor":25.0},{"not_picked":["Storm","Skim","Beam Cell"],"picked":"SKIP","floor":27.0},{"not_picked":["Reprogram","Sunder"],"picked":"Coolheaded","floor":30.0},{"not_picked":["White Noise","Stack","Gash"],"picked":"SKIP","floor":31.0},{"not_picked":["Meteor Strike","Hyperbeam"],"picked":"Core Surge","floor":33.0},{"not_picked":["Conserve Battery","Hologram","Gash"],"picked":"SKIP","floor":35.0},{"not_picked":["Ball Lightning+1","Sweeping Beam","Redo"],"picked":"SKIP","floor":37.0},{"not_picked":["Go for the Eyes+1","Auto Shields+1"],"picked":"Reprogram+1","floor":38},{"not_picked":["Turbo","Streamline","Gash"],"picked":"SKIP","floor":39},{"not_picked":["Conserve Battery","Fission"],"picked":"Defragment+1","floor":44},{"not_picked":["Hello World","Skim","Recycle"],"picked":"SKIP","floor":47}],"player_experience":585947,"relics_obtained":[{"floor":6.0,"key":"Torii"},{"floor":9.0,"key":"Calipers"},{"floor":19.0,"key":"Nilry\u0027s Codex"},{"floor":23.0,"key":"Strawberry"},{"floor":26.0,"key":"Mummified Hand"},{"floor":28.0,"key":"Red Mask"},{"floor":30.0,"key":"Gremlin Horn"},{"floor":43,"key":"Smiling Mask"},{"floor":44,"key":"Juzu Bracelet"}],"event_choices":[{"damage_healed":0.0,"max_hp_gain":0.0,"max_hp_loss":0.0,"gold_gain":0.0,"event_name":"Upgrade Shrine","player_choice":"Upgraded","floor":2.0,"gold_loss":0.0,"damage_taken":0.0,"cards_upgraded":["Blizzard"]},{"damage_healed":0.0,"max_hp_gain":0.0,"max_hp_loss":0.0,"gold_gain":0.0,"event_name":"Cursed Tome","player_choice":"Obtained Book","floor":19.0,"gold_loss":0.0,"damage_taken":21.0},{"damage_healed":0.0,"max_hp_gain":0.0,"max_hp_loss":0.0,"gold_gain":0.0,"event_name":"The Woman in Blue","player_choice":"Bought 1 Potion","floor":22.0,"gold_loss":0.0,"damage_taken":0.0},{"damage_healed":0.0,"max_hp_gain":0.0,"max_hp_loss":0.0,"gold_gain":0.0,"event_name":"Masked Bandits","player_choice":"Fought Bandits","floor":28.0,"gold_loss":0.0,"damage_taken":0.0},{"damage_healed":0.0,"max_hp_gain":0.0,"max_hp_loss":0.0,"gold_gain":0.0,"event_name":"The Library","player_choice":"Read","floor":29.0,"gold_loss":0.0,"damage_taken":0.0,"cards_obtained":["Recycle"]},{"damage_healed":0.0,"max_hp_gain":0.0,"max_hp_loss":0.0,"gold_gain":0.0,"event_name":"Lab","player_choice":"Got Potions","floor":36.0,"gold_loss":0.0,"damage_taken":0.0},{"cards_removed":["Defend_B"],"damage_healed":0,"gold_gain":0,"player_choice":"Removed Skill","damage_taken":0,"max_hp_gain":0,"max_hp_loss":0,"event_name":"Falling","floor":45,"gold_loss":0},{"damage_healed":0,"gold_gain":0,"player_choice":"Memory 3","damage_taken":10,"max_hp_gain":0,"max_hp_loss":0,"event_name":"SensoryStone","floor":46,"gold_loss":0}],"is_beta":true,"boss_relics":[{"not_picked":["Calling Bell","Busted Crown"],"picked":"Sozu"},{"not_picked":["Tiny House","FrozenCore"],"picked":"Nuclear Battery"}],"items_purged_floors":[41,48],"is_endless":false,"potions_floor_spawned":[1,11,14,16,23,25,30,33,37,47],"killed_by":"Awakened One","ascension_level":20}