{"gold_per_floor":[113,113,113,129,140,140,166,166,166,166,166,181,256,256,256,356,356,370,404,393,393,403,403,415,441,441,461,461,461],"floor_reached":29,"playtime":2282,"items_purged":[],"score":279,"play_id":"2fa67c05-7d4e-40a2-8815-a845c16a1c78","local_time":"20190404140046","is_ascension_mode":true,"campfire_choices":[{"data":"Neutralize","floor":6,"key":"SMITH"},{"data":"Deflect","floor":8,"key":"SMITH"},{"data":"Leg Sweep","floor":10,"key":"SMITH"},{"floor":15,"key":"REST"},{"floor":23,"key":"REST"},{"floor":28,"key":"REST"}],"neow_cost":"NONE","seed_source_timestamp":253888969860082,"circlet_count":0,"master_deck":["Defend_G","Defend_G","Defend_G","Defend_G","Strike_G","Strike_G","Strike_G+1","Strike_G","Strike_G+1","Survivor","Neutralize+1","Deadly Poison","Deflect+1","Dodge and Roll+1","Leg Sweep+1","After Image","Backflip","Neutralize","Poisoned Stab","Escape Plan","Caltrops"],"relics":["Ring of the Snake","NeowsBlessing","Ginger","Thread and Needle","Velvet Choker","Red Mask","Omamori","Singing Bowl"],"potions_floor_usage":[16,25,25],"damage_taken":[{"damage":0,"enemies":"Jaw Worm","floor":1,"turns":1},{"damage":0,"enemies":"2 Louse","floor":4,"turns":1},{"damage":0,"enemies":"Cultist","floor":5,"turns":1},{"damage":28,"enemies":"Lagavulin","floor":7,"turns":9},{"damage":0,"enemies":"Blue Slaver","floor":12,"turns":4},{"damage":16,"enemies":"Hexaghost","floor":16,"turns":12},{"damage":0,"enemies":"3 Byrds","floor":18,"turns":9},{"damage":44,"enemies":"Masked Bandits","floor":19,"turns":9},{"damage":0,"enemies":"2 Thieves","floor":20,"turns":4},{"damage":0,"enemies":"Snake Plant","floor":22,"turns":5},{"damage":23,"enemies":"Cultist and Chosen","floor":24,"turns":10},{"damage":13,"enemies":"Slavers","floor":25,"turns":14},{"damage":3,"enemies":"Chosen and Byrds","floor":27,"turns":10},{"damage":51,"enemies":"Gremlin Leader","floor":29,"turns":8}],"seed_played":"-500303404761915819","potions_obtained":[{"floor":7,"key":"Poison Potion"},{"floor":12,"key":"Regen Potion"},{"floor":22,"key":"Dexterity Potion"},{"floor":24,"key":"SpeedPotion"}],"is_trial":false,"path_per_floor":["M","?","?","M","M","R","E","R","T","R","?","M","?","?","R","B",null,"M","?","M","?","M","R","M","E","T","M","R","E"],"character_chosen":"THE_SILENT","items_purchased":[],"campfire_rested":3,"item_purchase_floors":[],"current_hp_per_floor":[70,70,63,63,63,63,35,35,35,35,35,35,24,10,31,15,70,70,26,26,26,26,47,24,26,26,25,46,0],"gold":461,"neow_bonus":"THREE_ENEMY_KILL","is_prod":false,"is_daily":false,"chose_seed":false,"campfire_upgraded":3,"win_rate":0,"timestamp":1554411646,"path_taken":["M","?","?","M","M","R","E","R","T","R","?","?","?","?","R","BOSS","M","?","M","?","M","R","?","E","T","M","R","E"],"build_version":"2019-01-23","purchased_purges":0,"victory":false,"max_hp_per_floor":[70,70,70,70,70,70,70,70,70,70,70,70,70,70,70,70,70,70,70,70,70,70,70,70,70,70,72,72,72],"card_choices":[{"not_picked":["Slice","Underhanded Strike"],"picked":"Deadly Poison","floor":1},{"not_picked":["Quick Slash","Cloak And Dagger"],"picked":"Deflect","floor":4},{"not_picked":["Predator","Choke"],"picked":"Dodge and Roll","floor":5},{"not_picked":["Dodge and Roll","Expertise"],"picked":"Leg Sweep","floor":7},{"not_picked":["Expertise","Dodge and Roll","PiercingWail"],"picked":"SKIP","floor":12},{"not_picked":["Unload","Malaise"],"picked":"After Image","floor":16},{"not_picked":["Underhanded Strike","Acrobatics"],"picked":"Backflip","floor":18},{"not_picked":["Outmaneuver","Dagger Spray","Acrobatics"],"picked":"SKIP","floor":20},{"not_picked":["Bullet Time","Eviscerate+1","Slice"],"picked":"SKIP","floor":22},{"not_picked":["Calculated Gamble+1","Skewer"],"picked":"Escape Plan","floor":24},{"not_picked":["Blade Dance+1","All Out Attack+1"],"picked":"Caltrops","floor":25},{"not_picked":["Distraction","Masterful Stab","Backflip"],"picked":"Singing Bowl","floor":27}],"player_experience":1448722,"relics_obtained":[{"floor":7,"key":"Ginger"},{"floor":9,"key":"Thread and Needle"},{"floor":19,"key":"Red Mask"},{"floor":25,"key":"Omamori"},{"floor":26,"key":"Singing Bowl"}],"event_choices":[{"damage_healed":0,"gold_gain":0,"player_choice":"Ignored","damage_taken":0,"max_hp_gain":0,"max_hp_loss":0,"event_name":"Liars Game","floor":2,"gold_loss":0},{"cards_removed":["Defend_G"],"damage_healed":0,"gold_gain":0,"player_choice":"Card Removal","damage_taken":7,"max_hp_gain":0,"max_hp_loss":0,"event_name":"Golden Wing","floor":3,"gold_loss":0},{"damage_healed":0,"gold_gain":0,"player_choice":"Forge","damage_taken":0,"max_hp_gain":0,"max_hp_loss":0,"event_name":"Accursed Blacksmith","floor":11,"gold_loss":0,"cards_upgraded":["Dodge and Roll"]},{"damage_healed":0,"gold_gain":75,"player_choice":"Gather Gold","damage_taken":11,"max_hp_gain":0,"max_hp_loss":0,"event_name":"World of Goop","floor":13,"gold_loss":0},{"damage_healed":0,"gold_gain":0,"player_choice":"Entered Light","damage_taken":14,"max_hp_gain":0,"max_hp_loss":0,"event_name":"Shining Light","floor":14,"gold_loss":0,"cards_upgraded":["Strike_G","Strike_G"]},{"damage_healed":0,"gold_gain":0,"player_choice":"Fought Bandits","damage_taken":0,"max_hp_gain":0,"max_hp_loss":0,"event_name":"Masked Bandits","floor":19,"gold_loss":0},{"damage_healed":0,"gold_gain":0,"player_choice":"2 cards matched","damage_taken":0,"max_hp_gain":0,"max_hp_loss":0,"event_name":"Match and Keep!","floor":21,"gold_loss":0,"cards_obtained":["Neutralize","Poisoned Stab"]}],"is_beta":false,"boss_relics":[{"not_picked":["Ectoplasm","WristBlade"],"picked":"Velvet Choker"}],"items_purged_floors":[],"is_endless":false,"potions_floor_spawned":[7,12,22,24],"killed_by":"Gremlin Leader","ascension_level":3}