{"gold_per_floor":[113,93,6,25,41,41,97,162,162,162,162,194,208,168,168,245,245,256,256,306,320,320,320,320],"floor_reached":24,"playtime":1774,"items_purged":[],"score":404,"play_id":"1d64299a-7247-4f89-abd3-d3a053be71c8","local_time":"20190117182552","is_ascension_mode":true,"campfire_choices":[{"data":"Seek","floor":6,"key":"SMITH"},{"data":"Fission","floor":10,"key":"SMITH"},{"floor":15,"key":"REST"},{"floor":23,"key":"REST"}],"neow_cost":"NONE","seed_source_timestamp":624809343630506,"circlet_count":0,"master_deck":["AscendersBane","Strike_B","Strike_B","Defend_B","Defend_B","Defend_B","Defend_B","Zap+1","Dualcast","Meteor Strike","Conserve Battery","Seek+1","Compile Driver","Glacier","Doom and Gloom","Fission+1","Capacitor","Loop","Storm","Self Repair","White Noise+1"],"relics":["Cracked Core","Pantograph","Tiny Chest","Blue Candle","Dream Catcher","Sozu"],"potions_floor_usage":[7,7,18,21],"damage_taken":[{"damage":4,"enemies":"Small Slimes","floor":1,"turns":4},{"damage":1,"enemies":"Cultist","floor":4,"turns":4},{"damage":8,"enemies":"2 Louse","floor":5,"turns":2},{"damage":23,"enemies":"Gremlin Nob","floor":7,"turns":4},{"damage":9,"enemies":"3 Sentries","floor":8,"turns":6},{"damage":17,"enemies":"Lagavulin","floor":12,"turns":7},{"damage":0,"enemies":"Looter","floor":13,"turns":2},{"damage":30,"enemies":"Slime Boss","floor":16,"turns":10},{"damage":11,"enemies":"Chosen","floor":18,"turns":6},{"damage":28,"enemies":"Shell Parasite","floor":21,"turns":4},{"damage":51,"enemies":"Book of Stabbing","floor":24,"turns":4}],"seed_played":"7247109787585367027","potions_obtained":[{"floor":1,"key":"Weak Potion"},{"floor":2,"key":"PowerPotion"},{"floor":5,"key":"FearPotion"},{"floor":12,"key":"Fruit Juice"},{"floor":16,"key":"Ancient Potion"}],"is_trial":false,"path_per_floor":["M","?","$","M","M","R","?","E","T","R","?","E","M","?","R","B",null,"M","?","?","M","?","R","E"],"character_chosen":"DEFECT","items_purchased":["Seek"],"campfire_rested":2,"item_purchase_floors":[3],"current_hp_per_floor":[60,60,60,59,51,51,28,19,19,19,19,2,2,2,23,18,58,47,47,47,24,24,46,0],"gold":320,"neow_bonus":"ONE_RANDOM_RARE_CARD","is_prod":false,"is_daily":false,"chose_seed":false,"campfire_upgraded":2,"win_rate":0,"timestamp":1547745952,"path_taken":["M","?","$","M","?","R","?","E","T","R","?","E","M","?","R","BOSS","M","?","?","M","?","R","E"],"build_version":"2019-01-10","purchased_purges":0,"victory":false,"max_hp_per_floor":[71,71,71,71,71,71,71,71,71,71,71,71,71,71,71,71,71,71,71,71,76,76,76,76],"card_choices":[{"not_picked":["Lockon","Rebound"],"picked":"Conserve Battery","floor":1},{"not_picked":["Sweeping Beam","Coolheaded"],"picked":"Compile Driver","floor":4},{"not_picked":["Beam Cell","Hello World"],"picked":"Glacier","floor":5},{"not_picked":["Beam Cell","Coolheaded"],"picked":"Doom and Gloom","floor":7},{"not_picked":["Scrape","Amplify"],"picked":"Fission","floor":8},{"not_picked":["Beam Cell","Defragment"],"picked":"Capacitor","floor":12},{"not_picked":["Compile Driver","Hologram","Sweeping Beam"],"picked":"SKIP","floor":13},{"not_picked":["Tempest","Stack"],"picked":"Loop","floor":15},{"not_picked":["Stack","Compile Driver","Coolheaded"],"picked":"SKIP","floor":18},{"not_picked":["Hello World","Hologram","Sweeping Beam"],"picked":"SKIP","floor":21},{"not_picked":["Static Discharge","Compile Driver"],"picked":"White Noise+1","floor":23}],"player_experience":480433,"relics_obtained":[{"floor":7,"key":"Pantograph"},{"floor":8,"key":"Tiny Chest"},{"floor":9,"key":"Blue Candle"},{"floor":12,"key":"Dream Catcher"}],"event_choices":[{"damage_healed":0,"gold_gain":0,"player_choice":"Bought 1 Potion","damage_taken":0,"max_hp_gain":0,"max_hp_loss":0,"event_name":"The Woman in Blue","floor":2,"gold_loss":0},{"damage_healed":0,"gold_gain":0,"player_choice":"Searched \u00272\u0027 times","damage_taken":0,"max_hp_gain":0,"max_hp_loss":0,"event_name":"Dead Adventurer","floor":7,"gold_loss":0},{"damage_healed":0,"gold_gain":0,"player_choice":"Grow","damage_taken":0,"max_hp_gain":0,"max_hp_loss":0,"event_name":"Living Wall","floor":11,"gold_loss":0,"cards_upgraded":["Zap"]},{"damage_healed":0,"gold_gain":0,"player_choice":"Left Gold","damage_taken":0,"max_hp_gain":0,"max_hp_loss":0,"event_name":"World of Goop","floor":14,"gold_loss":40},{"damage_healed":0,"gold_gain":0,"player_choice":"Ignored","damage_taken":0,"max_hp_gain":0,"max_hp_loss":0,"event_name":"Cursed Tome","floor":19,"gold_loss":0},{"damage_healed":0,"gold_gain":50,"player_choice":"Stole From Cult","damage_taken":0,"max_hp_gain":0,"max_hp_loss":0,"event_name":"Nest","floor":20,"gold_loss":0},{"damage_healed":0,"gold_gain":0,"cards_transformed":["Strike_B","Strike_B"],"player_choice":"Became Test Subject","damage_taken":0,"max_hp_gain":0,"max_hp_loss":0,"event_name":"Drug Dealer","floor":22,"gold_loss":0,"cards_obtained":["Storm","Self Repair"]}],"is_beta":false,"boss_relics":[{"not_picked":["Orrery","Lizard Tail"],"picked":"Sozu"}],"items_purged_floors":[],"is_endless":false,"potions_floor_spawned":[1,5,12,16],"killed_by":"Book of Stabbing","ascension_level":20}