{"path_per_floor":["M","?","M","$","M","R","E","$","T","R","M","?","R","?","R","B",null,"M","M","?","M","?","R","$","?","T","R","$","R","M","M","R","B",null,"M","M","M","$","M","R","E","M","T","M","M","M","?","M","R","B"],"character_chosen":"IRONCLAD","items_purchased":["Evolve","Flame Barrier","Shrug It Off"],"gold_per_floor":[112,112,130,59,74,74,108,26,26,26,46,46,46,46,46,174,174,197,213,213,236,161,161,33,33,33,33,33,33,56,71,71,192,192,211,224,239,139,153,153,197,222,248,261,282,305,305,318,318,318],"floor_reached":51,"campfire_rested":2,"playtime":3849,"current_hp_per_floor":[76,56,50,50,50,50,8,8,8,32,38,38,38,31,31,26,80,31,28,54,29,29,29,29,14,14,14,14,39,66,72,72,84,85,61,81,78,78,83,83,85,85,85,79,85,85,74,81,81,85],"items_purged":["Strike_R","Strike_R"],"gold":318,"score":607,"play_id":"6e47494e-b9ed-4f86-bbe3-c25c9d4957b5","is_prod":false,"is_daily":false,"is_ascension_mode":true,"campfire_upgraded":8,"path_taken":["M","?","M","$","M","R","E","$","T","R","M","?","R","?","R","BOSS","M","M","?","M","?","R","$","?","T","R","$","R","M","M","R","BOSS","M","M","M","$","?","R","E","M","T","M","M","M","?","M","R","BOSS"],"build_version":"2018-02-12-PROD1","purchased_purges":2,"victory":true,"master_deck":["Strike_R","Defend_R","Defend_R","Defend_R","Defend_R","Bash","Pommel Strike","Body Slam+1","Evolve+1","True Grit+1","Shrug It Off+1","Flame Barrier+1","Pommel Strike","Barricade+1","Reaper","Shrug It Off+1","Shrug It Off+1","True Grit+1","Feel No Pain+1","Reaper","Whirlwind","Entrench+1","Madness","Madness"],"max_hp_per_floor":[80,80,80,80,80,80,80,80,80,80,80,80,80,80,80,80,80,80,80,80,80,80,80,80,85,85,85,85,85,85,85,85,85,85,85,85,85,85,85,85,85,85,85,85,85,85,85,85,85,85],"relics":["Black Blood","Bag of Preparation","Golden Idol","Dream Catcher","Gremlin Horn","Philosopher\u0027s Stone","Sundial","Blood Vial","Regal Pillow"],"card_choices":[{"not_picked":["Uppercut","Twin Strike"],"picked":"Pommel Strike"},{"not_picked":["Armaments","Warcry"],"picked":"Body Slam"},{"not_picked":["Anger","Havoc"],"picked":"True Grit"},{"not_picked":["Sword Boomerang","True Grit"],"picked":"Shrug It Off"},{"not_picked":["Warcry","Feel No Pain"],"picked":"Pommel Strike"},{"not_picked":["Iron Wave","Wild Strike"],"picked":"Barricade"},{"not_picked":["Feed","Berserk"],"picked":"Reaper"},{"not_picked":["Sentinel","Iron Wave"],"picked":"Shrug It Off"},{"not_picked":["Wild Strike","Perfected Strike"],"picked":"True Grit"},{"not_picked":["Burning Pact","Perfected Strike"],"picked":"Feel No Pain"},{"not_picked":["Double Tap","Exhume"],"picked":"Reaper"},{"not_picked":["Clash","Rupture"],"picked":"Whirlwind"},{"not_picked":["Havoc","Rage"],"picked":"Entrench"}],"player_experience":122912,"potions_floor_usage":[7,16,16,16,30,30,33,50,50,50],"damage_taken":[{"damage":10,"enemies":"Small Slimes","floor":1,"turns":4},{"damage":12,"enemies":"Jaw Worm","floor":3,"turns":5},{"damage":6,"enemies":"Cultist","floor":5,"turns":3},{"damage":48,"enemies":"Lagavulin","floor":7,"turns":7},{"damage":0,"enemies":"Exordium Wildlife","floor":11,"turns":3},{"damage":11,"enemies":"Slime Boss","floor":16,"turns":7},{"damage":63,"enemies":"2 Thieves","floor":18,"turns":5},{"damage":13,"enemies":"Chosen","floor":19,"turns":6},{"damage":34,"enemies":"Snake Plant","floor":21,"turns":7},{"damage":0,"enemies":"Chosen and Byrds","floor":30,"turns":10},{"damage":10,"enemies":"Cultist and Chosen","floor":31,"turns":10},{"damage":2,"enemies":"Automaton","floor":33,"turns":10},{"damage":38,"enemies":"Orb Walker","floor":35,"turns":7},{"damage":14,"enemies":"3 Shapes","floor":36,"turns":22},{"damage":21,"enemies":"Maw","floor":37,"turns":11},{"damage":24,"enemies":"4 Shapes","floor":39,"turns":10},{"damage":7,"enemies":"Giant Head","floor":41,"turns":8},{"damage":18,"enemies":"3 Darklings","floor":42,"turns":7},{"damage":32,"enemies":"Sphere and 2 Shapes","floor":44,"turns":10},{"damage":1,"enemies":"Maw","floor":45,"turns":10},{"damage":0,"enemies":"4 Shapes","floor":46,"turns":10},{"damage":13,"enemies":"3 Darklings","floor":48,"turns":7},{"damage":7,"enemies":"Awakened One","floor":50,"turns":9}],"event_choices":[{"event_name":"Golden Idol","player_choice":"Take Damage","floor":2,"damage_taken":0},{"event_name":"The Lab","player_choice":"Got Potions","floor":12,"damage_taken":0},{"event_name":"Golden Wing","player_choice":"Card Removal","floor":14,"damage_taken":0},{"event_name":"The Library","player_choice":"Heal","floor":20,"damage_taken":0},{"event_name":"Beggar","player_choice":"Gave Gold","floor":22,"damage_taken":0},{"event_name":"Forgotten Altar","player_choice":"Shed Blood","floor":25,"damage_taken":0},{"event_name":"Winding Halls","player_choice":"Embrace Madness","floor":47,"damage_taken":0}],"boss_relics":[{"not_picked":["Calling Bell","Lizard Tail"],"picked":"Philosopher\u0027s Stone"},{"not_picked":["Question Card","Orrery"],"picked":"Black Blood"}],"potions_floor_spawned":[5,16,19,30,39,41,45,46],"seed_played":"2624608168078907361","ascension_level":4,"is_trial":false}