{"gold_per_floor":[119,119,25,42,62,91,91,117,117,117,131,146,163,181,181,286,286,299,574,514,531,230,230,260,260,285,319,319,319],"floor_reached":29,"playtime":1898,"items_purged":["Regret"],"score":314,"play_id":"5baf50c7-7d11-4e10-8a0a-2672fe5efc70","local_time":"20190322011324","is_ascension_mode":true,"campfire_choices":[{"data":"Zap","floor":7,"key":"SMITH"},{"floor":15,"key":"REST"},{"data":"Sweeping Beam","floor":23,"key":"SMITH"},{"data":"White Noise","floor":28,"key":"SMITH"}],"neow_cost":"NONE","seed_source_timestamp":182185685213364,"circlet_count":0,"master_deck":["Strike_B","Strike_B","Strike_B","Strike_B","Defend_B","Defend_B","Defend_B","Defend_B","Zap+1","Dualcast","Coolheaded","Conserve Battery","Cold Snap","Sweeping Beam+1","Conserve Battery","Go for the Eyes","BootSequence","Capacitor+1","Chill","Buffer+1","Glacier","Streamline+1","Rebound","FTL","Rebound+1","Pain","White Noise+1"],"relics":["Cursed Key","Art of War","Cables","Ornamental Fan","Regal Pillow","Frozen Egg 2","Sozu","Boot","Gremlin Horn","Omamori","Lantern"],"potions_floor_usage":[6,12,16,16],"damage_taken":[{"damage":6,"enemies":"Cultist","floor":1,"turns":4},{"damage":0,"enemies":"2 Louse","floor":4,"turns":4},{"damage":0,"enemies":"Small Slimes","floor":5,"turns":5},{"damage":11,"enemies":"3 Sentries","floor":6,"turns":11},{"damage":55,"enemies":"Gremlin Nob","floor":8,"turns":5},{"damage":0,"enemies":"Exordium Wildlife","floor":11,"turns":4},{"damage":0,"enemies":"Large Slime","floor":12,"turns":5},{"damage":0,"enemies":"Looter","floor":13,"turns":3},{"damage":0,"enemies":"2 Fungi Beasts","floor":14,"turns":4},{"damage":21,"enemies":"Hexaghost","floor":16,"turns":16},{"damage":7,"enemies":"Chosen","floor":18,"turns":8},{"damage":0,"enemies":"2 Thieves","floor":20,"turns":4},{"damage":33,"enemies":"Cultist and Chosen","floor":21,"turns":10},{"damage":15,"enemies":"Gremlin Leader","floor":24,"turns":10},{"damage":11,"enemies":"Slavers","floor":27,"turns":8},{"damage":9,"enemies":"Snake Plant","floor":29,"turns":3}],"seed_played":"646481849552818233","potions_obtained":[{"floor":4,"key":"SkillPotion"},{"floor":8,"key":"SkillPotion"},{"floor":11,"key":"SteroidPotion"},{"floor":12,"key":"Explosive Potion"},{"floor":13,"key":"SpeedPotion"}],"is_trial":false,"path_per_floor":["M","T","?","M","M","E","R","E","T","?","M","M","M","M","R","B",null,"M","?","M","M","$","R","E","?","T","E","R","M"],"character_chosen":"DEFECT","items_purchased":["FTL","Boot"],"campfire_rested":1,"item_purchase_floors":[22,22],"current_hp_per_floor":[69,69,69,69,69,58,58,3,3,3,3,3,3,3,40,19,75,68,68,68,35,35,35,20,20,20,9,9,0],"gold":319,"neow_bonus":"BOSS_RELIC","is_prod":false,"is_daily":false,"chose_seed":false,"campfire_upgraded":3,"win_rate":0,"timestamp":1553235204,"path_taken":["M","?","?","?","M","E","R","E","T","?","M","M","?","M","R","BOSS","M","?","M","?","$","R","E","?","T","E","R","M"],"build_version":"2019-01-23","purchased_purges":1,"victory":false,"max_hp_per_floor":[75,75,75,75,75,75,75,75,75,75,75,75,75,75,75,75,75,75,75,75,75,75,75,75,75,75,75,75,75],"card_choices":[{"not_picked":["Rebound","Barrage"],"picked":"Coolheaded","floor":1},{"not_picked":["Go for the Eyes","Stack"],"picked":"Conserve Battery","floor":4},{"not_picked":["Ball Lightning","Recycle"],"picked":"Cold Snap","floor":5},{"not_picked":["Rebound","Auto Shields"],"picked":"Sweeping Beam","floor":6},{"not_picked":["Go for the Eyes","Compile Driver"],"picked":"Conserve Battery","floor":8},{"not_picked":["Rebound","Meteor Strike"],"picked":"Go for the Eyes","floor":11},{"not_picked":["Leap","Cold Snap"],"picked":"BootSequence","floor":12},{"not_picked":["Go for the Eyes","Coolheaded"],"picked":"Capacitor+1","floor":13},{"not_picked":["Tempest","Sweeping Beam"],"picked":"Chill","floor":14},{"not_picked":["Echo Form+1","Electrodynamics+1"],"picked":"Buffer+1","floor":16},{"not_picked":["Redo+1","Steam"],"picked":"Glacier","floor":18},{"not_picked":["Skim","Sweeping Beam"],"picked":"Streamline+1","floor":20},{"not_picked":["Reprogram+1","Leap"],"picked":"Rebound","floor":21},{"not_picked":["Leap","BootSequence"],"picked":"Rebound+1","floor":24},{"not_picked":["Recycle","Glacier+1"],"picked":"White Noise","floor":27}],"player_experience":94375,"relics_obtained":[{"floor":2,"key":"Art of War"},{"floor":6,"key":"Ornamental Fan"},{"floor":8,"key":"Regal Pillow"},{"floor":9,"key":"Frozen Egg 2"},{"floor":24,"key":"Gremlin Horn"},{"floor":26,"key":"Omamori"},{"floor":27,"key":"Lantern"}],"event_choices":[{"damage_healed":0,"gold_gain":0,"player_choice":"Paid Gold","damage_taken":0,"relics_obtained":["Cables"],"max_hp_gain":0,"max_hp_loss":0,"event_name":"WeMeetAgain","floor":3,"gold_loss":94},{"cards_removed":["Shame","Doubt"],"damage_healed":0,"gold_gain":0,"player_choice":"Removed Curses","damage_taken":0,"max_hp_gain":0,"max_hp_loss":0,"event_name":"Fountain of Cleansing","floor":10,"gold_loss":0},{"damage_healed":0,"gold_gain":275,"player_choice":"Desecrate","damage_taken":0,"max_hp_gain":0,"max_hp_loss":0,"event_name":"Golden Shrine","floor":19,"gold_loss":0,"cards_obtained":["Regret"]},{"damage_healed":0,"gold_gain":0,"player_choice":"Ignored","damage_taken":0,"max_hp_gain":0,"max_hp_loss":0,"event_name":"Ghosts","floor":25,"gold_loss":0}],"is_beta":false,"boss_relics":[{"not_picked":["Lizard Tail","Calling Bell"],"picked":"Sozu"}],"items_purged_floors":[22],"is_endless":false,"potions_floor_spawned":[4,8,11,12,13,18],"killed_by":"Snake Plant","ascension_level":3}