{"path_per_floor":["M","M","$","T","?","E","?","M","T","M","R","M","$","?","R","B",null,"M","?","M","$","?","R","?","M","T","T","R","M","R","M","R"],"character_chosen":"DEFECT","items_purchased":["Hello World+1","Oddly Smooth Stone"],"gold_per_floor":[113,123,48,99,99,134,134,148,197,215,215,234,13,13,13,143,143,159,0,18,18,18,18,18,36,36,36,36,56,56,72,72,72],"floor_reached":33,"campfire_rested":2,"playtime":1556,"item_purchase_floors":[13,13],"current_hp_per_floor":[67,65,65,65,62,27,27,19,19,19,39,39,39,39,39,39,62,23,23,23,23,23,31,31,17,17,17,45,34,42,42,52,0],"items_purged":["Clumsy"],"gold":72,"score":472,"play_id":"c8fe7e97-77ee-444b-a0a4-d98fb32caa5b","local_time":"20180526152812","is_prod":false,"is_daily":false,"chose_seed":false,"is_ascension_mode":true,"campfire_upgraded":4,"win_rate":0,"timestamp":1527341292,"campfire_choices":[{"floor":11,"key":"REST"},{"data":"Tempest","floor":15,"key":"SMITH"},{"data":"Fission","floor":23,"key":"SMITH"},{"floor":28,"key":"REST"},{"data":"Hologram","floor":30,"key":"SMITH"},{"data":"Beam Cell","floor":32,"key":"SMITH"}],"path_taken":["M","M","$","?","?","E","?","?","T","M","R","M","$","?","R","BOSS","M","?","?","$","?","R","?","M","T","?","R","M","R","?","R","BOSS"],"build_version":"2018-05-25","seed_source_timestamp":610701944309855,"purchased_purges":1,"victory":false,"master_deck":["Strike_B+1","Strike_B+1","Strike_B+1","Strike_B+1","Defend_B+1","Defend_B+1","Defend_B+1","Defend_B+1","Zap","Dualcast","AscendersBane","Biased Cognition","Ball Lightning","Steam","Sweeping Beam","Tempest+1","Buffer+1","Leap","Hello World+1","Fission+1","Chaos+1","Stack+1","Glacier","Hologram+1","Beam Cell+1"],"max_hp_per_floor":[75,75,75,75,75,75,69,69,69,69,69,69,69,69,69,69,69,69,69,69,69,69,69,69,69,69,69,69,69,69,69,69,69],"relics":["Cracked Core","Potion Belt","Frozen Egg 2","Letter Opener","Golden Idol","Whetstone","Oddly Smooth Stone","Eternal Feather","Shuriken","Cables"],"card_choices":[{"not_picked":["Multi-Cast","Fission"],"picked":"Biased Cognition","floor":0},{"not_picked":["Rebound","Barrage"],"picked":"Ball Lightning","floor":1},{"not_picked":["Turbo","Double Energy"],"picked":"Steam","floor":2},{"not_picked":["Streamline","Beam Cell"],"picked":"Sweeping Beam","floor":6},{"not_picked":["Cold Snap","Stack"],"picked":"Tempest","floor":8},{"not_picked":["Compile Driver","Sweeping Beam"],"picked":"Buffer+1","floor":10},{"not_picked":["Undo","Chaos"],"picked":"Leap","floor":12},{"not_picked":["Biased Cognition+1","Rainbow"],"picked":"Fission","floor":16},{"not_picked":["Compile Driver","Cold Snap"],"picked":"Chaos+1","floor":18},{"not_picked":["Auto Shields","Coolheaded"],"picked":"Stack+1","floor":20},{"not_picked":["FTL","Reinforced Body"],"picked":"Glacier","floor":25},{"not_picked":["Scrape","Ball Lightning"],"picked":"Hologram","floor":29},{"not_picked":["Skim","Lockon"],"picked":"Beam Cell","floor":31}],"player_experience":132412,"potions_floor_usage":[31,31],"damage_taken":[{"damage":1,"enemies":"Cultist","floor":1,"turns":3},{"damage":2,"enemies":"Jaw Worm","floor":2,"turns":3},{"damage":35,"enemies":"Lagavulin","floor":6,"turns":6},{"damage":8,"enemies":"Small Slimes","floor":8,"turns":2},{"damage":0,"enemies":"2 Fungi Beasts","floor":10,"turns":2},{"damage":0,"enemies":"Large Slime","floor":12,"turns":4},{"damage":0,"enemies":"Slime Boss","floor":16,"turns":12},{"damage":39,"enemies":"2 Thieves","floor":18,"turns":4},{"damage":0,"enemies":"Spheric Guardian","floor":20,"turns":3},{"damage":14,"enemies":"Snecko","floor":25,"turns":8},{"damage":11,"enemies":"Snake Plant","floor":29,"turns":5},{"damage":0,"enemies":"Cultist and Chosen","floor":31,"turns":6},{"damage":71,"enemies":"Champ","floor":33,"turns":11}],"relics_obtained":[{"floor":4,"key":"Potion Belt"},{"floor":6,"key":"Letter Opener"},{"floor":9,"key":"Whetstone"},{"floor":26,"key":"Shuriken"},{"floor":27,"key":"Cables"}],"event_choices":[{"event_name":"Scrap Ooze","player_choice":"success","floor":5,"damage_taken":3},{"event_name":"Golden Idol","player_choice":"Lose Max HP","floor":7,"damage_taken":0},{"event_name":"The Cleric","player_choice":"Leave","floor":14,"damage_taken":0},{"event_name":"Masked Bandits","player_choice":"Paid Bandits 159 gold","floor":19,"damage_taken":0},{"event_name":"Drug Dealer","player_choice":"Ignored","floor":22,"damage_taken":0},{"event_name":"Back to Basics","player_choice":"Simplicity","floor":24,"damage_taken":0}],"boss_relics":[{"not_picked":["Philosopher\u0027s Stone","Lizard Tail"],"picked":"Eternal Feather"}],"items_purged_floors":[3],"potions_floor_spawned":[1,6,10,20,25],"seed_played":"469084212628714075","killed_by":"Champ","ascension_level":12,"potions_obtained":[{"floor":1,"key":"Energy Potion"},{"floor":6,"key":"PowerPotion"},{"floor":10,"key":"AttackPotion"},{"floor":20,"key":"Strength Potion"},{"floor":25,"key":"SteroidPotion"}],"is_trial":false}