{"gold_per_floor":[114,129,144,144,62,92,122,122,122,152,152,182,197,227,227,327,327,342,342,357,357,387,387,387,387,437,452,230,230,260,320,320,420,420,435,415,340,355,370,370,370,370,370,370,400,400,64,79,79,79],"floor_reached":51,"playtime":5809,"items_purged":["Defend_B"],"score":892,"play_id":"df6f972f-65d9-4034-9f7c-34f30746ed96","local_time":"20190303002823","daily_mods":["Cursed Run","Flight","DeadlyEvents"],"is_ascension_mode":false,"campfire_choices":[{"floor":8,"key":"REST"},{"data":"Zap","floor":11,"key":"SMITH"},{"data":"Redo","floor":15,"key":"SMITH"},{"data":"Buffer","floor":23,"key":"SMITH"},{"data":"Sweeping Beam","floor":24,"key":"SMITH"},{"data":"Coolheaded","floor":25,"key":"SMITH"},{"data":"Chill","floor":29,"key":"SMITH"},{"data":"Streamline","floor":32,"key":"SMITH"},{"data":"Buffer","floor":40,"key":"SMITH"},{"data":"Loop","floor":41,"key":"SMITH"},{"data":"1","floor":42,"key":"LIFT"},{"data":"2","floor":44,"key":"LIFT"},{"data":"3","floor":46,"key":"LIFT"},{"data":"Defragment","floor":49,"key":"SMITH"}],"neow_cost":"","seed_source_timestamp":0,"circlet_count":0,"master_deck":["Strike_B","Strike_B","Strike_B","Strike_B","Defend_B+1","Defend_B","Zap+1","Dualcast","Streamline+1","Chill+1","Static Discharge","Conserve Battery","Coolheaded+1","Injury","Sweeping Beam","Redo+1","Coolheaded+1","Shame","Buffer+1","Doubt","Shame","Injury","Sweeping Beam+1","Coolheaded+1","Loop+1","Blizzard+1","Decay","Streamline+1","Blizzard+1","Hello World+1","FTL+1","Parasite","Buffer+1","Skim+1","White Noise+1","Parasite","Beam Cell+1","Defragment+1","Defragment+1","Shame"],"special_seed":17958,"relics":["Cursed Key","Darkstone Periapt","Du-Vu Doll","Question Card","Bag of Preparation","Pear","Bottled Flame","Mercury Hourglass","Potion Belt","Pantograph","Calling Bell","Happy Flower","Toxic Egg 2","Girya","Molten Egg 2","Oddly Smooth Stone","DataDisk","Pen Nib","Tiny Chest","Philosopher\u0027s Stone","Letter Opener","War Paint","Mango"],"potions_floor_usage":[12,20,22,39,50,50,50,50],"damage_taken":[{"damage":7,"enemies":"Cultist","floor":1,"turns":5},{"damage":1,"enemies":"2 Louse","floor":2,"turns":4},{"damage":0,"enemies":"Small Slimes","floor":3,"turns":3},{"damage":19,"enemies":"3 Sentries","floor":6,"turns":7},{"damage":47,"enemies":"Gremlin Nob","floor":7,"turns":5},{"damage":6,"enemies":"Lagavulin","floor":10,"turns":6},{"damage":8,"enemies":"Gremlin Nob","floor":12,"turns":3},{"damage":0,"enemies":"Red Slaver","floor":13,"turns":2},{"damage":2,"enemies":"3 Sentries","floor":14,"turns":5},{"damage":29,"enemies":"The Guardian","floor":16,"turns":10},{"damage":10,"enemies":"Shell Parasite","floor":18,"turns":6},{"damage":1,"enemies":"2 Thieves","floor":20,"turns":3},{"damage":24,"enemies":"Slavers","floor":22,"turns":4},{"damage":14,"enemies":"3 Cultists","floor":27,"turns":3},{"damage":3,"enemies":"Gremlin Leader","floor":30,"turns":6},{"damage":11,"enemies":"Slavers","floor":31,"turns":3},{"damage":4,"enemies":"Automaton","floor":33,"turns":7},{"damage":0,"enemies":"3 Shapes","floor":35,"turns":4},{"damage":7,"enemies":"3 Darklings","floor":38,"turns":2},{"damage":2,"enemies":"4 Shapes","floor":39,"turns":2},{"damage":2,"enemies":"Reptomancer","floor":45,"turns":4},{"damage":0,"enemies":"Sphere and 2 Shapes","floor":48,"turns":3},{"damage":37,"enemies":"Time Eater","floor":50,"turns":6}],"seed_played":"-270384257363861475","potions_obtained":[{"floor":3,"key":"Dexterity Potion"},{"floor":6,"key":"Energy Potion"},{"floor":10,"key":"AttackPotion"},{"floor":14,"key":"Energy Potion"},{"floor":30,"key":"Ancient Potion"},{"floor":33,"key":"Poison Potion"},{"floor":35,"key":"Energy Potion"},{"floor":36,"key":"SkillPotion"},{"floor":45,"key":"Strength Potion"},{"floor":48,"key":"PowerPotion"}],"is_trial":false,"path_per_floor":["M","M","M","?","$","E","E","R","T","E","R","E","M","E","R","B",null,"M","?","M","?","E","R","R","R","T","M","$","R","E","E","R","B",null,"M","?","$","M","M","R","R","R","T","R","E","R","$","M","R","B",null],"character_chosen":"DEFECT","items_purchased":["Static Discharge","DataDisk","Blizzard+1","Defragment","Mango"],"campfire_rested":1,"item_purchase_floors":[5,28,28,47,47],"current_hp_per_floor":[68,67,67,67,67,48,11,36,42,36,36,28,28,26,26,28,115,105,105,104,104,80,80,80,80,86,72,72,72,69,58,58,85,127,127,127,127,120,118,118,118,118,124,124,122,122,136,136,136,116],"gold":79,"neow_bonus":"","is_prod":false,"is_daily":true,"chose_seed":false,"campfire_upgraded":10,"win_rate":0,"timestamp":1551601703,"path_taken":["M","?","M","?","$","E","E","R","T","?","R","E","M","E","R","BOSS","M","?","M","?","?","R","R","R","T","M","$","R","E","E","R","BOSS","M","?","$","?","?","R","R","R","T","R","E","R","$","?","R","BOSS"],"build_version":"2019-01-23","purchased_purges":1,"victory":true,"max_hp_per_floor":[75,75,75,75,75,75,85,85,91,91,91,91,91,91,91,97,115,115,115,115,115,115,115,115,115,121,121,121,121,121,121,121,127,127,127,127,127,127,127,127,127,127,133,133,133,133,147,147,147,153],"card_choices":[{"not_picked":["Rebound","Cold Snap","Hologram"],"picked":"SKIP","floor":1},{"not_picked":["Ball Lightning","Undo"],"picked":"Streamline","floor":2},{"not_picked":["Steam","Sweeping Beam"],"picked":"Chill","floor":3},{"not_picked":["Consume","Reprogram","Fission"],"picked":"Conserve Battery","floor":6},{"not_picked":["Rebound","Beam Cell","Gash"],"picked":"Coolheaded","floor":7},{"not_picked":["Fusion","Blizzard","Reinforced Body","Storm"],"picked":"SKIP","floor":10},{"not_picked":["Ball Lightning","Reinforced Body","Rebound"],"picked":"Sweeping Beam","floor":12},{"not_picked":["Gash","Conserve Battery","Reinforced Body"],"picked":"Redo","floor":13},{"not_picked":["Blizzard","Darkness","Amplify"],"picked":"Coolheaded","floor":14},{"not_picked":["Multi-Cast","Core Surge","Meteor Strike"],"picked":"Buffer","floor":16},{"not_picked":["Compile Driver","Streamline","Stack+1"],"picked":"Sweeping Beam","floor":18},{"not_picked":["Ball Lightning","Consume+1","Cold Snap"],"picked":"Loop","floor":20},{"not_picked":["Turbo+1","Rebound+1","Leap+1"],"picked":"Blizzard","floor":22},{"not_picked":["Redo+1","Hello World+1","Turbo+1"],"picked":"Streamline+1","floor":27},{"not_picked":["Hologram+1","Fission+1","Ball Lightning+1"],"picked":"Hello World+1","floor":30},{"not_picked":["Redo+1","Gash+1","Rebound+1"],"picked":"FTL+1","floor":31},{"not_picked":["Core Surge+1","Fission+1","Hyperbeam+1"],"picked":"Buffer","floor":33},{"not_picked":["BootSequence+1","Cold Snap+1","Turbo+1"],"picked":"Skim+1","floor":35},{"not_picked":["Darkness+1","Double Energy+1","Aggregate+1","Glacier+1"],"picked":"SKIP","floor":38},{"not_picked":["Rebound+1","Rip and Tear+1","Turbo+1"],"picked":"White Noise+1","floor":39},{"not_picked":["Go for the Eyes+1","Conserve Battery+1","Streamline+1"],"picked":"Beam Cell+1","floor":45},{"not_picked":["Reboot+1","Rebound+1","Chill+1"],"picked":"Defragment+1","floor":48}],"player_experience":1064911,"relics_obtained":[{"floor":6,"key":"Bag of Preparation"},{"floor":7,"key":"Pear"},{"floor":9,"key":"Bottled Flame"},{"floor":10,"key":"Mercury Hourglass"},{"floor":12,"key":"Potion Belt"},{"floor":14,"key":"Pantograph"},{"floor":17,"key":"Happy Flower"},{"floor":17,"key":"Toxic Egg 2"},{"floor":17,"key":"Girya"},{"floor":22,"key":"Molten Egg 2"},{"floor":26,"key":"Oddly Smooth Stone"},{"floor":30,"key":"Pen Nib"},{"floor":31,"key":"Tiny Chest"},{"floor":43,"key":"Letter Opener"},{"floor":45,"key":"War Paint"}],"event_choices":[{"damage_healed":0,"gold_gain":0,"player_choice":"Gave Potion","damage_taken":0,"relics_obtained":["Question Card"],"max_hp_gain":0,"max_hp_loss":0,"event_name":"WeMeetAgain","floor":4,"gold_loss":0},{"damage_healed":0,"gold_gain":0,"player_choice":"Read","damage_taken":0,"max_hp_gain":0,"max_hp_loss":0,"event_name":"The Library","floor":19,"gold_loss":0,"cards_obtained":["Coolheaded"]},{"cards_removed":["Defend_B"],"damage_healed":0,"gold_gain":0,"player_choice":"Offered Basic","damage_taken":0,"max_hp_gain":0,"max_hp_loss":0,"event_name":"Bonfire Elementals","floor":21,"gold_loss":0},{"damage_healed":0,"gold_gain":0,"player_choice":"Bought 1 Potion","damage_taken":0,"max_hp_gain":0,"max_hp_loss":0,"event_name":"The Woman in Blue","floor":36,"gold_loss":0}],"is_beta":false,"boss_relics":[{"not_picked":["Ectoplasm","Lizard Tail"],"picked":"Calling Bell"},{"not_picked":["Orrery","Pandora\u0027s Box"],"picked":"Philosopher\u0027s Stone"}],"items_purged_floors":[37],"is_endless":false,"potions_floor_spawned":[3,6,10,14,30,33,35,45,48],"ascension_level":0}