{"gold_per_floor":[10,28,42,42,53,53,64,97,97,109,125,125,144,161,161,259,259,275,287,287],"floor_reached":20,"playtime":2303,"items_purged":[],"score":182,"play_id":"a65ad2da-35a8-4366-b19e-a09870c81915","local_time":"20190330112546","is_ascension_mode":false,"campfire_choices":[{"floor":6,"key":"RECALL"},{"floor":12,"key":"REST"},{"data":"Loop","floor":15,"key":"SMITH"}],"neow_cost":"NO_GOLD","seed_source_timestamp":48403596850478,"circlet_count":0,"master_deck":["Strike_B","Strike_B","Strike_B","Strike_B","Defend_B","Defend_B","Defend_B","Defend_B","Zap","Dualcast","Loop+1","Go for the Eyes","Redo","Coolheaded","Rebound","Amplify","Coolheaded","Cold Snap","Darkness","Steam","Seek","Leap","Barrage+1"],"relics":["Cracked Core","Bag of Preparation","Oddly Smooth Stone","Philosopher\u0027s Stone"],"potions_floor_usage":[5,7,7,8,14,16,18],"damage_taken":[{"damage":4,"enemies":"Small Slimes","floor":1,"turns":3},{"damage":1,"enemies":"Cultist","floor":2,"turns":3},{"damage":6,"enemies":"Jaw Worm","floor":3,"turns":4},{"damage":14,"enemies":"Blue Slaver","floor":5,"turns":4},{"damage":26,"enemies":"Gremlin Gang","floor":7,"turns":11},{"damage":18,"enemies":"Lagavulin","floor":8,"turns":9},{"damage":4,"enemies":"Large Slime","floor":10,"turns":5},{"damage":5,"enemies":"2 Fungi Beasts","floor":11,"turns":4},{"damage":1,"enemies":"Blue Slaver","floor":13,"turns":4},{"damage":8,"enemies":"Exordium Thugs","floor":14,"turns":6},{"damage":40,"enemies":"Hexaghost","floor":16,"turns":8},{"damage":28,"enemies":"2 Thieves","floor":18,"turns":4},{"damage":34,"enemies":"3 Byrds","floor":19,"turns":7},{"damage":39,"enemies":"Masked Bandits","floor":20,"turns":3}],"seed_played":"4586352563581952871","potions_obtained":[{"floor":1,"key":"Regen Potion"},{"floor":4,"key":"AttackPotion"},{"floor":4,"key":"Regen Potion"},{"floor":7,"key":"Ancient Potion"},{"floor":8,"key":"Block Potion"},{"floor":11,"key":"Poison Potion"},{"floor":16,"key":"SkillPotion"}],"is_trial":false,"path_per_floor":["?","M","M","?"],"character_chosen":"DEFECT","items_purchased":[],"campfire_rested":1,"item_purchase_floors":[],"current_hp_per_floor":[85,84,78,78,64,64,78,60,60,56,51,77,76,68,68,28,89,61,27,0],"gold":287,"neow_bonus":"TWENTY_PERCENT_HP_BONUS","is_prod":false,"is_daily":false,"chose_seed":false,"campfire_upgraded":1,"win_rate":0,"timestamp":1553959546,"path_taken":["M","M","M","?","?","R","?","E","T","M","M","R","M","M","R","BOSS","M","M","?"],"build_version":"2019-01-23","purchased_purges":0,"victory":false,"max_hp_per_floor":[89,89,89,89,89,89,89,89,89,89,89,89,89,89,89,89,89,89,89,89],"card_choices":[{"not_picked":["Steam","Leap"],"picked":"Loop","floor":1},{"not_picked":["Gash","Cold Snap"],"picked":"Go for the Eyes","floor":2},{"not_picked":["Barrage","Gash"],"picked":"Redo","floor":3},{"not_picked":["Fusion","Go for the Eyes"],"picked":"Coolheaded","floor":5},{"not_picked":["Streamline","Go for the Eyes"],"picked":"Rebound","floor":7},{"not_picked":["Storm","Hello World"],"picked":"Amplify","floor":8},{"not_picked":["Genetic Algorithm","Chill"],"picked":"Coolheaded","floor":10},{"not_picked":["Loop","Consume"],"picked":"Cold Snap","floor":11},{"not_picked":["Double Energy","Redo"],"picked":"Darkness","floor":13},{"not_picked":["Gash","Glacier"],"picked":"Steam","floor":14},{"not_picked":["Reboot","Fission"],"picked":"Seek","floor":16},{"not_picked":["Coolheaded+1","Blizzard"],"picked":"Leap","floor":18},{"not_picked":["Reinforced Body+1","Redo+1"],"picked":"Barrage+1","floor":19}],"player_experience":90769,"relics_obtained":[{"floor":8,"key":"Bag of Preparation"},{"floor":9,"key":"Oddly Smooth Stone"}],"event_choices":[{"damage_healed":0,"gold_gain":0,"player_choice":"Got Potions","damage_taken":0,"max_hp_gain":0,"max_hp_loss":0,"event_name":"Lab","floor":4,"gold_loss":0},{"damage_healed":0,"gold_gain":0,"player_choice":"Fought Bandits","damage_taken":0,"max_hp_gain":0,"max_hp_loss":0,"event_name":"Masked Bandits","floor":20,"gold_loss":0}],"is_beta":false,"boss_relics":[{"not_picked":["Empty Cage","Runic Pyramid"],"picked":"Philosopher\u0027s Stone"}],"items_purged_floors":[],"is_endless":false,"potions_floor_spawned":[1,7,8,11,16],"killed_by":"Masked Bandits","ascension_level":0}