{"gold_per_floor":[112,29,29,42,53,53,228,228,252,267,267,285,285,298,298,393,393,410,140,140,140,153,153,153,153,153,170,187,205,205],"floor_reached":30,"playtime":1373,"items_purged":["Strike_G"],"score":222,"play_id":"a58c87c8-75d1-4de8-a31a-ab0e07792abe","local_time":"20190320232333","is_ascension_mode":false,"campfire_choices":[{"data":"Noxious Fumes","floor":6.0,"key":"SMITH"},{"data":"Acrobatics","floor":11.0,"key":"SMITH"},{"data":"Eviscerate","floor":13.0,"key":"SMITH"},{"floor":15.0,"key":"REST"},{"data":"Adrenaline","floor":23.0,"key":"SMITH"},{"data":"Acrobatics","floor":25.0,"key":"SMITH"}],"neow_cost":"NONE","seed_source_timestamp":0,"circlet_count":0,"master_deck":["Defend_G","Defend_G","Defend_G+1","Strike_G","Strike_G","Strike_G+1","Survivor","Neutralize","Outmaneuver","Noxious Fumes+1","Acrobatics+1","Underhanded Strike","Choke","Doubt","Flying Knee","Eviscerate+1","Leg Sweep","Adrenaline+1","Acrobatics+1","Predator","Caltrops","Tactician","All Out Attack","PiercingWail"],"special_seed":0,"relics":["Philosopher\u0027s Stone"],"potions_floor_usage":[30],"damage_taken":[{"damage":0.0,"enemies":"Jaw Worm","floor":1.0,"turns":4.0},{"damage":8.0,"enemies":"Small Slimes","floor":4.0,"turns":4.0},{"damage":1.0,"enemies":"2 Louse","floor":5.0,"turns":3.0},{"damage":1.0,"enemies":"Red Slaver","floor":10.0,"turns":4.0},{"damage":1.0,"enemies":"Looter","floor":12.0,"turns":3.0},{"damage":15.0,"enemies":"Large Slime","floor":14.0,"turns":5.0},{"damage":4.0,"enemies":"The Guardian","floor":16.0,"turns":11.0},{"damage":0.0,"enemies":"Chosen","floor":18.0,"turns":6.0},{"damage":5.0,"enemies":"3 Byrds","floor":22.0,"turns":3.0},{"damage":24.0,"enemies":"Snake Plant","floor":27.0,"turns":3.0},{"damage":32.0,"enemies":"Cultist and Chosen","floor":28.0,"turns":6.0},{"damage":4.0,"enemies":"Centurion and Healer","floor":29.0,"turns":5.0},{"damage":11,"enemies":"Sentry and Sphere","floor":30,"turns":5}],"seed_played":"4342127531241478086","potions_obtained":[{"floor":4.0,"key":"EssenceOfSteel"},{"floor":10.0,"key":"PowerPotion"},{"floor":12.0,"key":"Energy Potion"},{"floor":16.0,"key":"Explosive Potion"},{"floor":27.0,"key":"PowerPotion"},{"floor":29,"key":"Strength Potion"}],"is_trial":false,"path_per_floor":["M","$","?","M","M","R","?","?","T","M","R","M","R","M","R","B",null,"M","$","?","?","M","R","?","R","T","M","M","M","M"],"character_chosen":"THE_SILENT","items_purchased":["Noxious Fumes","Acrobatics","Predator","SkillPotion","Caltrops"],"campfire_rested":1,"item_purchase_floors":[2,2,19,19,19],"current_hp_per_floor":[70,70,70,62,61,61,61,47,47,46,46,45,45,30,51,47,70,70,70,70,70,65,65,65,65,65,41,9,5,0],"gold":205,"neow_bonus":"BOSS_RELIC","is_prod":false,"is_daily":false,"chose_seed":false,"campfire_upgraded":5,"win_rate":0,"timestamp":1553138613,"path_taken":["M","$","?","M","M","R","?","?","T","M","R","M","R","?","R","BOSS","M","$","?","?","M","R","?","R","T","?","M","M","?"],"build_version":"2019-01-23","purchased_purges":1,"victory":false,"max_hp_per_floor":[70,70,70,70,70,70,70,70,70,70,70,70,70,70,70,70,70,70,70,70,70,70,70,70,70,70,70,70,70,70],"card_choices":[{"not_picked":["Dagger Throw","Underhanded Strike"],"picked":"Outmaneuver","floor":1.0},{"not_picked":["Escape Plan","Poisoned Stab"],"picked":"Underhanded Strike","floor":4.0},{"not_picked":["Riddle With Holes","Escape Plan"],"picked":"Choke","floor":5.0},{"not_picked":["Heel Hook","Underhanded Strike"],"picked":"Flying Knee","floor":10.0},{"not_picked":["Escape Plan","Dagger Throw"],"picked":"Eviscerate","floor":12.0},{"not_picked":["Dagger Spray","Outmaneuver"],"picked":"Leg Sweep","floor":14.0},{"not_picked":["Envenom","Venomology"],"picked":"Adrenaline","floor":16.0},{"not_picked":["Dodge and Roll","Deflect"],"picked":"Acrobatics","floor":18.0},{"not_picked":["Quick Slash","Cloak And Dagger","Dodge and Roll"],"picked":"SKIP","floor":22.0},{"not_picked":["Outmaneuver","Acrobatics"],"picked":"PiercingWail","floor":27.0},{"not_picked":["Well Laid Plans","Reflex","Caltrops"],"picked":"SKIP","floor":28.0},{"not_picked":["Poisoned Stab","Dodge and Roll","All Out Attack"],"picked":"SKIP","floor":29},{"not_picked":["Poisoned Stab","Dodge and Roll","All Out Attack"],"picked":"SKIP","floor":29}],"player_experience":879701,"relics_obtained":[],"event_choices":[{"damage_healed":0.0,"max_hp_gain":0.0,"max_hp_loss":0.0,"gold_gain":0.0,"event_name":"The Cleric","player_choice":"Leave","floor":3.0,"gold_loss":0.0,"damage_taken":0.0},{"damage_healed":0.0,"max_hp_gain":0.0,"max_hp_loss":0.0,"gold_gain":175.0,"event_name":"Liars Game","player_choice":"AGREE","floor":7.0,"gold_loss":0.0,"damage_taken":0.0,"cards_obtained":["Doubt"]},{"damage_healed":0.0,"max_hp_gain":0.0,"max_hp_loss":0.0,"gold_gain":0.0,"event_name":"Shining Light","player_choice":"Entered Light","floor":8.0,"gold_loss":0.0,"damage_taken":14.0,"cards_upgraded":["Strike_G","Defend_G"]},{"damage_healed":0.0,"max_hp_gain":0.0,"max_hp_loss":0.0,"gold_gain":0.0,"event_name":"Cursed Tome","player_choice":"Ignored","floor":20.0,"gold_loss":0.0,"damage_taken":0.0},{"cards_removed":["Defend_G"],"damage_healed":0.0,"max_hp_gain":0.0,"max_hp_loss":0.0,"gold_gain":0.0,"event_name":"Back to Basics","player_choice":"Elegance","floor":21.0,"gold_loss":0.0,"damage_taken":0.0},{"damage_healed":0.0,"max_hp_gain":0.0,"max_hp_loss":0.0,"gold_gain":0.0,"cards_transformed":["Defend_G","Strike_G"],"event_name":"Drug Dealer","player_choice":"Became Test Subject","floor":24.0,"gold_loss":0.0,"damage_taken":0.0,"cards_obtained":["Tactician","All Out Attack"]}],"is_beta":false,"boss_relics":[{"not_picked":[]}],"items_purged_floors":[19],"is_endless":false,"potions_floor_spawned":[4,10,12,16,27,29],"killed_by":"Sentry and Sphere","ascension_level":0}