{"gold_per_floor":[16,26,26,43,53,53,53,53,53,53,53,67,17,35,35,136,136,146,160,160,60,70,89,99,99,154,116,116,126,126,144,144,242,242,253,273,293,293],"floor_reached":38,"playtime":2911,"items_purged":["Corruption","Wild Strike","Exhume"],"score":417,"play_id":"c8992fa4-9f82-4e20-9d89-1eb6f40946bd","local_time":"20190210165654","is_ascension_mode":true,"campfire_choices":[{"data":"Body Slam","floor":6,"key":"SMITH"},{"data":"Bash","floor":8,"key":"SMITH"},{"data":"Rage","floor":10,"key":"SMITH"},{"data":"Dual Wield","floor":15,"key":"SMITH"},{"floor":28,"key":"REST"},{"data":"Entrench","floor":30,"key":"SMITH"},{"floor":32,"key":"REST"}],"neow_cost":"NO_GOLD","seed_source_timestamp":97634533716682,"circlet_count":0,"master_deck":["Bash+1","Dropkick","Rage+1","Body Slam+1","Dual Wield+1","Entrench+1","Whirlwind","Fiend Fire","Combust","Double Tap"],"relics":["Burning Blood","Prayer Wheel","Gambling Chip","Smiling Mask","Pandora\u0027s Box","MawBank","Runic Pyramid"],"potions_floor_usage":[4,12,14,18,23,25,29,31,33,33,33],"damage_taken":[{"damage":5,"enemies":"Cultist","floor":1,"turns":4},{"damage":2,"enemies":"Small Slimes","floor":2,"turns":4},{"damage":0,"enemies":"Jaw Worm","floor":4,"turns":3},{"damage":7,"enemies":"Gremlin Gang","floor":5,"turns":5},{"damage":0,"enemies":"Lots of Slimes","floor":12,"turns":3},{"damage":9,"enemies":"Blue Slaver","floor":14,"turns":3},{"damage":43,"enemies":"Hexaghost","floor":16,"turns":9},{"damage":58,"enemies":"Spheric Guardian","floor":18,"turns":8},{"damage":0,"enemies":"Chosen","floor":19,"turns":4},{"damage":32,"enemies":"Centurion and Healer","floor":22,"turns":6},{"damage":8,"enemies":"Shelled Parasite and Fungi","floor":23,"turns":3},{"damage":0,"enemies":"Cultist and Chosen","floor":24,"turns":4},{"damage":2,"enemies":"Snecko","floor":29,"turns":3},{"damage":6,"enemies":"3 Cultists","floor":31,"turns":3},{"damage":73,"enemies":"Automaton","floor":33,"turns":9},{"damage":16,"enemies":"3 Shapes","floor":35,"turns":3},{"damage":13,"enemies":"3 Darklings","floor":36,"turns":2},{"damage":35,"enemies":"Jaw Worm Horde","floor":37,"turns":3},{"damage":44,"enemies":"4 Shapes","floor":38,"turns":5}],"seed_played":"-8866690395529632216","potions_obtained":[{"floor":1,"key":"Weak Potion"},{"floor":4,"key":"Fruit Juice"},{"floor":5,"key":"AttackPotion"},{"floor":16,"key":"Weak Potion"},{"floor":22,"key":"Block Potion"},{"floor":24,"key":"AttackPotion"},{"floor":25,"key":"Fruit Juice"},{"floor":25,"key":"Block Potion"},{"floor":29,"key":"Explosive Potion"},{"floor":31,"key":"LiquidBronze"},{"floor":37,"key":"FearPotion"}],"is_trial":false,"path_per_floor":["M","M","T","M","M","R","?","R","T","R","?","M","$","M","R","B",null,"M","M","?","$","M","M","M","?","T","$","R","M","R","M","R","B",null,"M","M","M","M"],"character_chosen":"IRONCLAD","items_purchased":["Weak Potion"],"campfire_rested":2,"item_purchase_floors":[21],"current_hp_per_floor":[80,80,80,85,84,84,84,84,84,84,84,85,85,82,82,45,85,33,39,39,39,13,11,17,22,22,22,49,53,53,53,80,13,90,80,73,44,0],"gold":293,"neow_bonus":"ONE_RARE_RELIC","is_prod":false,"is_daily":false,"chose_seed":false,"campfire_upgraded":5,"win_rate":0,"timestamp":1549835814,"path_taken":["M","?","?","M","M","R","?","R","T","R","?","M","$","M","R","BOSS","M","M","?","$","?","M","M","?","T","$","R","M","R","M","R","BOSS","M","?","M","M"],"build_version":"2019-01-23","purchased_purges":3,"victory":false,"max_hp_per_floor":[80,80,80,85,85,85,85,85,85,85,85,85,85,85,85,85,85,85,85,85,85,85,85,85,90,90,90,90,90,90,90,90,90,90,90,90,90,90],"card_choices":[{"not_picked":["Ghostly Armor","Armaments"],"picked":"Dropkick","floor":1},{"not_picked":["Wild Strike","Cleave"],"picked":"Rage","floor":1},{"not_picked":["Clothesline","Sword Boomerang"],"picked":"Body Slam","floor":2},{"not_picked":["Warcry","Heavy Blade","Ghostly Armor"],"picked":"SKIP","floor":2},{"not_picked":["Cleave","Barricade","Bloodletting"],"picked":"SKIP","floor":4},{"not_picked":["Sword Boomerang","True Grit","Uppercut"],"picked":"SKIP","floor":4},{"not_picked":["Headbutt","True Grit","Shrug It Off"],"picked":"SKIP","floor":5},{"not_picked":["Feel No Pain","Heavy Blade","Shrug It Off"],"picked":"SKIP","floor":5},{"not_picked":["Disarm","Anger","Searing Blow"],"picked":"SKIP","floor":12},{"not_picked":["Blood for Blood","Wild Strike","Feel No Pain"],"picked":"SKIP","floor":12},{"not_picked":["Whirlwind","Anger"],"picked":"Dual Wield","floor":14},{"not_picked":["Combust","Flex","Uppercut"],"picked":"SKIP","floor":14},{"not_picked":["Warcry","Body Slam+1","Twin Strike"],"picked":"SKIP","floor":18},{"not_picked":["Whirlwind","Flex","Warcry"],"picked":"SKIP","floor":18},{"not_picked":["Twin Strike+1","Perfected Strike","Battle Trance+1"],"picked":"SKIP","floor":19},{"not_picked":["Sword Boomerang","Anger","Thunderclap+1"],"picked":"SKIP","floor":19},{"not_picked":["Clothesline","Sword Boomerang+1","Armaments+1"],"picked":"SKIP","floor":22},{"not_picked":["Reaper","Intimidate","Dual Wield"],"picked":"SKIP","floor":22},{"not_picked":["Flame Barrier","Burning Pact","Pommel Strike"],"picked":"SKIP","floor":23},{"not_picked":["Heavy Blade+1","Thunderclap+1","Entrench"],"picked":"SKIP","floor":23},{"not_picked":["Intimidate","Brutality","Iron Wave"],"picked":"SKIP","floor":24},{"not_picked":["Warcry","Shrug It Off","Twin Strike"],"picked":"SKIP","floor":24},{"not_picked":["Clash+1","Cleave","Anger"],"picked":"SKIP","floor":29},{"not_picked":["Battle Trance","Havoc","Armaments"],"picked":"SKIP","floor":29},{"not_picked":["Rampage+1","Intimidate+1","Dual Wield+1"],"picked":"SKIP","floor":31},{"not_picked":["Warcry","Clash+1","Second Wind"],"picked":"SKIP","floor":31},{"not_picked":["Juggernaut","Exhume"],"picked":"Double Tap","floor":33},{"not_picked":["True Grit","Cleave","Clothesline"],"picked":"SKIP","floor":35},{"not_picked":["Fire Breathing","Cleave","Whirlwind"],"picked":"SKIP","floor":35},{"not_picked":["True Grit+1","Twin Strike","Sword Boomerang+1"],"picked":"SKIP","floor":36},{"not_picked":["Havoc+1","Clash","Anger"],"picked":"SKIP","floor":36},{"not_picked":["Twin Strike+1","Seeing Red+1","Infernal Blade"],"picked":"SKIP","floor":37},{"not_picked":["Sword Boomerang+1","Immolate","Twin Strike"],"picked":"SKIP","floor":37}],"player_experience":777682,"relics_obtained":[{"floor":3,"key":"Gambling Chip"},{"floor":9,"key":"Smiling Mask"},{"floor":26,"key":"MawBank"}],"event_choices":[{"cards_removed":["Defend_R"],"damage_healed":0,"gold_gain":0,"player_choice":"Forget","damage_taken":0,"max_hp_gain":0,"max_hp_loss":0,"event_name":"Living Wall","floor":7,"gold_loss":0},{"damage_healed":0,"gold_gain":0,"cards_transformed":["Strike_R"],"player_choice":"Transformed","damage_taken":0,"max_hp_gain":0,"max_hp_loss":0,"event_name":"Transmorgrifier","floor":11,"gold_loss":0,"cards_obtained":["Corruption"]},{"cards_removed":["Heavy Blade"],"damage_healed":0,"gold_gain":0,"player_choice":"Purged","damage_taken":0,"max_hp_gain":0,"max_hp_loss":0,"event_name":"Purifier","floor":20,"gold_loss":0},{"damage_healed":0,"gold_gain":0,"player_choice":"Got Potions","damage_taken":0,"max_hp_gain":0,"max_hp_loss":0,"event_name":"Lab","floor":25,"gold_loss":0}],"is_beta":false,"boss_relics":[{"not_picked":["Sozu","White Beast Statue"],"picked":"Pandora\u0027s Box"},{"not_picked":["Snecko Eye","Calling Bell"],"picked":"Runic Pyramid"}],"items_purged_floors":[13,21,27],"is_endless":false,"potions_floor_spawned":[1,4,5,16,22,24,29,31,37],"killed_by":"4 Shapes","ascension_level":1}