{"gold_per_floor":[16,33,44,59,59,59,89,89,112,37,112,122,122,135,135,239,239,250,6,23,0,0,0,25,38,38,38,48,58,58],"floor_reached":30,"playtime":4056,"items_purged":["Strike_G"],"score":277,"play_id":"da09d5f6-fe30-4a73-b0cb-dab3951f0e7f","local_time":"20190415174839","is_ascension_mode":true,"campfire_choices":[{"data":"Footwork","floor":6.0,"key":"SMITH"},{"floor":8.0,"key":"REST"},{"floor":13.0,"key":"REST"},{"floor":15.0,"key":"RECALL"},{"data":"Cloak And Dagger","floor":23,"key":"SMITH"}],"neow_cost":"NO_GOLD","seed_source_timestamp":0,"circlet_count":0,"master_deck":["Defend_G","Defend_G","Strike_G","Strike_G","Survivor","Neutralize","Finisher","Bane","Footwork+1","Cloak And Dagger+1","PiercingWail","Cloak And Dagger","Blur","Backflip","Deflect","Burst","Backstab+1","Backflip+1","Doppelganger+1","Cloak And Dagger","Dash+1","Pain","Bouncing Flask","Bouncing Flask","Dramatic Entrance","Accuracy","Blade Dance","Leg Sweep"],"special_seed":0,"relics":["Ring of the Snake","Anchor","Snake Skull","Astrolabe","Kunai","WarpedTongs","Potion Belt","Tough Bandages"],"potions_floor_usage":[24,30],"damage_taken":[{"damage":1.0,"enemies":"Small Slimes","floor":1.0,"turns":3.0},{"damage":4.0,"enemies":"Cultist","floor":2.0,"turns":5.0},{"damage":0.0,"enemies":"2 Louse","floor":3.0,"turns":2.0},{"damage":26.0,"enemies":"Large Slime","floor":4.0,"turns":10.0},{"damage":30.0,"enemies":"Gremlin Nob","floor":7.0,"turns":5.0},{"damage":0.0,"enemies":"Lots of Slimes","floor":12.0,"turns":8.0},{"damage":0.0,"enemies":"2 Fungi Beasts","floor":14.0,"turns":4.0},{"damage":28.0,"enemies":"The Guardian","floor":16.0,"turns":29.0},{"damage":10,"enemies":"Spheric Guardian","floor":18,"turns":6},{"damage":0,"enemies":"3 Byrds","floor":20,"turns":9},{"damage":12,"enemies":"Slavers","floor":24,"turns":10},{"damage":13,"enemies":"3 Cultists","floor":25,"turns":8},{"damage":6,"enemies":"Snake Plant","floor":28,"turns":4},{"damage":8,"enemies":"Snecko","floor":29,"turns":4},{"damage":34,"enemies":"Gremlin Leader","floor":30,"turns":3}],"seed_played":"8546965518463528919","potions_obtained":[{"floor":1.0,"key":"FairyPotion"},{"floor":5.0,"key":"EssenceOfSteel"},{"floor":5.0,"key":"LiquidBronze"},{"floor":12.0,"key":"PowerPotion"},{"floor":14.0,"key":"Energy Potion"},{"floor":24,"key":"Ancient Potion"},{"floor":25,"key":"Regen Potion"},{"floor":28,"key":"SkillPotion"}],"is_trial":false,"path_per_floor":["?","$","?","?","?","M","?","M"],"character_chosen":"THE_SILENT","items_purchased":["Kunai"],"campfire_rested":2,"item_purchase_floors":[19],"current_hp_per_floor":[69,65,65,39,39,39,9,30,30,30,19,19,40,40,40,12,70,60,60,60,60,60,60,48,35,35,35,29,21,0],"gold":58,"neow_bonus":"TRANSFORM_TWO_CARDS","is_prod":false,"is_daily":false,"chose_seed":false,"campfire_upgraded":2,"win_rate":0,"timestamp":1555364919,"path_taken":["M","M","M","M","?","R","E","R","T","?","?","M","R","M","R","BOSS","M","$","M","?","?","R","E","?","T","?","?","M","E"],"build_version":"2019-01-23","purchased_purges":1,"victory":false,"max_hp_per_floor":[70,70,70,70,70,70,70,70,70,70,70,70,70,70,70,70,70,70,70,70,70,70,70,70,70,70,70,70,70,70],"card_choices":[{"not_picked":["Flying Knee","Well Laid Plans"],"picked":"Footwork","floor":1.0},{"not_picked":["Calculated Gamble","Outmaneuver"],"picked":"Cloak And Dagger","floor":2.0},{"not_picked":["Blade Dance","Backstab"],"picked":"PiercingWail","floor":3.0},{"not_picked":["Poisoned Stab","Riddle With Holes"],"picked":"Cloak And Dagger","floor":4.0},{"not_picked":["Prepared","Well Laid Plans"],"picked":"Blur","floor":7.0},{"not_picked":["Escape Plan","Deflect"],"picked":"Backflip","floor":12.0},{"not_picked":["Slice","Eviscerate"],"picked":"Deflect","floor":14.0},{"not_picked":["Die Die Die","Venomology"],"picked":"Burst","floor":16.0},{"not_picked":["Expertise","Concentrate"],"picked":"Cloak And Dagger","floor":18},{"not_picked":["Blade Dance","Dagger Throw"],"picked":"Dash+1","floor":20},{"not_picked":["Backstab","PiercingWail"],"picked":"Bouncing Flask","floor":24},{"not_picked":["Outmaneuver","Blur+1"],"picked":"Bouncing Flask","floor":25},{"not_picked":["Backflip+1","PiercingWail"],"picked":"Blade Dance","floor":28},{"not_picked":["Reflex+1","Dagger Throw"],"picked":"Leg Sweep","floor":29}],"player_experience":150496,"relics_obtained":[{"floor":7.0,"key":"Anchor"},{"floor":9.0,"key":"Snake Skull"},{"floor":24,"key":"Potion Belt"},{"floor":26,"key":"Tough Bandages"}],"event_choices":[{"damage_healed":0.0,"max_hp_gain":0.0,"max_hp_loss":0.0,"gold_gain":0.0,"event_name":"Lab","player_choice":"Got Potions","floor":5.0,"gold_loss":0.0,"damage_taken":0.0},{"damage_healed":0.0,"max_hp_gain":0.0,"max_hp_loss":0.0,"gold_gain":75.0,"event_name":"World of Goop","player_choice":"Gather Gold","floor":11.0,"gold_loss":0.0,"damage_taken":11.0},{"damage_healed":0,"gold_gain":0,"player_choice":"Paid Fearfully","damage_taken":0,"max_hp_gain":0,"max_hp_loss":0,"event_name":"Masked Bandits","floor":21,"gold_loss":23},{"damage_healed":0,"gold_gain":0,"player_choice":"Rummage","damage_taken":0,"relics_obtained":["WarpedTongs"],"max_hp_gain":0,"max_hp_loss":0,"event_name":"Accursed Blacksmith","floor":22,"gold_loss":0,"cards_obtained":["Pain"]},{"damage_healed":0,"gold_gain":0,"player_choice":"2 cards matched","damage_taken":0,"max_hp_gain":0,"max_hp_loss":0,"event_name":"Match and Keep!","floor":27,"gold_loss":0,"cards_obtained":["Dramatic Entrance","Accuracy"]}],"is_beta":false,"boss_relics":[{"not_picked":["HoveringKite","Snecko Eye"],"picked":"Astrolabe"}],"items_purged_floors":[10],"is_endless":false,"potions_floor_spawned":[1,12,14,16,18,24,25,28],"killed_by":"Gremlin Leader","ascension_level":2}