{"path_per_floor":["M","?","$","M","M","E","R","?","T","R","M","E","R","M","R","B",null,"M","?","M","M","M","E","R","E","T","$","T","?","$","?","R","B",null,"M","M","?","M","?","R","M","?","T","T","R","E","R","M","R","B"],"character_chosen":"IRONCLAD","items_purchased":["True Grit"],"gold_per_floor":[118,118,43,57,70,95,95,95,95,95,113,144,144,161,161,258,258,270,170,188,201,213,246,246,277,303,157,157,157,32,32,32,136,136,156,173,0,18,65,65,84,84,137,137,137,171,171,186,186,186],"floor_reached":51,"campfire_rested":6,"playtime":2390,"current_hp_per_floor":[80,80,80,75,79,53,53,53,53,53,52,54,54,62,80,58,80,80,80,80,64,45,25,49,13,13,13,13,13,13,13,37,24,84,49,45,45,52,47,47,34,34,34,34,61,51,80,57,87,17],"items_purged":["Strike_R","Strike_R","Strike_R"],"gold":186,"score":624,"play_id":"20a7387a-b36e-4f03-9e76-72165be57660","is_prod":false,"is_daily":false,"is_ascension_mode":true,"campfire_upgraded":4,"path_taken":["M","?","$","M","M","E","R","?","T","R","M","E","R","?","R","BOSS","M","?","M","M","M","E","R","E","T","$","?","?","$","?","R","BOSS","M","M","?","M","?","R","M","?","T","?","R","E","R","M","R","BOSS"],"build_version":"2018-02-12-PROD1","purchased_purges":3,"victory":true,"master_deck":["Defend_R","Defend_R","Defend_R","Bash+1","Whirlwind+1","Uppercut+1","Pommel Strike+1","True Grit+1","Double Tap+1","Feel No Pain+1","J.A.X.+1","Limit Break+1","True Grit+1","True Grit+1","Spot Weakness+1","Cleave","Shrug It Off+1","Shrug It Off+1"],"max_hp_per_floor":[80,80,80,80,80,80,80,80,80,80,80,80,80,80,80,80,80,80,80,80,80,80,82,82,82,82,82,82,82,82,82,82,84,84,84,86,86,88,90,90,92,92,92,92,92,99,99,101,101,101],"relics":["Black Blood","Toxic Egg 2","Red Skull","Blood Vial","Singing Bowl","Pantograph","Juzu Bracelet","Darkstone Periapt","Runic Pyramid","Red Mask","Gambling Chip","Tiny Chest","Molten Egg 2","Strawberry"],"card_choices":[{"not_picked":["Shockwave","Heavy Blade"],"picked":"Whirlwind"},{"not_picked":["Clash","Impervious"],"picked":"Uppercut"},{"not_picked":["Thunderclap","Headbutt"],"picked":"Pommel Strike"},{"not_picked":["Sword Boomerang","Anger"],"picked":"True Grit"},{"not_picked":["Brutality","Dark Embrace"],"picked":"Double Tap"},{"not_picked":["Flex","Heavy Blade"],"picked":"Feel No Pain"},{"not_picked":["Shockwave","Blood for Blood"],"picked":"Limit Break"},{"not_picked":["Anger","Cleave"],"picked":"Shrug It Off"},{"not_picked":["Combust","Whirlwind"],"picked":"Shrug It Off"}],"player_experience":106808,"potions_floor_usage":[12,23,23,25,33,39,39,50,50],"damage_taken":[{"damage":6,"enemies":"Small Slimes","floor":1,"turns":5},{"damage":11,"enemies":"Blue Slaver","floor":4,"turns":8},{"damage":2,"enemies":"Jaw Worm","floor":5,"turns":5},{"damage":32,"enemies":"3 Sentries","floor":6,"turns":5},{"damage":7,"enemies":"Looter","floor":11,"turns":3},{"damage":4,"enemies":"Gremlin Nob","floor":12,"turns":3},{"damage":0,"enemies":"2 Fungi Beasts","floor":14,"turns":2},{"damage":28,"enemies":"Slime Boss","floor":16,"turns":8},{"damage":4,"enemies":"3 Byrds","floor":18,"turns":4},{"damage":10,"enemies":"Spheric Guardian","floor":20,"turns":5},{"damage":26,"enemies":"Snake Plant","floor":21,"turns":4},{"damage":31,"enemies":"Cultist and Chosen","floor":22,"turns":7},{"damage":34,"enemies":"Book of Stabbing","floor":23,"turns":5},{"damage":48,"enemies":"Slavers","floor":25,"turns":7},{"damage":52,"enemies":"Automaton","floor":33,"turns":9},{"damage":45,"enemies":"3 Shapes","floor":35,"turns":7},{"damage":18,"enemies":"3 Darklings","floor":36,"turns":5},{"damage":7,"enemies":"Maw","floor":38,"turns":6},{"damage":19,"enemies":"Mysterious Sphere","floor":39,"turns":4},{"damage":27,"enemies":"4 Shapes","floor":41,"turns":7},{"damage":29,"enemies":"Giant Head","floor":46,"turns":7},{"damage":37,"enemies":"3 Darklings","floor":48,"turns":5},{"damage":94,"enemies":"Donu and Deca","floor":50,"turns":10}],"event_choices":[{"event_name":"Wheel of Change","player_choice":"Card Removal","floor":2,"damage_taken":0},{"event_name":"Living Wall","player_choice":"Forget","floor":8,"damage_taken":0},{"event_name":"Drug Dealer","player_choice":"Got JAXXED","floor":19,"damage_taken":0},{"event_name":"Duplicator","player_choice":"One dupe","floor":29,"damage_taken":0},{"event_name":"Match and Keep!","player_choice":"2 cards matched","floor":31,"damage_taken":0},{"event_name":"Tomb of Lord Red Mask","player_choice":"Paid","floor":37,"damage_taken":0},{"event_name":"Mysterious Sphere","player_choice":"Fight","floor":39,"damage_taken":0}],"boss_relics":[{"not_picked":["Orrery","Tiny House"],"picked":"Black Blood"},{"not_picked":["Question Card","Calling Bell"],"picked":"Runic Pyramid"}],"potions_floor_spawned":[1,5,18,23,25,33,38,41,46],"seed_played":"4791622422070121081","ascension_level":1,"is_trial":false}