{"gold_per_floor":[17,17,37,55,55,86,86,114,114,144,155,173,24,37,37,116,116,132,132,57,57,57,57],"floor_reached":23,"playtime":1439,"items_purged":["Strike_B"],"score":568,"play_id":"f8b77252-5dcc-407c-9afa-9f3223188a2c","local_time":"20190116014159","is_ascension_mode":true,"campfire_choices":[{"data":"Buffer","floor":7.0,"key":"SMITH"},{"data":"Creative AI","floor":15,"key":"SMITH"}],"neow_cost":"NO_GOLD","seed_source_timestamp":478442706362311,"circlet_count":0,"master_deck":["AscendersBane","Defend_B","Defend_B","Defend_B","Defend_B","Zap","Dualcast","Buffer+1","Melter","Barrage","Creative AI+1","Lockon","Cold Snap","Self Repair","Heatsinks","Coolheaded","Capacitor","Echo Form","Reprogram"],"special_seed":0,"relics":["Cracked Core","Symbiotic Virus","Du-Vu Doll","Gremlin Horn","Smiling Mask","Cursed Key"],"potions_floor_usage":[16,21,21],"damage_taken":[{"damage":7.0,"enemies":"2 Louse","floor":1.0,"turns":2.0},{"damage":0.0,"enemies":"Cultist","floor":3.0,"turns":3.0},{"damage":4.0,"enemies":"Small Slimes","floor":4.0,"turns":3.0},{"damage":15.0,"enemies":"Lagavulin","floor":6.0,"turns":7.0},{"damage":0.0,"enemies":"Gremlin Nob","floor":8.0,"turns":4.0},{"damage":25.0,"enemies":"3 Sentries","floor":10.0,"turns":5.0},{"damage":4,"enemies":"Looter","floor":11,"turns":2},{"damage":3,"enemies":"Blue Slaver","floor":12,"turns":3},{"damage":0,"enemies":"3 Louse","floor":14,"turns":4},{"damage":0,"enemies":"Slime Boss","floor":16,"turns":6},{"damage":1,"enemies":"Spheric Guardian","floor":18,"turns":3},{"damage":20,"enemies":"Colosseum Slavers","floor":21,"turns":5},{"damage":61,"enemies":"Slavers","floor":23,"turns":4}],"seed_played":"-1702464889449956504","potions_obtained":[{"floor":1.0,"key":"SkillPotion"},{"floor":3.0,"key":"SteroidPotion"},{"floor":6.0,"key":"GamblersBrew"},{"floor":11,"key":"SkillPotion"},{"floor":16,"key":"Swift Potion"}],"is_trial":false,"path_per_floor":["M","?","M","M","?","E","R","E","T","E","M","M","$","M","R","B",null,"M","?","?","?","T","E"],"character_chosen":"DEFECT","items_purchased":["Coolheaded","Capacitor"],"campfire_rested":0,"item_purchase_floors":[13,13],"current_hp_per_floor":[57,57,57,53,53,38,38,38,38,13,9,13,13,20,20,27,60,66,66,66,53,53,0],"gold":57,"neow_bonus":"THREE_RARE_CARDS","is_prod":false,"is_daily":false,"chose_seed":false,"campfire_upgraded":2,"win_rate":0,"timestamp":1547599319,"path_taken":["M","?","M","?","?","E","R","E","T","E","?","M","$","M","R","BOSS","M","?","?","?","?","E"],"build_version":"2019-01-10","purchased_purges":1,"victory":false,"max_hp_per_floor":[71,71,71,71,71,71,71,71,71,71,71,71,71,71,71,71,71,71,71,71,71,71,71],"card_choices":[{"not_picked":["Echo Form","Thunder Strike"],"picked":"Buffer","floor":0.0},{"not_picked":["Recycle","Auto Shields"],"picked":"Melter","floor":1.0},{"not_picked":["Beam Cell","Rebound"],"picked":"Barrage","floor":3.0},{"not_picked":["Turbo","Darkness"],"picked":"Creative AI","floor":4.0},{"not_picked":["Compile Driver","Conserve Battery"],"picked":"Lockon","floor":6.0},{"not_picked":["Barrage","Ball Lightning"],"picked":"Cold Snap","floor":8.0},{"not_picked":["Static Discharge","Turbo","Barrage"],"picked":"SKIP","floor":10.0},{"not_picked":["Sweeping Beam","Doom and Gloom"],"picked":"Self Repair","floor":11},{"not_picked":["Doom and Gloom","Steam"],"picked":"Heatsinks","floor":12},{"not_picked":["Stack","Turbo","Scrape"],"picked":"SKIP","floor":14},{"not_picked":["Seek","Meteor Strike"],"picked":"Echo Form","floor":16},{"not_picked":["Skim","Beam Cell"],"picked":"Reprogram","floor":18}],"player_experience":435470,"relics_obtained":[{"floor":6.0,"key":"Symbiotic Virus"},{"floor":8.0,"key":"Du-Vu Doll"},{"floor":9.0,"key":"Gremlin Horn"},{"floor":10.0,"key":"Smiling Mask"}],"event_choices":[{"damage_healed":0.0,"max_hp_gain":0.0,"max_hp_loss":0.0,"gold_gain":0.0,"event_name":"FaceTrader","player_choice":"Leave","floor":2.0,"gold_loss":0.0,"damage_taken":0.0},{"cards_removed":["Strike_B"],"damage_healed":0.0,"max_hp_gain":0.0,"max_hp_loss":0.0,"gold_gain":0.0,"event_name":"Purifier","player_choice":"Purged","floor":5.0,"gold_loss":0.0,"damage_taken":0.0},{"cards_removed":["Strike_B"],"damage_healed":0,"gold_gain":0,"player_choice":"Elegance","damage_taken":0,"max_hp_gain":0,"max_hp_loss":0,"event_name":"Back to Basics","floor":19,"gold_loss":0},{"cards_removed":["Strike_B"],"damage_healed":0,"gold_gain":0,"player_choice":"Gave Gold","damage_taken":0,"max_hp_gain":0,"max_hp_loss":0,"event_name":"Beggar","floor":20,"gold_loss":75},{"damage_healed":0,"gold_gain":0,"player_choice":"Fight","damage_taken":0,"max_hp_gain":0,"max_hp_loss":0,"event_name":"Colosseum","floor":21,"gold_loss":0},{"damage_healed":0,"gold_gain":0,"player_choice":"Fled From Nobs","damage_taken":0,"max_hp_gain":0,"max_hp_loss":0,"event_name":"Colosseum","floor":21,"gold_loss":0}],"is_beta":false,"boss_relics":[{"not_picked":["Sozu","Fusion Hammer"],"picked":"Cursed Key"}],"items_purged_floors":[13],"is_endless":false,"potions_floor_spawned":[1,3,6,11,16],"killed_by":"Slavers","ascension_level":20}