{"gold_per_floor":[116,126,51,69,88,88,113,30,84,84,29,39,39,57,57,129,129,148,158,83,83,83,83,32,32,79,79,91,6,6,19,19,97,97,108,119,19,19,30,30,55,55],"floor_reached":42,"playtime":3424,"items_purged":["Strike_B","Defend_B"],"score":792,"play_id":"3607fe50-805f-4aae-aede-db65b89117b6","local_time":"20190117001602","is_ascension_mode":true,"campfire_choices":[{"data":"Redo","floor":6.0,"key":"SMITH"},{"data":"Redo","floor":10.0,"key":"SMITH"},{"data":"Zap","floor":15.0,"key":"SMITH"},{"data":"Recycle","floor":23.0,"key":"SMITH"},{"data":"Dualcast","floor":25.0,"key":"SMITH"},{"floor":32.0,"key":"REST"},{"data":"Consume","floor":40.0,"key":"SMITH"}],"neow_cost":"TEN_PERCENT_HP_LOSS","seed_source_timestamp":557317686376675,"circlet_count":0,"master_deck":["AscendersBane","Zap+1","Dualcast+1","Rainbow","All For One","Glacier","Redo+1","Conserve Battery","Redo+1","Recycle+1","Self Repair","Hologram","Rebound","FTL","Core Surge","Conserve Battery+1","Steam+1","Capacitor","Machine Learning","Coolheaded+1","Genetic Algorithm","Consume+1","Biased Cognition","Fusion+1"],"special_seed":0,"relics":["FrozenCore","PreservedInsect","Inserter","DataDisk","Boot","Omamori"],"potions_floor_usage":[42],"damage_taken":[{"damage":4.0,"enemies":"2 Louse","floor":1.0,"turns":2.0},{"damage":8.0,"enemies":"Jaw Worm","floor":2.0,"turns":5.0},{"damage":0.0,"enemies":"Cultist","floor":4.0,"turns":3.0},{"damage":2.0,"enemies":"Looter","floor":5.0,"turns":4.0},{"damage":8.0,"enemies":"3 Sentries","floor":7.0,"turns":12.0},{"damage":0.0,"enemies":"2 Fungi Beasts","floor":12.0,"turns":4.0},{"damage":4.0,"enemies":"Blue Slaver","floor":14.0,"turns":3.0},{"damage":25.0,"enemies":"The Guardian","floor":16.0,"turns":9.0},{"damage":7.0,"enemies":"Spheric Guardian","floor":18.0,"turns":5.0},{"damage":26.0,"enemies":"Chosen","floor":19.0,"turns":7.0},{"damage":18.0,"enemies":"Shelled Parasite and Fungi","floor":28.0,"turns":3.0},{"damage":2.0,"enemies":"Sentry and Sphere","floor":31.0,"turns":8.0},{"damage":22.0,"enemies":"Collector","floor":33.0,"turns":8.0},{"damage":11.0,"enemies":"3 Shapes","floor":35.0,"turns":8.0},{"damage":0.0,"enemies":"Orb Walker","floor":36.0,"turns":5.0},{"damage":13.0,"enemies":"3 Darklings","floor":39.0,"turns":8.0},{"damage":52,"enemies":"Reptomancer","floor":42,"turns":2}],"seed_played":"-7432233811612414669","potions_obtained":[{"floor":4.0,"key":"Swift Potion"},{"floor":5.0,"key":"SteroidPotion"},{"floor":12.0,"key":"SkillPotion"},{"floor":16.0,"key":"FearPotion"},{"floor":19.0,"key":"Explosive Potion"},{"floor":28.0,"key":"PowerPotion"},{"floor":33.0,"key":"EssenceOfSteel"}],"is_trial":false,"path_per_floor":["M","M","?","M","M","R","E","$","T","R","$","M","?","M","R","B",null,"M","M","$","?","?","R","$","R","T","?","M","?","?","M","R","B",null,"M","M","$","?","M","R","T","E"],"character_chosen":"DEFECT","items_purchased":["Self Repair","Hologram","Coolheaded"],"campfire_rested":1,"item_purchase_floors":[8,11,24],"current_hp_per_floor":[60,52,52,52,50,50,42,42,42,42,42,49,49,45,45,27,55,55,36,36,36,36,36,36,36,36,36,18,18,18,23,42,27,55,51,51,51,51,45,45,45,0],"gold":55,"neow_bonus":"TRANSFORM_TWO_CARDS","is_prod":false,"is_daily":false,"chose_seed":false,"campfire_upgraded":6,"win_rate":0,"timestamp":1547680562,"path_taken":["M","M","?","M","M","R","E","$","T","R","?","M","?","M","R","BOSS","M","?","$","?","?","R","?","R","T","?","M","?","?","M","R","BOSS","M","M","?","?","M","R","?","E"],"build_version":"2019-01-10","purchased_purges":2,"victory":false,"max_hp_per_floor":[64,64,64,64,64,64,64,64,64,64,64,64,64,64,64,64,64,64,64,64,64,64,64,64,64,64,64,64,64,64,64,64,64,64,64,64,64,64,64,64,64,64],"card_choices":[{"not_picked":["Steam","Leap"],"picked":"Glacier","floor":1.0},{"not_picked":["Stack","Melter"],"picked":"Redo","floor":2.0},{"not_picked":["Steam Power","Beam Cell"],"picked":"Conserve Battery","floor":4.0},{"not_picked":["Reinforced Body","Darkness"],"picked":"Redo","floor":5.0},{"not_picked":["Compile Driver","White Noise"],"picked":"Recycle","floor":7.0},{"not_picked":["Storm","Stack"],"picked":"Rebound","floor":12.0},{"not_picked":["Hello World","Skim"],"picked":"FTL","floor":14.0},{"not_picked":["Buffer","Machine Learning"],"picked":"Core Surge","floor":16.0},{"not_picked":["Barrage","Rip and Tear+1"],"picked":"Conserve Battery+1","floor":18.0},{"not_picked":["Ball Lightning","Hello World+1"],"picked":"Steam+1","floor":19.0},{"not_picked":["Melter","Cold Snap","Heatsinks"],"picked":"SKIP","floor":28.0},{"not_picked":["Melter","Steam Power"],"picked":"Consume","floor":31.0},{"not_picked":["Rainbow","Reboot"],"picked":"Biased Cognition","floor":33.0},{"not_picked":["Rebound","Gash","Steam"],"picked":"SKIP","floor":35.0},{"not_picked":["Recycle","Lockon"],"picked":"Fusion+1","floor":36.0},{"not_picked":["Compile Driver","Blizzard","Gash"],"picked":"SKIP","floor":39.0}],"player_experience":458832,"relics_obtained":[{"floor":9.0,"key":"PreservedInsect"},{"floor":26.0,"key":"DataDisk"},{"floor":41.0,"key":"Omamori"}],"event_choices":[{"cards_removed":["Strike_B"],"damage_healed":0.0,"max_hp_gain":0.0,"max_hp_loss":0.0,"gold_gain":0.0,"event_name":"The Cleric","player_choice":"Card Removal","floor":3.0,"gold_loss":75.0,"damage_taken":0.0},{"damage_healed":0.0,"max_hp_gain":0.0,"max_hp_loss":0.0,"gold_gain":0.0,"event_name":"Match and Keep!","player_choice":"0 cards matched","floor":13.0,"gold_loss":0.0,"damage_taken":0.0,"cards_obtained":[]},{"damage_healed":0.0,"max_hp_gain":0.0,"max_hp_loss":0.0,"gold_gain":0.0,"event_name":"Ghosts","player_choice":"Ignored","floor":21.0,"gold_loss":0.0,"damage_taken":0.0},{"damage_healed":0.0,"max_hp_gain":0.0,"max_hp_loss":0.0,"gold_gain":0.0,"cards_transformed":["Defend_B","Strike_B"],"event_name":"Drug Dealer","player_choice":"Became Test Subject","floor":22.0,"gold_loss":0.0,"damage_taken":0.0,"cards_obtained":["Capacitor","Machine Learning"]},{"damage_healed":0.0,"max_hp_gain":0.0,"max_hp_loss":0.0,"gold_gain":0.0,"event_name":"The Library","player_choice":"Read","floor":27.0,"gold_loss":0.0,"damage_taken":0.0,"cards_obtained":["Genetic Algorithm"]},{"damage_healed":0.0,"max_hp_gain":0.0,"max_hp_loss":0.0,"gold_gain":0.0,"event_name":"Addict","player_choice":"Obtained Relic","floor":29.0,"gold_loss":85.0,"damage_taken":0.0,"relics_obtained":["Boot"]},{"damage_healed":0.0,"max_hp_gain":0.0,"max_hp_loss":0.0,"gold_gain":0.0,"event_name":"Accursed Blacksmith","player_choice":"Forge","floor":30.0,"gold_loss":0.0,"damage_taken":0.0,"cards_upgraded":["Coolheaded"]},{"cards_removed":["Defend_B"],"damage_healed":0.0,"max_hp_gain":0.0,"max_hp_loss":0.0,"gold_gain":0.0,"event_name":"Falling","player_choice":"Removed Skill","floor":38.0,"gold_loss":0.0,"damage_taken":0.0}],"is_beta":false,"boss_relics":[{"not_picked":["Runic Dome","Astrolabe"],"picked":"Inserter"},{"not_picked":["White Beast Statue","Sozu"],"picked":"FrozenCore"}],"items_purged_floors":[20,37],"is_endless":false,"potions_floor_spawned":[4,5,12,14,16,19,28,33,36],"killed_by":"Reptomancer","ascension_level":20}