{"gold_per_floor":[111,186,186,200,39,56,56,76,152,152,152,184,164],"floor_reached":13,"playtime":449,"items_purged":[],"score":166,"play_id":"0915b632-8ea1-420b-b1d1-9e35bee42d3e","local_time":"20190116164607","is_ascension_mode":true,"campfire_choices":[{"data":"Static Discharge","floor":7,"key":"SMITH"},{"data":"Recycle","floor":11,"key":"SMITH"}],"neow_cost":"NONE","seed_source_timestamp":533742408197404,"circlet_count":0,"master_deck":["AscendersBane","Strike_B","Strike_B","Strike_B","Defend_B","Defend_B","Defend_B","Defend_B","Zap+1","Dualcast","Go for the Eyes","Glacier","Recycle+1","Static Discharge+1","Undo","Creative AI","Sunder"],"relics":["Cracked Core","Darkstone Periapt","Juzu Bracelet"],"potions_floor_usage":[12],"damage_taken":[{"damage":7,"enemies":"Jaw Worm","floor":1,"turns":4},{"damage":2,"enemies":"2 Louse","floor":4,"turns":2},{"damage":1,"enemies":"Cultist","floor":6,"turns":4},{"damage":10,"enemies":"3 Louse","floor":8,"turns":3},{"damage":31,"enemies":"Gremlin Nob","floor":12,"turns":4},{"damage":6,"enemies":"Looter","floor":13,"turns":1}],"seed_played":"-4986028165213549470","potions_obtained":[{"floor":4,"key":"Fire Potion"},{"floor":6,"key":"Energy Potion"},{"floor":12,"key":"Explosive Potion"}],"is_trial":false,"path_per_floor":["M","?","?","M","$","M","R","M","T","?","R","E","M"],"character_chosen":"DEFECT","items_purchased":["Recycle","Static Discharge"],"campfire_rested":0,"item_purchase_floors":[5,5],"current_hp_per_floor":[64,53,53,51,51,50,50,40,40,33,33,2,0],"gold":164,"neow_bonus":"TEN_PERCENT_HP_BONUS","is_prod":false,"is_daily":false,"chose_seed":false,"campfire_upgraded":2,"win_rate":0,"timestamp":1547653567,"path_taken":["M","?","?","?","$","M","R","?","T","?","R","E","M"],"build_version":"2019-01-10","purchased_purges":0,"victory":false,"max_hp_per_floor":[78,78,78,78,78,78,78,78,78,78,78,78,78],"card_choices":[{"not_picked":["Cold Snap","Redo"],"picked":"Go for the Eyes","floor":1},{"not_picked":["Turbo","White Noise"],"picked":"Glacier","floor":4},{"not_picked":["Aggregate","Force Field"],"picked":"Undo","floor":6},{"not_picked":["Beam Cell","Undo"],"picked":"Creative AI","floor":8},{"not_picked":["Rebound","Stack"],"picked":"Sunder","floor":12}],"player_experience":436909,"relics_obtained":[{"floor":9,"key":"Darkstone Periapt"},{"floor":12,"key":"Juzu Bracelet"}],"event_choices":[{"damage_healed":0,"gold_gain":75,"player_choice":"Gather Gold","damage_taken":11,"max_hp_gain":0,"max_hp_loss":0,"event_name":"World of Goop","floor":2,"gold_loss":0},{"damage_healed":0,"gold_gain":0,"player_choice":"Grow","damage_taken":0,"max_hp_gain":0,"max_hp_loss":0,"event_name":"Living Wall","floor":3,"gold_loss":0,"cards_upgraded":["Zap"]},{"cards_removed":["Strike_B"],"damage_healed":0,"gold_gain":0,"player_choice":"Card Removal","damage_taken":7,"max_hp_gain":0,"max_hp_loss":0,"event_name":"Golden Wing","floor":10,"gold_loss":0}],"is_beta":false,"boss_relics":[],"items_purged_floors":[],"is_endless":false,"potions_floor_spawned":[4,6,12],"killed_by":"Looter","ascension_level":20}