{"gold_per_floor":[112,112,112,130,130,130,146,146,146,165,192,192,72,92,92,196,196,209,228,228,246,96,96],"floor_reached":23,"playtime":856,"items_purged":["Strike_R","Strike_R"],"score":238,"play_id":"09de9d0f-c3b8-4c57-8bdb-544cbadebff3","local_time":"20190403014258","is_ascension_mode":true,"campfire_choices":[{"data":"Demon Form","floor":6,"key":"SMITH"},{"data":"Inflame","floor":8,"key":"SMITH"},{"data":"Heavy Blade","floor":12,"key":"SMITH"},{"data":"Armaments","floor":15,"key":"SMITH"}],"neow_cost":"NONE","seed_source_timestamp":1221803097401506,"circlet_count":0,"master_deck":["Strike_R","Strike_R","Strike_R","Defend_R","Defend_R","Defend_R","Defend_R","Bash","Inflame+1","Demon Form+1","Bash","Iron Wave","Twin Strike","Heavy Blade+1","Shrug It Off","Armaments+1","Anger","Demon Form","Anger+1","Armaments+1","Warcry"],"relics":["Burning Blood","Shuriken","Potion Belt","Bag of Marbles","Sozu"],"potions_floor_usage":[11,18],"damage_taken":[{"damage":6,"enemies":"2 Louse","floor":1,"turns":2},{"damage":17,"enemies":"Jaw Worm","floor":4,"turns":5},{"damage":6,"enemies":"Cultist","floor":7,"turns":4},{"damage":17,"enemies":"Exordium Wildlife","floor":10,"turns":4},{"damage":17,"enemies":"3 Sentries","floor":11,"turns":6},{"damage":5,"enemies":"Gremlin Gang","floor":14,"turns":4},{"damage":5,"enemies":"The Guardian","floor":16,"turns":6},{"damage":19,"enemies":"Spheric Guardian","floor":18,"turns":4},{"damage":33,"enemies":"2 Thieves","floor":19,"turns":4},{"damage":6,"enemies":"Snake Plant","floor":21,"turns":3},{"damage":30,"enemies":"Book of Stabbing","floor":23,"turns":4}],"seed_played":"3144528744688906024","potions_obtained":[{"floor":0,"key":"Dexterity Potion"},{"floor":0,"key":"Strength Potion"},{"floor":0,"key":"SpeedPotion"},{"floor":1,"key":"Explosive Potion"},{"floor":10,"key":"SkillPotion"},{"floor":16,"key":"Energy Potion"}],"is_trial":false,"path_per_floor":["M","?","?","M","?","R","M","R","T","M","E","R","$","M","R","B",null,"M","M","?","M","$","E"],"character_chosen":"IRONCLAD","items_purchased":["Armaments","Warcry"],"campfire_rested":0,"item_purchase_floors":[13,22],"current_hp_per_floor":[80,80,80,69,62,62,62,62,62,51,40,40,40,41,41,42,80,67,40,25,25,25,0],"gold":96,"neow_bonus":"THREE_SMALL_POTIONS","is_prod":false,"is_daily":false,"chose_seed":false,"campfire_upgraded":4,"win_rate":0,"timestamp":1554273778,"path_taken":["M","?","?","?","?","R","M","R","T","M","E","R","?","?","R","BOSS","M","M","?","M","$","E"],"build_version":"2019-01-23","purchased_purges":2,"victory":false,"max_hp_per_floor":[80,80,80,80,80,80,80,80,80,80,80,80,80,80,80,80,80,80,80,85,85,85,85],"card_choices":[{"not_picked":["Searing Blow","Twin Strike"],"picked":"Inflame","floor":1},{"not_picked":["Twin Strike","Combust"],"picked":"Iron Wave","floor":4},{"not_picked":["Hemokinesis","Metallicize"],"picked":"Twin Strike","floor":7},{"not_picked":["Thunderclap","Iron Wave"],"picked":"Heavy Blade","floor":10},{"not_picked":["Impervious","Intimidate"],"picked":"Shrug It Off","floor":11},{"not_picked":["Clothesline","Thunderclap"],"picked":"Anger","floor":14},{"not_picked":["Exhume","Double Tap"],"picked":"Demon Form","floor":16},{"not_picked":["Hemokinesis+1","Clash+1"],"picked":"Anger+1","floor":18},{"not_picked":["Metallicize","Headbutt"],"picked":"Armaments+1","floor":19},{"not_picked":["Anger+1","Heavy Blade","Thunderclap"],"picked":"SKIP","floor":21}],"player_experience":208181,"relics_obtained":[{"floor":9,"key":"Potion Belt"},{"floor":11,"key":"Bag of Marbles"}],"event_choices":[{"damage_healed":0,"gold_gain":0,"player_choice":"Box","damage_taken":0,"relics_obtained":["Shuriken"],"max_hp_gain":0,"max_hp_loss":0,"event_name":"Big Fish","floor":2,"gold_loss":0,"cards_obtained":["Regret"]},{"damage_healed":0,"gold_gain":0,"player_choice":"2 cards matched","damage_taken":0,"max_hp_gain":0,"max_hp_loss":0,"event_name":"Match and Keep!","floor":3,"gold_loss":0,"cards_obtained":["Demon Form","Bash"]},{"cards_removed":["Regret"],"damage_healed":0,"gold_gain":0,"player_choice":"Card Removal","damage_taken":7,"max_hp_gain":0,"max_hp_loss":0,"event_name":"Golden Wing","floor":5,"gold_loss":0},{"damage_healed":0,"gold_gain":0,"player_choice":"Shed Blood","damage_taken":20,"max_hp_gain":5,"max_hp_loss":0,"event_name":"Forgotten Altar","floor":20,"gold_loss":0}],"is_beta":false,"boss_relics":[{"not_picked":["Tiny House","Astrolabe"],"picked":"Sozu"}],"items_purged_floors":[13,22],"is_endless":false,"potions_floor_spawned":[1,10,16,18,19,21],"killed_by":"Book of Stabbing","ascension_level":2}