{"gold_per_floor":[115,135,135,135,156,156,180,180,228,228,247,172,96,114,114,235,235,254,254,60,85,109,109,109,109,133,133,148,164,39,39,39,159,159,174,192,192,0,23,23,62,62,135,153,153,178,178,178,178,178],"floor_reached":50,"playtime":4704,"items_purged":["Strike_R","Strike_R","Defend_R"],"score":687,"play_id":"945b3a8c-0443-49ca-ade3-fe93b9fe7f5e","local_time":"20180725021302","is_ascension_mode":false,"campfire_choices":[{"data":"Pommel Strike","floor":6,"key":"SMITH"},{"data":"Rupture","floor":8,"key":"SMITH"},{"data":"Blood for Blood","floor":10,"key":"SMITH"},{"data":"Bloodletting","floor":15,"key":"SMITH"},{"data":"Combust","floor":23,"key":"SMITH"},{"data":"Uppercut","floor":25,"key":"SMITH"},{"data":"Reaper","floor":27,"key":"SMITH"},{"data":"Thunderclap","floor":32,"key":"SMITH"},{"data":"Pommel Strike","floor":40,"key":"SMITH"},{"floor":42,"key":"DIG"},{"data":"Mind Blast","floor":47,"key":"SMITH"},{"floor":49,"key":"REST"}],"neow_cost":"NONE","seed_source_timestamp":26328212673762,"circlet_count":0,"master_deck":["Strike_R","Strike_R","Defend_R","Defend_R","Defend_R","Bash","Pommel Strike+1","Blood for Blood+1","Rupture+1","Thunderclap+1","Ghostly Armor","Bloodletting+1","Reaper+1","Combust+1","Finesse","Twin Strike+1","Uppercut+1","Pain","Flex+1","Reaper","Flex+1","Blood for Blood","Heavy Blade","Pommel Strike+1","Cleave+1","Limit Break","Dual Wield+1","Fire Breathing+1","Parasite","Dramatic Entrance","Thinking Ahead","Mind Blast+1","Burning Pact+1","Madness","Madness"],"relics":["Lizard Tail","Golden Idol","Bag of Marbles","Cursed Key","Nilry\u0027s Codex","Potion Belt","Orrery","Shovel","Red Mask","Boot","Oddly Smooth Stone","Mercury Hourglass"],"potions_floor_usage":[7,18,29,33,44,44,50,50],"damage_taken":[{"damage":2,"enemies":"2 Louse","floor":1,"turns":4},{"damage":11,"enemies":"Jaw Worm","floor":2,"turns":2},{"damage":1,"enemies":"Cultist","floor":5,"turns":3},{"damage":12,"enemies":"Looter","floor":7,"turns":4},{"damage":5,"enemies":"Exordium Wildlife","floor":11,"turns":4},{"damage":2,"enemies":"Blue Slaver","floor":14,"turns":5},{"damage":25,"enemies":"Hexaghost","floor":16,"turns":9},{"damage":3,"enemies":"Spheric Guardian","floor":18,"turns":3},{"damage":0,"enemies":"Chosen","floor":21,"turns":3},{"damage":15,"enemies":"Snecko","floor":22,"turns":4},{"damage":13,"enemies":"3 Cultists","floor":28,"turns":3},{"damage":19,"enemies":"Slaver and Parasite","floor":29,"turns":4},{"damage":15,"enemies":"Collector","floor":33,"turns":4},{"damage":22,"enemies":"Flame Bruiser 1 Orb","floor":35,"turns":4},{"damage":3,"enemies":"Orb Walker","floor":36,"turns":1},{"damage":45,"floor":37,"turns":5},{"damage":31,"enemies":"Maw","floor":39,"turns":5},{"damage":48,"enemies":"Nemesis","floor":41,"turns":5},{"damage":19,"enemies":"3 Darklings","floor":44,"turns":3},{"damage":30,"enemies":"Spire Growth","floor":46,"turns":3},{"damage":66,"enemies":"Time Eater","floor":50,"turns":4}],"seed_played":"-1302858618828572168","potions_obtained":[{"floor":2,"key":"SteroidPotion"},{"floor":5,"key":"Fruit Juice"},{"floor":7,"key":"Swift Potion"},{"floor":16,"key":"SmokeBomb"},{"floor":21,"key":"FearPotion"},{"floor":28,"key":"Swift Potion"},{"floor":35,"key":"Poison Potion"},{"floor":39,"key":"AttackPotion"},{"floor":41,"key":"Dexterity Potion"}],"is_trial":false,"path_per_floor":["M","M","?","?","M","R","M","R","T","R","M","$","$","M","R","B",null,"M","?","$","M","M","R","?","R","T","R","M","M","$","?","R","B",null,"M","M","?","?","M","R","E","R","T","M","?","M","R","?","R"],"character_chosen":"IRONCLAD","items_purchased":["Bloodletting","Finesse"],"campfire_rested":1,"item_purchase_floors":[13,20],"current_hp_per_floor":[78,67,47,47,46,46,39,39,39,39,34,34,34,32,32,7,85,82,66,66,66,51,51,51,51,51,51,59,40,40,40,40,79,85,73,70,56,56,30,30,62,62,62,78,68,48,48,37,62,0],"gold":178,"neow_bonus":"BOSS_RELIC","is_prod":false,"is_daily":false,"chose_seed":false,"campfire_upgraded":10,"win_rate":0,"timestamp":1532448782,"path_taken":["M","M","?","?","M","R","M","R","T","R","?","?","$","M","R","BOSS","M","?","$","?","M","R","?","R","T","R","M","M","$","?","R","BOSS","M","M","?","?","?","R","E","R","T","M","?","?","R","?","R","BOSS"],"build_version":"2018-07-19v2","purchased_purges":3,"victory":false,"max_hp_per_floor":[80,80,80,80,80,80,85,85,85,85,85,85,85,85,85,85,85,85,85,85,85,85,85,85,85,85,85,85,85,85,85,85,85,85,85,85,85,85,85,85,85,85,85,85,85,85,85,85,85,85],"card_choices":[{"not_picked":["Sword Boomerang","Iron Wave"],"picked":"Pommel Strike","floor":1},{"not_picked":["Perfected Strike","Pummel"],"picked":"Blood for Blood","floor":2},{"not_picked":["Rage","Seeing Red"],"picked":"Rupture","floor":5},{"not_picked":["Clothesline","Iron Wave"],"picked":"Thunderclap","floor":7},{"not_picked":["Power Through","Whirlwind"],"picked":"Ghostly Armor","floor":11},{"not_picked":["Thunderclap","Dropkick","Cleave"],"picked":"SKIP","floor":14},{"not_picked":["Juggernaut","Fiend Fire"],"picked":"Reaper","floor":16},{"not_picked":["Headbutt","Sword Boomerang"],"picked":"Combust","floor":18},{"not_picked":["Power Through","Metallicize+1"],"picked":"Twin Strike+1","floor":21},{"not_picked":["Perfected Strike","Whirlwind","Disarm"],"picked":"SKIP","floor":22},{"not_picked":["Feel No Pain","Pummel","Perfected Strike"],"picked":"SKIP","floor":28},{"not_picked":["Sword Boomerang","Rage"],"picked":"Flex","floor":29},{"not_picked":["Juggernaut","Impervious"],"picked":"Reaper","floor":33},{"not_picked":["True Grit","Clothesline"],"picked":"Flex+1","floor":34},{"not_picked":["Body Slam+1","Clothesline"],"picked":"Blood for Blood","floor":34},{"not_picked":["Hemokinesis","Body Slam"],"picked":"Heavy Blade","floor":34},{"not_picked":["Rage+1","Shrug It Off"],"picked":"Pommel Strike","floor":34},{"not_picked":["Bloodletting","Corruption"],"picked":"Cleave+1","floor":34},{"not_picked":["Searing Blow+1","Blood for Blood"],"picked":"Limit Break","floor":35},{"not_picked":["Clash","Cleave","Metallicize"],"picked":"SKIP","floor":36},{"not_picked":["Thunderclap+1","Warcry"],"picked":"Dual Wield+1","floor":37},{"not_picked":["Clothesline+1","Iron Wave"],"picked":"Fire Breathing+1","floor":39},{"not_picked":["Bloodletting","Cleave+1","Clothesline+1"],"picked":"SKIP","floor":41},{"not_picked":["Anger","Reckless Charge","Iron Wave+1"],"picked":"SKIP","floor":44},{"not_picked":["Madness","Blind"],"picked":"Dramatic Entrance","floor":45},{"not_picked":["Blind","Enlightenment"],"picked":"Thinking Ahead","floor":45},{"not_picked":["Blind","Sadistic Nature"],"picked":"Mind Blast","floor":45},{"not_picked":["Armaments","Twin Strike+1"],"picked":"Burning Pact+1","floor":46}],"player_experience":67994,"relics_obtained":[{"floor":9,"key":"Bag of Marbles"},{"floor":19,"key":"Nilry\u0027s Codex"},{"floor":26,"key":"Potion Belt"},{"floor":37,"key":"Shovel"},{"floor":41,"key":"Boot"},{"floor":42,"key":"Oddly Smooth Stone"},{"floor":43,"key":"Mercury Hourglass"}],"event_choices":[{"event_name":"Golden Idol","player_choice":"Take Damage","floor":3,"damage_taken":0},{"event_name":"Liars Game","player_choice":"disagreed","floor":4,"damage_taken":0},{"event_name":"Cursed Tome","player_choice":"Obtained Book","floor":19,"damage_taken":0},{"event_name":"Transmorgrifier","player_choice":"Transform","floor":24,"damage_taken":0},{"event_name":"Accursed Blacksmith","player_choice":"Forge","floor":31,"damage_taken":0},{"event_name":"MindBloom","player_choice":"Fight","floor":37,"damage_taken":0},{"event_name":"Tomb of Lord Red Mask","player_choice":"Paid","floor":38,"damage_taken":0},{"event_name":"SensoryStone","player_choice":"Memory 3","floor":45,"damage_taken":0},{"event_name":"Winding Halls","player_choice":"Embrace Madness","floor":48,"damage_taken":0}],"is_beta":false,"boss_relics":[{"not_picked":["Snecko Eye","Tiny House"],"picked":"Cursed Key"},{"not_picked":["Black Star","Sozu"],"picked":"Orrery"}],"items_purged_floors":[12,20,30],"is_endless":false,"potions_floor_spawned":[2,5,7,16,21,28,35,39,41],"killed_by":"Time Eater","ascension_level":0}