{"gold_per_floor":[211,9,25,100,100,100,112,124,124,139,139,139,139,153,153,251,251,264,278,290,163,63,63,63,76,76,76],"floor_reached":27,"playtime":1190,"items_purged":["Strike_R","Strike_R"],"score":205,"play_id":"eff76cae-9f65-4089-97be-570db61c781d","local_time":"20190310000827","is_ascension_mode":false,"campfire_choices":[{"data":"Bash","floor":6,"key":"SMITH"},{"data":"Whirlwind","floor":11,"key":"SMITH"},{"data":"Heavy Blade","floor":15,"key":"SMITH"},{"floor":23,"key":"REST"}],"neow_cost":"NONE","seed_source_timestamp":1154172404823,"circlet_count":0,"master_deck":["Strike_R","Strike_R","Strike_R","Defend_R","Defend_R","Defend_R","Bash+1","Spot Weakness","Flex","Whirlwind+1","Dropkick","Inflame","Rage+1","Heavy Blade+1","Dropkick","Dual Wield","Double Tap","True Grit+1","Metallicize","Shrug It Off","Flame Barrier+1"],"relics":["Burning Blood","NlothsMask"],"potions_floor_usage":[16,16,16,19,27],"damage_taken":[{"damage":0,"enemies":"2 Louse","floor":1,"turns":3},{"damage":1,"enemies":"Jaw Worm","floor":3,"turns":2},{"damage":0,"enemies":"Small Slimes","floor":7,"turns":2},{"damage":8,"enemies":"Red Slaver","floor":8,"turns":5},{"damage":0,"enemies":"Exordium Wildlife","floor":10,"turns":3},{"damage":0,"enemies":"Gremlin Gang","floor":14,"turns":1},{"damage":21,"enemies":"Slime Boss","floor":16,"turns":4},{"damage":10,"enemies":"3 Byrds","floor":18,"turns":6},{"damage":28,"enemies":"2 Thieves","floor":19,"turns":4},{"damage":43,"enemies":"Sentry and Sphere","floor":20,"turns":8},{"damage":28,"enemies":"Snake Plant","floor":25,"turns":4},{"damage":20,"enemies":"Gremlin Leader","floor":27,"turns":7}],"seed_played":"-3008396236434083188","potions_obtained":[{"floor":3,"key":"Poison Potion"},{"floor":8,"key":"Energy Potion"},{"floor":14,"key":"Dexterity Potion"},{"floor":18,"key":"Energy Potion"},{"floor":19,"key":"SneckoOil"}],"is_trial":false,"path_per_floor":["M","$","M","?","?","R","M","M","T","M","R","?","?","M","R","B",null,"M","M","M","$","$","R","?","M","T","E"],"character_chosen":"IRONCLAD","items_purchased":["Flex","Whirlwind","Dropkick","Shrug It Off"],"campfire_rested":1,"item_purchase_floors":[2,2,2,21],"current_hp_per_floor":[80,80,80,69,69,69,75,73,73,79,79,79,79,80,80,65,80,76,54,17,17,17,41,41,19,19,0],"gold":76,"neow_bonus":"HUNDRED_GOLD","is_prod":false,"is_daily":false,"chose_seed":false,"campfire_upgraded":3,"win_rate":0,"timestamp":1552194507,"path_taken":["M","$","M","?","?","R","M","M","T","M","R","?","?","M","R","BOSS","M","M","M","?","$","R","?","M","T","E"],"build_version":"2019-01-23","purchased_purges":2,"victory":false,"max_hp_per_floor":[80,80,80,80,80,80,80,80,80,80,80,80,80,80,80,80,80,80,80,80,80,80,80,80,80,80,80],"card_choices":[{"not_picked":["Sword Boomerang","Warcry"],"picked":"Spot Weakness","floor":1},{"not_picked":["Clothesline","Clash"],"picked":"Inflame","floor":3},{"not_picked":["Perfected Strike","Spot Weakness"],"picked":"Rage","floor":7},{"not_picked":["Thunderclap","Wild Strike"],"picked":"Heavy Blade","floor":8},{"not_picked":["Headbutt","Rage"],"picked":"Dropkick","floor":10},{"not_picked":["Seeing Red","Sword Boomerang"],"picked":"Dual Wield","floor":14},{"not_picked":["Exhume","Barricade"],"picked":"Double Tap","floor":16},{"not_picked":["Warcry","Clash+1"],"picked":"True Grit+1","floor":18},{"not_picked":["Battle Trance","Reckless Charge"],"picked":"Metallicize","floor":19},{"not_picked":["Reckless Charge","Entrench","Thunderclap+1"],"picked":"SKIP","floor":20},{"not_picked":["Flex","Fire Breathing"],"picked":"Flame Barrier+1","floor":25}],"player_experience":849563,"relics_obtained":[],"event_choices":[{"damage_healed":0,"gold_gain":75,"player_choice":"Gather Gold","damage_taken":11,"max_hp_gain":0,"max_hp_loss":0,"event_name":"World of Goop","floor":4,"gold_loss":0},{"damage_healed":0,"gold_gain":0,"player_choice":"Ignored","damage_taken":0,"max_hp_gain":0,"max_hp_loss":0,"event_name":"Liars Game","floor":5,"gold_loss":0},{"damage_healed":0,"gold_gain":0,"player_choice":"Grow","damage_taken":0,"max_hp_gain":0,"max_hp_loss":0,"event_name":"Living Wall","floor":12,"gold_loss":0,"cards_upgraded":["Rage"]},{"cards_removed":["Defend_R"],"damage_healed":0,"gold_gain":0,"player_choice":"Purged","damage_taken":0,"max_hp_gain":0,"max_hp_loss":0,"event_name":"Purifier","floor":13,"gold_loss":0},{"damage_healed":0,"gold_gain":0,"player_choice":"Trade","damage_taken":0,"relics_obtained":["NlothsMask"],"max_hp_gain":0,"max_hp_loss":0,"event_name":"FaceTrader","floor":24,"gold_loss":0}],"is_beta":false,"boss_relics":[{"not_picked":[]}],"items_purged_floors":[21,22],"is_endless":false,"potions_floor_spawned":[3,8,14,18,19],"killed_by":"Gremlin Leader","ascension_level":0}