{"gold_per_floor":[113,132,148,64,84,84,118,118,118,118,128,153,153,164,164,242,242,258,258,4,4,4,29,29,41,64,75,75,86,121,140,140,213,213,232,252,252,252,152,152,167,193,216,216,226,244,262,262,262,262],"floor_reached":50,"playtime":4278,"items_purged":["Strike_B","Turbo+1"],"score":1148,"play_id":"057c3b0b-4d53-4aa5-953c-a59f9587f5f7","local_time":"20190117140942","is_ascension_mode":true,"campfire_choices":[{"data":"Sunder","floor":6.0,"key":"SMITH"},{"data":"Multi-Cast","floor":8.0,"key":"SMITH"},{"data":"Zap","floor":10.0,"key":"SMITH"},{"data":"Double Energy","floor":15.0,"key":"SMITH"},{"floor":24.0,"key":"REST"},{"floor":28.0,"key":"REST"},{"floor":32.0,"key":"REST"},{"data":"Fission","floor":40.0,"key":"SMITH"},{"data":"Defragment","floor":44.0,"key":"SMITH"},{"data":"Defragment","floor":49,"key":"SMITH"}],"neow_cost":"TEN_PERCENT_HP_LOSS","seed_source_timestamp":605746427964586,"circlet_count":0,"master_deck":["AscendersBane","Defend_B","Zap+1","Dualcast","Multi-Cast+1","Coolheaded","Leap","Seek+1","Sunder+1","Glacier","Double Energy+1","Creative AI","Core Surge+1","Compile Driver+1","Darkness","Defragment+1","Echo Form","Fission+1","Reboot+1","Chill+1","Chaos+1","Self Repair","Cold Snap+1","Hologram+1","Defragment+1"],"special_seed":0,"relics":["Cracked Core","Turnip","Gremlin Horn","Molten Egg 2","Velvet Choker","Meat on the Bone","Omamori","Orichalcum","Astrolabe","Whetstone","Pen Nib"],"potions_floor_usage":[47,50,50],"damage_taken":[{"damage":0.0,"enemies":"2 Louse","floor":1.0,"turns":2.0},{"damage":3.0,"enemies":"Small Slimes","floor":2.0,"turns":3.0},{"damage":2.0,"enemies":"Jaw Worm","floor":3.0,"turns":3.0},{"damage":2.0,"enemies":"Gremlin Gang","floor":5.0,"turns":5.0},{"damage":8.0,"enemies":"Lagavulin","floor":7.0,"turns":7.0},{"damage":5.0,"enemies":"Large Slime","floor":11.0,"turns":4.0},{"damage":8.0,"enemies":"Gremlin Nob","floor":12.0,"turns":3.0},{"damage":0.0,"enemies":"Blue Slaver","floor":14.0,"turns":3.0},{"damage":0.0,"enemies":"Slime Boss","floor":16.0,"turns":5.0},{"damage":2.0,"enemies":"2 Thieves","floor":18.0,"turns":4.0},{"damage":48.0,"enemies":"Book of Stabbing","floor":23.0,"turns":4.0},{"damage":10.0,"enemies":"Shell Parasite","floor":25.0,"turns":3.0},{"damage":2.0,"enemies":"Centurion and Healer","floor":27.0,"turns":5.0},{"damage":0.0,"enemies":"Snecko","floor":29.0,"turns":2.0},{"damage":19.0,"enemies":"Gremlin Leader","floor":30.0,"turns":6.0},{"damage":8.0,"enemies":"Chosen and Byrds","floor":31.0,"turns":5.0},{"damage":43.0,"enemies":"Automaton","floor":33.0,"turns":11.0},{"damage":3.0,"enemies":"3 Darklings","floor":35.0,"turns":4.0},{"damage":8.0,"enemies":"Orb Walker","floor":36.0,"turns":4.0},{"damage":11.0,"enemies":"3 Darklings","floor":41.0,"turns":9.0},{"damage":34.0,"enemies":"Nemesis","floor":42.0,"turns":13.0},{"damage":22,"enemies":"Writhing Mass","floor":45,"turns":7},{"damage":27,"enemies":"Spire Growth","floor":46,"turns":5},{"damage":11,"enemies":"Transient","floor":47,"turns":6},{"damage":56,"enemies":"Awakened One","floor":50,"turns":3}],"seed_played":"-5291890019369512926","potions_obtained":[{"floor":5.0,"key":"SkillPotion"},{"floor":7.0,"key":"Fire Potion"},{"floor":12.0,"key":"FocusPotion"},{"floor":16.0,"key":"Strength Potion"},{"floor":23.0,"key":"SkillPotion"},{"floor":25.0,"key":"FearPotion"},{"floor":33.0,"key":"Poison Potion"},{"floor":35.0,"key":"Poison Potion"},{"floor":36.0,"key":"Block Potion"},{"floor":45,"key":"Strength Potion"},{"floor":47,"key":"Weak Potion"}],"is_trial":false,"path_per_floor":["M","M","M","$","M","R","E","R","T","R","M","E","?","M","R","B",null,"M","?","$","?","?","E","R","M","T","M","R","M","E","M","R","B",null,"M","M","?","?","$","R","M","E","T","R","M","M","M","?","R","B"],"character_chosen":"DEFECT","items_purchased":["Sunder","Core Surge+1"],"campfire_rested":3,"item_purchase_floors":[4,20],"current_hp_per_floor":[64,61,59,59,57,57,49,49,49,49,44,36,36,36,36,36,57,55,55,55,55,55,7,26,28,28,38,57,57,38,42,61,30,56,53,45,45,45,45,45,48,40,40,40,44,43,51,51,51,0],"gold":262,"neow_bonus":"TRANSFORM_TWO_CARDS","is_prod":false,"is_daily":false,"chose_seed":false,"campfire_upgraded":7,"win_rate":0,"timestamp":1547730582,"path_taken":["M","M","M","$","M","R","E","R","T","R","M","E","?","M","R","BOSS","M","?","$","?","?","E","R","M","T","M","R","M","E","M","R","BOSS","M","?","?","?","$","R","M","E","T","R","M","?","M","?","R","BOSS"],"build_version":"2019-01-10","purchased_purges":2,"victory":false,"max_hp_per_floor":[64,64,64,64,64,64,64,64,64,64,64,64,64,64,64,64,64,64,64,64,64,64,64,64,64,64,64,64,64,64,64,64,64,64,64,64,64,64,64,64,64,64,64,64,64,64,64,64,64,64],"card_choices":[{"not_picked":["Barrage","Compile Driver"],"picked":"Coolheaded","floor":1.0},{"not_picked":["Beam Cell","Heatsinks"],"picked":"Leap","floor":2.0},{"not_picked":["Leap","Consume"],"picked":"Seek","floor":3.0},{"not_picked":["Chaos","Steam","Heatsinks"],"picked":"SKIP","floor":5.0},{"not_picked":["Beam Cell","Amplify"],"picked":"Glacier","floor":7.0},{"not_picked":["Heatsinks","Steam","Aggregate"],"picked":"SKIP","floor":11.0},{"not_picked":["Auto Shields","Heatsinks","Stack"],"picked":"SKIP","floor":12.0},{"not_picked":["Streamline+1","Barrage+1"],"picked":"Double Energy","floor":14.0},{"not_picked":["All For One+1","Seek"],"picked":"Creative AI","floor":16.0},{"not_picked":["Redo","Rebound+1","Gash+1"],"picked":"SKIP","floor":18.0},{"not_picked":["Redo","All For One+1"],"picked":"Compile Driver+1","floor":23.0},{"not_picked":["Redo","Compile Driver+1"],"picked":"Darkness","floor":25.0},{"not_picked":["FTL+1","Force Field","Redo"],"picked":"SKIP","floor":27.0},{"not_picked":["Chaos","Gash+1","Rebound+1"],"picked":"SKIP","floor":29.0},{"not_picked":["Rebound+1","Coolheaded"],"picked":"Defragment","floor":30.0},{"not_picked":["Sweeping Beam+1","Go for the Eyes+1"],"picked":"Echo Form","floor":31.0},{"not_picked":["Amplify","Rainbow"],"picked":"Fission","floor":33.0},{"not_picked":["Turbo","Streamline+1"],"picked":"Chaos+1","floor":35.0},{"not_picked":["Blizzard+1","Conserve Battery"],"picked":"Self Repair","floor":36.0},{"not_picked":["Streamline+1","Compile Driver+1"],"picked":"Cold Snap+1","floor":41.0},{"not_picked":["Ball Lightning+1","Auto Shields"],"picked":"Hologram+1","floor":42.0},{"not_picked":["Cold Snap+1","Undo"],"picked":"Defragment","floor":45},{"not_picked":["Leap","Melter+1","Rainbow"],"picked":"SKIP","floor":46},{"not_picked":["Steam","Genetic Algorithm+1","Sweeping Beam+1"],"picked":"SKIP","floor":47}],"player_experience":472972,"relics_obtained":[{"floor":7.0,"key":"Turnip"},{"floor":9.0,"key":"Gremlin Horn"},{"floor":12.0,"key":"Molten Egg 2"},{"floor":23.0,"key":"Meat on the Bone"},{"floor":26.0,"key":"Omamori"},{"floor":30.0,"key":"Orichalcum"},{"floor":42.0,"key":"Whetstone"},{"floor":43.0,"key":"Pen Nib"}],"event_choices":[{"damage_healed":0.0,"max_hp_gain":0.0,"max_hp_loss":0.0,"gold_gain":0.0,"event_name":"Liars Game","player_choice":"Ignored","floor":13.0,"gold_loss":0.0,"damage_taken":0.0},{"damage_healed":0.0,"max_hp_gain":0.0,"max_hp_loss":0.0,"gold_gain":0.0,"event_name":"Ghosts","player_choice":"Ignored","floor":19.0,"gold_loss":0.0,"damage_taken":0.0},{"damage_healed":0.0,"max_hp_gain":0.0,"max_hp_loss":0.0,"gold_gain":0.0,"event_name":"The Mausoleum","player_choice":"Ignored","floor":21.0,"gold_loss":0.0,"damage_taken":0.0},{"damage_healed":0.0,"max_hp_gain":0.0,"max_hp_loss":0.0,"gold_gain":0.0,"event_name":"Accursed Blacksmith","player_choice":"Forge","floor":22.0,"gold_loss":0.0,"damage_taken":0.0,"cards_upgraded":["Seek"]},{"cards_removed":["Sweeping Beam"],"damage_healed":0.0,"max_hp_gain":0.0,"max_hp_loss":0.0,"gold_gain":0.0,"event_name":"Falling","player_choice":"Removed Attack","floor":37.0,"gold_loss":0.0,"damage_taken":0.0},{"damage_healed":0.0,"max_hp_gain":0.0,"max_hp_loss":0.0,"gold_gain":0.0,"event_name":"Tomb of Lord Red Mask","player_choice":"Ignored","floor":38.0,"gold_loss":0.0,"damage_taken":0.0},{"cards_removed":["Defend_B"],"damage_healed":0,"gold_gain":0,"player_choice":"Card Removal","damage_taken":0,"max_hp_gain":0,"max_hp_loss":0,"event_name":"Wheel of Change","floor":48,"gold_loss":0}],"is_beta":false,"boss_relics":[{"not_picked":["Ectoplasm","Pandora\u0027s Box"],"picked":"Velvet Choker"},{"not_picked":["Philosopher\u0027s Stone","Black Star"],"picked":"Astrolabe"}],"items_purged_floors":[20,39],"is_endless":false,"potions_floor_spawned":[5,7,11,12,16,23,25,33,35,36,45,47],"killed_by":"Awakened One","ascension_level":20}