{"gold_per_floor":[109,209,219,219,199,199,230,230,230,250,250,270,297,37,37,134,134,149,173,190,41,55,55,74,74,74,74,74,74,100,115,115,212,212,229,229,229,57,75,75,41,41],"floor_reached":42,"playtime":2012,"items_purged":[],"score":654,"play_id":"e8dc5103-cf04-4457-8766-13cff2dbd36f","local_time":"20190412013700","is_ascension_mode":true,"campfire_choices":[{"data":"Armaments","floor":6,"key":"SMITH"},{"data":"Shrug It Off","floor":8,"key":"SMITH"},{"data":"Immolate","floor":11,"key":"SMITH"},{"data":"Iron Wave","floor":15,"key":"SMITH"},{"data":"Intimidate","floor":23,"key":"SMITH"},{"data":"Battle Trance","floor":25,"key":"SMITH"},{"floor":28,"key":"REST"},{"floor":32,"key":"REST"},{"data":"Madness","floor":40,"key":"SMITH"}],"neow_cost":"NONE","seed_source_timestamp":474319672513014,"circlet_count":0,"master_deck":["AscendersBane","Strike_R","Strike_R","Defend_R","Defend_R","Defend_R","Bash+1","Immolate+1","Shrug It Off+1","Armaments+1","Burning Pact","Iron Wave+1","Cleave","Dark Embrace","Fire Breathing+1","Clash+1","Flame Barrier+1","Feel No Pain","Combust","Rupture","Battle Trance+1","Intimidate+1","Fiend Fire","Exhume","Metamorphosis","Sadistic Nature","Inflame","Madness+1","Metallicize+1","Feel No Pain"],"relics":["Burning Blood","Bronze Scales","Sundial","Matryoshka","Mummified Hand","Astrolabe","Ancient Tea Set","Red Skull","Omamori","Ornamental Fan","Nunchaku","Strawberry","Sozu"],"potions_floor_usage":[16,18,30],"damage_taken":[{"damage":0,"enemies":"Small Slimes","floor":1,"turns":2},{"damage":6,"enemies":"Cultist","floor":3,"turns":3},{"damage":10,"enemies":"3 Sentries","floor":7,"turns":4},{"damage":1,"enemies":"Jaw Worm","floor":10,"turns":2},{"damage":6,"enemies":"Looter","floor":12,"turns":2},{"damage":16,"enemies":"Gremlin Nob","floor":13,"turns":3},{"damage":22,"enemies":"The Guardian","floor":16,"turns":11},{"damage":16,"enemies":"2 Thieves","floor":18,"turns":3},{"damage":8,"enemies":"Shell Parasite","floor":20,"turns":6},{"damage":21,"enemies":"Snake Plant","floor":22,"turns":4},{"damage":6,"enemies":"Chosen and Byrds","floor":24,"turns":5},{"damage":36,"enemies":"Book of Stabbing","floor":30,"turns":5},{"damage":22,"enemies":"Centurion and Healer","floor":31,"turns":6},{"damage":48,"enemies":"Champ","floor":33,"turns":10},{"damage":4,"enemies":"Orb Walker","floor":35,"turns":4},{"damage":29,"enemies":"3 Darklings","floor":39,"turns":4},{"damage":66,"enemies":"Giant Head","floor":42,"turns":6}],"seed_played":"-8869782750665381884","potions_obtained":[{"floor":1,"key":"BloodPotion"},{"floor":5,"key":"SneckoOil"},{"floor":7,"key":"SkillPotion"},{"floor":22,"key":"Energy Potion"}],"is_trial":false,"path_per_floor":["M","?","M","?","?","R","E","R","T","M","R","M","E","$","R","B",null,"M","T","M","$","M","R","M","R","T","?","R","T","E","M","R","B",null,"M","?","?","$","M","R","$","E"],"character_chosen":"IRONCLAD","items_purchased":["Mummified Hand","Rupture","Battle Trance","Inflame","Madness","Feel No Pain"],"campfire_rested":2,"item_purchase_floors":[14,21,21,38,38,41],"current_hp_per_floor":[78,78,78,78,78,78,74,74,74,79,79,79,69,69,69,53,73,63,63,61,61,46,46,46,46,46,46,70,70,47,31,57,15,69,71,71,66,66,43,43,43,0],"gold":41,"neow_bonus":"TRANSFORM_CARD","is_prod":false,"is_daily":false,"chose_seed":false,"campfire_upgraded":7,"win_rate":0,"timestamp":1555047420,"path_taken":["M","?","?","?","?","R","E","R","T","M","R","M","E","$","R","BOSS","M","?","M","$","M","R","M","R","T","?","R","?","E","M","R","BOSS","M","?","?","$","M","R","?","E"],"build_version":"2019-01-23","purchased_purges":0,"victory":false,"max_hp_per_floor":[80,80,80,80,80,80,80,80,80,80,80,80,80,80,80,80,80,80,80,80,80,80,80,80,80,80,80,80,80,87,87,87,87,87,87,87,87,87,87,87,87,87],"card_choices":[{"not_picked":["Rampage","Pommel Strike"],"picked":"Shrug It Off","floor":1},{"not_picked":["Spot Weakness","Havoc"],"picked":"Armaments","floor":3},{"not_picked":["Fire Breathing","Uppercut"],"picked":"Headbutt","floor":7},{"not_picked":["Perfected Strike","Havoc"],"picked":"Burning Pact","floor":10},{"not_picked":["Clash","Clothesline"],"picked":"Iron Wave","floor":12},{"not_picked":["Bludgeon","Sever Soul"],"picked":"Cleave","floor":13},{"not_picked":["Offering","Double Tap"],"picked":"Dark Embrace","floor":16},{"not_picked":["Carnage+1","Sword Boomerang"],"picked":"Feel No Pain","floor":18},{"not_picked":["Flex","Twin Strike"],"picked":"Combust","floor":20},{"not_picked":["Clash","Burning Pact"],"picked":"Intimidate","floor":22},{"not_picked":["Body Slam","Clothesline","Dual Wield"],"picked":"SKIP","floor":24},{"not_picked":["Shrug It Off+1","Cleave"],"picked":"Fiend Fire","floor":30},{"not_picked":["Disarm","Clash","Rampage"],"picked":"SKIP","floor":31},{"not_picked":["Berserk","Demon Form"],"picked":"Exhume","floor":33},{"not_picked":["Thunderclap+1","Twin Strike","Clash+1"],"picked":"SKIP","floor":35},{"not_picked":["Secret Technique","Impatience"],"picked":"Metamorphosis","floor":37},{"not_picked":["Panacea","Mayhem"],"picked":"Sadistic Nature","floor":37},{"not_picked":["Sword Boomerang+1","Flex"],"picked":"Metallicize+1","floor":39}],"player_experience":935089,"relics_obtained":[{"floor":7,"key":"Bronze Scales"},{"floor":9,"key":"Sundial"},{"floor":13,"key":"Matryoshka"},{"floor":19,"key":"Ancient Tea Set"},{"floor":19,"key":"Red Skull"},{"floor":26,"key":"Omamori"},{"floor":26,"key":"Ornamental Fan"},{"floor":29,"key":"Nunchaku"},{"floor":30,"key":"Strawberry"}],"event_choices":[{"damage_healed":0,"gold_gain":100,"player_choice":"Pray","damage_taken":0,"max_hp_gain":0,"max_hp_loss":0,"event_name":"Golden Shrine","floor":2,"gold_loss":0},{"damage_healed":0,"gold_gain":0,"player_choice":"Grow","damage_taken":0,"max_hp_gain":0,"max_hp_loss":0,"event_name":"Living Wall","floor":4,"gold_loss":0,"cards_upgraded":["Bash"]},{"damage_healed":0,"gold_gain":0,"player_choice":"Bought 1 Potion","damage_taken":0,"max_hp_gain":0,"max_hp_loss":0,"event_name":"The Woman in Blue","floor":5,"gold_loss":0},{"cards_removed":["Headbutt"],"damage_healed":0,"gold_gain":0,"player_choice":"Removed Attack","damage_taken":0,"max_hp_gain":0,"max_hp_loss":0,"event_name":"Falling","floor":36,"gold_loss":0},{"damage_healed":0,"gold_gain":0,"player_choice":"Memory 2","damage_taken":5,"max_hp_gain":0,"max_hp_loss":0,"event_name":"SensoryStone","floor":37,"gold_loss":0}],"is_beta":false,"boss_relics":[{"not_picked":["Runic Cube","Fusion Hammer"],"picked":"Astrolabe"},{"not_picked":["Velvet Choker","Tiny House"],"picked":"Sozu"}],"items_purged_floors":[],"is_endless":false,"potions_floor_spawned":[1,7,22,39],"killed_by":"Giant Head","ascension_level":11}