{"gold_per_floor":[118,130,150,124,89,114,114,114,114,114,114,124,157,176,176,273,273,239,239],"floor_reached":19,"playtime":1197,"items_purged":[],"score":202,"play_id":"b94f6b8b-e5e2-4082-848f-e2184d882d75","local_time":"20190324161207","is_ascension_mode":false,"campfire_choices":[{"floor":7,"key":"REST"},{"data":"Loop","floor":11,"key":"SMITH"},{"floor":15,"key":"REST"}],"neow_cost":"NONE","seed_source_timestamp":9699226741260,"circlet_count":0,"master_deck":["Strike_B","Strike_B","Strike_B","Defend_B","Defend_B","Defend_B","Defend_B","Zap","Dualcast","Loop+1","White Noise","Leap","Leap","Capacitor","Capacitor","Lockon","All For One","Steam","Electrodynamics","Sweeping Beam"],"relics":["FrozenCore","Omamori","Bottled Tornado","Pear"],"potions_floor_usage":[6,16,19,19],"damage_taken":[{"damage":1,"enemies":"Cultist","floor":1,"turns":3},{"damage":0,"enemies":"Small Slimes","floor":2,"turns":2},{"damage":7,"enemies":"2 Louse","floor":3,"turns":3},{"damage":37,"enemies":"3 Sentries","floor":6,"turns":8},{"damage":0,"enemies":"2 Fungi Beasts","floor":12,"turns":2},{"damage":16,"enemies":"Gremlin Nob","floor":13,"turns":3},{"damage":31,"enemies":"Exordium Wildlife","floor":14,"turns":5},{"damage":48,"enemies":"Hexaghost","floor":16,"turns":10},{"damage":32,"enemies":"2 Thieves","floor":18,"turns":5},{"damage":66,"enemies":"Masked Bandits","floor":19,"turns":6}],"seed_played":"8832217370420095921","potions_obtained":[{"floor":3,"key":"Fruit Juice"},{"floor":6,"key":"LiquidBronze"},{"floor":14,"key":"SpeedPotion"},{"floor":18,"key":"Energy Potion"}],"is_trial":false,"path_per_floor":["M","$","?","?","?","?"],"character_chosen":"DEFECT","items_purchased":["Leap"],"campfire_rested":2,"item_purchase_floors":[4],"current_hp_per_floor":[81,81,74,74,82,50,76,76,76,87,87,87,81,50,79,31,97,65,0],"gold":239,"neow_bonus":"TEN_PERCENT_HP_BONUS","is_prod":false,"is_daily":false,"chose_seed":false,"campfire_upgraded":1,"win_rate":0.0,"timestamp":1553458327,"path_taken":["M","?","M","?","?","E","R","?","T","?","R","M","E","M","R","BOSS","M","?"],"build_version":"2019-01-23","purchased_purges":0,"victory":false,"max_hp_per_floor":[82,82,82,82,82,87,87,87,87,87,87,87,97,97,97,97,97,97,97],"card_choices":[{"not_picked":["Redo","Stack"],"picked":"Loop","floor":1},{"not_picked":["Blizzard","Stack"],"picked":"White Noise","floor":2},{"not_picked":["Cold Snap","Tempest"],"picked":"Leap","floor":3},{"not_picked":["Ball Lightning","Cold Snap"],"picked":"Capacitor","floor":6},{"not_picked":["Redo","Steam Power"],"picked":"Lockon","floor":12},{"not_picked":["Fission","Reinforced Body"],"picked":"All For One","floor":13},{"not_picked":["Stack","FTL"],"picked":"Steam","floor":14},{"not_picked":["Seek","Multi-Cast"],"picked":"Electrodynamics","floor":16},{"not_picked":["Compile Driver","Genetic Algorithm"],"picked":"Sweeping Beam","floor":18}],"player_experience":48153,"relics_obtained":[{"floor":6,"key":"Omamori"},{"floor":9,"key":"Bottled Tornado"},{"floor":13,"key":"Pear"}],"event_choices":[{"damage_healed":20,"gold_gain":0,"player_choice":"Healed","damage_taken":0,"max_hp_gain":0,"max_hp_loss":0,"event_name":"The Cleric","floor":5,"gold_loss":35},{"damage_healed":0,"gold_gain":0,"cards_transformed":["Strike_B"],"player_choice":"Change","damage_taken":0,"max_hp_gain":0,"max_hp_loss":0,"event_name":"Living Wall","floor":8,"gold_loss":0,"cards_obtained":["Capacitor"]},{"damage_healed":21,"gold_gain":0,"player_choice":"Healed and dodged fight","damage_taken":0,"max_hp_gain":0,"max_hp_loss":0,"event_name":"Mushrooms","floor":10,"gold_loss":0,"cards_obtained":["Parasite"]},{"damage_healed":0,"gold_gain":0,"player_choice":"Fought Bandits","damage_taken":0,"max_hp_gain":0,"max_hp_loss":0,"event_name":"Masked Bandits","floor":19,"gold_loss":0}],"is_beta":false,"boss_relics":[{"not_picked":["Lizard Tail","Astrolabe"],"picked":"FrozenCore"}],"items_purged_floors":[],"is_endless":false,"potions_floor_spawned":[3,6,14,18],"killed_by":"Masked Bandits","ascension_level":0}