{"gold_per_floor":[144,144,319,368,368,368,466,515,565,565,614,614,663,712,712,1037,1037,1086,1086,1135,835,835,884,934,849,849,849,947,996,1045,1143,1143,1468,1468,1517,1517,1517,817,866,866,964,1013,1038,1139,1000,1000],"floor_reached":46,"playtime":39780,"items_purged":["Doubt","Sword Boomerang","Armaments"],"score":638,"play_id":"dc00abf4-806a-44f4-a734-1f1b9e4ad11e","local_time":"20190301205103","daily_mods":["Insanity","Diverse","Midas"],"is_ascension_mode":false,"campfire_choices":[{"floor":6,"key":"REST"},{"floor":15,"key":"REST"},{"floor":32,"key":"REST"},{"floor":40,"key":"REST"}],"neow_cost":"","seed_source_timestamp":1131251960842893,"circlet_count":0,"master_deck":["Noxious Fumes","Flex","BootSequence","Caltrops","Scrape","Heavy Blade","Wild Strike","Streamline","True Grit","Go for the Eyes","Twin Strike+1","Body Slam","Hello World","Skewer","Headbutt","Sever Soul","Beam Cell","Sword Boomerang","Ball Lightning","Headbutt","Dagger Throw","Go for the Eyes","Sucker Punch","Outmaneuver","Heavy Blade","Dodge and Roll","Streamline","Stack","Iron Wave","Twin Strike","Whirlwind","Chill+1","Poisoned Stab","Dual Wield","Twin Strike","Wild Strike","Slice","Armaments+1","Chaos","Distraction","Endless Agony","Dagger Spray","Endless Agony","Shrug It Off","Distraction","Echo Form","Masterful Stab","Cloak And Dagger","Go for the Eyes","Echo Form","Burning Pact","Armaments","Deadly Poison","Combust+1","Beam Cell","Bash","Armaments+1","Havoc+1","Corpse Explosion+1","Burning Pact+1","Escape Plan+1","Venomology+1","Havoc+1","Good Instincts+1","Conserve Battery+1","Backflip+1","Beam Cell+1","Armaments+1","Deep Breath+1"],"special_seed":17956,"relics":["Burning Blood","Golden Idol","Gremlin Horn","Smiling Mask","Velvet Choker","Toxic Egg 2","PreservedInsect","Centennial Puzzle","Sundial","Oddly Smooth Stone","Dream Catcher","Astrolabe","Charon\u0027s Ashes","Pen Nib","Medical Kit","Nunchaku","Ancient Tea Set","Gambling Chip"],"potions_floor_usage":[7,16,16,23,28,33,41,42,44],"damage_taken":[{"damage":3,"enemies":"Jaw Worm","floor":1,"turns":3},{"damage":0,"enemies":"Small Slimes","floor":4,"turns":3},{"damage":8,"enemies":"3 Sentries","floor":7,"turns":7},{"damage":0,"enemies":"2 Louse","floor":8,"turns":1},{"damage":0,"enemies":"Lots of Slimes","floor":11,"turns":2},{"damage":5,"enemies":"Looter","floor":13,"turns":3},{"damage":0,"enemies":"Large Slime","floor":14,"turns":4},{"damage":77,"enemies":"The Guardian","floor":16,"turns":11},{"damage":3,"enemies":"2 Thieves","floor":18,"turns":3},{"damage":7,"enemies":"Shell Parasite","floor":20,"turns":3},{"damage":1,"enemies":"Chosen and Byrds","floor":23,"turns":4},{"damage":10,"enemies":"Slavers","floor":28,"turns":3},{"damage":32,"enemies":"3 Cultists","floor":29,"turns":6},{"damage":8,"enemies":"Centurion and Healer","floor":30,"turns":5},{"damage":11,"enemies":"Book of Stabbing","floor":31,"turns":3},{"damage":60,"enemies":"Collector","floor":33,"turns":9},{"damage":22,"enemies":"3 Shapes","floor":35,"turns":3},{"damage":12,"enemies":"Orb Walker","floor":39,"turns":4},{"damage":13,"enemies":"Reptomancer","floor":41,"turns":5},{"damage":41,"enemies":"Spire Growth","floor":42,"turns":5},{"damage":25,"enemies":"2 Orb Walkers","floor":44,"turns":4},{"damage":35,"enemies":"Nemesis","floor":46,"turns":2}],"seed_played":"8353618742473353149","potions_obtained":[{"floor":4,"key":"EssenceOfSteel"},{"floor":8,"key":"LiquidBronze"},{"floor":11,"key":"Regen Potion"},{"floor":18,"key":"Explosive Potion"},{"floor":23,"key":"PowerPotion"},{"floor":28,"key":"Ancient Potion"},{"floor":33,"key":"SteroidPotion"},{"floor":35,"key":"LiquidBronze"}],"is_trial":false,"path_per_floor":["M","?","?","M","?","R","E","M","T","?","M","$","M","M","R","B",null,"M","?","M","$","?","M","T","?","T","?","E","M","M","E","R","B",null,"M","?","?","$","M","R","E","M","T","?","$","E"],"character_chosen":"IRONCLAD","items_purchased":["Toxic Egg 2","Charon\u0027s Ashes","Pen Nib","Medical Kit","Deep Breath+1"],"campfire_rested":4,"item_purchase_floors":[21,38,38,38,45],"current_hp_per_floor":[80,60,60,66,66,80,78,80,80,64,70,70,71,77,80,24,80,80,80,79,79,79,80,80,80,80,80,76,50,48,43,67,13,80,64,64,64,64,58,80,73,38,38,19,19,0],"gold":1000,"neow_bonus":"","is_prod":false,"is_daily":true,"chose_seed":false,"campfire_upgraded":0,"win_rate":0,"timestamp":1551502263,"path_taken":["M","?","?","M","?","R","E","?","T","?","M","$","M","M","R","BOSS","M","?","M","$","?","?","?","?","T","?","E","?","M","E","R","BOSS","M","?","?","$","M","R","E","M","T","?","?","E"],"build_version":"2019-01-23","purchased_purges":3,"victory":false,"max_hp_per_floor":[80,80,80,80,80,80,80,80,80,80,80,80,80,80,80,80,80,80,80,80,80,80,80,80,80,80,80,80,80,80,80,80,80,80,80,80,80,80,80,80,80,80,80,80,80,80],"card_choices":[{"not_picked":["Wild Strike","Barrage"],"picked":"Shrug It Off","floor":1},{"not_picked":["Gash","Cold Snap"],"picked":"Distraction","floor":4},{"not_picked":["Ghostly Armor","Concentrate"],"picked":"Masterful Stab","floor":7},{"not_picked":["Flex","Anger"],"picked":"Cloak And Dagger","floor":8},{"not_picked":["Rampage","Ball Lightning"],"picked":"Go for the Eyes","floor":11},{"not_picked":["Body Slam","Expertise","PiercingWail"],"picked":"SKIP","floor":13},{"not_picked":["Anger","Bullet Time","Pummel"],"picked":"SKIP","floor":14},{"not_picked":["Tools of the Trade","Fission"],"picked":"Echo Form","floor":16},{"not_picked":["Rebound","Cold Snap"],"picked":"Burning Pact","floor":18},{"not_picked":["Sucker Punch","Endless Agony"],"picked":"Deadly Poison","floor":20},{"not_picked":["True Grit+1","Bloodletting+1"],"picked":"Combust+1","floor":23},{"not_picked":["Entrench+1","Go for the Eyes","Anger+1"],"picked":"SKIP","floor":28},{"not_picked":["Havoc+1","Chill+1"],"picked":"Armaments+1","floor":29},{"not_picked":["Calculated Gamble+1","Thunderclap","Dark Embrace"],"picked":"SKIP","floor":30},{"not_picked":["Blizzard+1","Fission+1"],"picked":"Havoc+1","floor":31},{"not_picked":["Immolate","After Image"],"picked":"Corpse Explosion+1","floor":33},{"not_picked":["Warcry+1","Quick Slash"],"picked":"Havoc+1","floor":35},{"not_picked":["PanicButton+1","Bandage Up+1"],"picked":"Good Instincts+1","floor":36},{"not_picked":["Deflect+1","Sword Boomerang"],"picked":"Conserve Battery+1","floor":39},{"not_picked":["Havoc+1","Lockon"],"picked":"Backflip+1","floor":40},{"not_picked":["BootSequence+1","Combust+1"],"picked":"Beam Cell+1","floor":41},{"not_picked":["Reprogram+1","Steam+1"],"picked":"Armaments+1","floor":42}],"player_experience":1015109,"relics_obtained":[{"floor":7,"key":"Gremlin Horn"},{"floor":9,"key":"Smiling Mask"},{"floor":24,"key":"PreservedInsect"},{"floor":26,"key":"Sundial"},{"floor":28,"key":"Oddly Smooth Stone"},{"floor":31,"key":"Dream Catcher"},{"floor":41,"key":"Nunchaku"},{"floor":43,"key":"Ancient Tea Set"},{"floor":44,"key":"Gambling Chip"}],"event_choices":[{"damage_healed":0,"gold_gain":0,"player_choice":"Take Damage","damage_taken":20,"relics_obtained":["Golden Idol"],"max_hp_gain":0,"max_hp_loss":0,"event_name":"Golden Idol","floor":2,"gold_loss":0},{"damage_healed":0,"gold_gain":175,"player_choice":"AGREE","damage_taken":0,"max_hp_gain":0,"max_hp_loss":0,"event_name":"Liars Game","floor":3,"gold_loss":0,"cards_obtained":["Doubt"]},{"damage_healed":0,"gold_gain":0,"cards_transformed":["Warcry"],"player_choice":"Transformed","damage_taken":0,"max_hp_gain":0,"max_hp_loss":0,"event_name":"Transmorgrifier","floor":5,"gold_loss":0,"cards_obtained":["Echo Form"]},{"damage_healed":0,"gold_gain":0,"player_choice":"Entered Light","damage_taken":16,"max_hp_gain":0,"max_hp_loss":0,"event_name":"Shining Light","floor":10,"gold_loss":0,"cards_upgraded":["Twin Strike","Chill"]},{"damage_healed":0,"gold_gain":0,"player_choice":"Read","damage_taken":0,"max_hp_gain":0,"max_hp_loss":0,"event_name":"The Library","floor":19,"gold_loss":0,"cards_obtained":["Armaments"]},{"damage_healed":0,"gold_gain":0,"player_choice":"Forge","damage_taken":0,"max_hp_gain":0,"max_hp_loss":0,"event_name":"Accursed Blacksmith","floor":22,"gold_loss":0,"cards_upgraded":["Armaments"]},{"damage_healed":0,"gold_gain":0,"player_choice":"Obtained Relic","damage_taken":0,"relics_obtained":["Centennial Puzzle"],"max_hp_gain":0,"max_hp_loss":0,"event_name":"Addict","floor":25,"gold_loss":85},{"damage_healed":0,"gold_gain":0,"player_choice":"2 cards matched","damage_taken":0,"max_hp_gain":0,"max_hp_loss":0,"event_name":"Match and Keep!","floor":27,"gold_loss":0,"cards_obtained":["Beam Cell","Bash"]},{"damage_healed":0,"gold_gain":0,"player_choice":"Memory 1","damage_taken":0,"max_hp_gain":0,"max_hp_loss":0,"event_name":"SensoryStone","floor":36,"gold_loss":0},{"cards_removed":["Deflect"],"damage_healed":0,"gold_gain":0,"player_choice":"Removed Skill","damage_taken":0,"max_hp_gain":0,"max_hp_loss":0,"event_name":"Falling","floor":37,"gold_loss":0},{"damage_healed":0,"gold_gain":0,"player_choice":"Fight","damage_taken":0,"max_hp_gain":0,"max_hp_loss":0,"event_name":"Mysterious Sphere","floor":44,"gold_loss":0}],"is_beta":false,"boss_relics":[{"not_picked":["Mark of Pain","Runic Dome"],"picked":"Velvet Choker"},{"not_picked":["Busted Crown","Calling Bell"],"picked":"Astrolabe"}],"items_purged_floors":[21,38,45],"is_endless":false,"potions_floor_spawned":[4,8,11,18,23,28,33,35,41],"killed_by":"Nemesis","ascension_level":0}