{"gold_per_floor":[215,2,13,13,13,13,37,78,78,78,114,114,114,127,127,248,248,273,273,287,187,207,207,240,240,240,278,292,312,348,366,366,497,560,584,598,598,616,198,229,229,247,327,327,40,84,84,100,100,100,100,100,50,90,90],"floor_reached":56,"playtime":5443,"items_purged":["Strike_R","Strike_R","Strike_R","Strike_R"],"score":1844,"play_id":"aa07519b-fe44-4e7f-aa9a-49f495dc5945","local_time":"20190413024759","is_ascension_mode":true,"campfire_choices":[{"data":"Uppercut","floor":6,"key":"SMITH"},{"floor":10,"key":"REST"},{"data":"Immolate","floor":12,"key":"SMITH"},{"floor":15,"key":"REST"},{"data":"True Grit","floor":23,"key":"SMITH"},{"floor":25,"key":"DIG"},{"floor":32,"key":"DIG"},{"floor":41,"key":"RECALL"},{"floor":47,"key":"DIG"},{"floor":49,"key":"DIG"},{"floor":52,"key":"DIG"}],"neow_cost":"NONE","seed_source_timestamp":2498353376291949,"circlet_count":0,"master_deck":["Strike_R","Defend_R+1","Defend_R","Defend_R","Defend_R","Bash","True Grit+1","Immolate+1","Uppercut+1","Feed","Iron Wave+1","True Grit+1","Offering+1","Reaper","Flame Barrier+1","Demon Form+1","Battle Trance+1","Ghostly Armor+1","Corruption+1","Pommel Strike+1","Disarm+1","Sentinel+1","Shrug It Off+1","Madness+1","Madness+1","Exhume+1","True Grit+1","Juggernaut","Feel No Pain+1"],"relics":["Burning Blood","Golden Idol","Sundial","Toxic Egg 2","Dead Branch","Mark of Pain","Juzu Bracelet","Shovel","Boot","Mercury Hourglass","Self Forming Clay","Regal Pillow","Paper Frog","Tiny House","Unceasing Top","Bag of Preparation","Incense Burner","Bottled Flame","Happy Flower","Bottled Lightning","Dodecahedron"],"potions_floor_usage":[11,11,16,24,29,33,33,38,50,55,55],"damage_taken":[{"damage":10,"enemies":"Cultist","floor":1,"turns":5},{"damage":4,"enemies":"2 Louse","floor":3,"turns":2},{"damage":1,"enemies":"Small Slimes","floor":7,"turns":3},{"damage":30,"enemies":"Gremlin Nob","floor":8,"turns":4},{"damage":32,"enemies":"Lagavulin","floor":11,"turns":7},{"damage":3,"enemies":"Looter","floor":14,"turns":3},{"damage":21,"enemies":"Hexaghost","floor":16,"turns":9},{"damage":7,"enemies":"Shell Parasite","floor":18,"turns":2},{"damage":12,"enemies":"2 Thieves","floor":20,"turns":3},{"damage":19,"enemies":"Chosen and Byrds","floor":22,"turns":6},{"damage":23,"enemies":"Gremlin Leader","floor":24,"turns":4},{"damage":41,"enemies":"Slavers","floor":27,"turns":3},{"damage":12,"enemies":"Shelled Parasite and Fungi","floor":28,"turns":2},{"damage":9,"enemies":"Sentry and Sphere","floor":29,"turns":4},{"damage":6,"enemies":"Gremlin Leader","floor":30,"turns":4},{"damage":4,"enemies":"Snake Plant","floor":31,"turns":4},{"damage":6,"enemies":"Automaton","floor":33,"turns":8},{"damage":0,"enemies":"3 Darklings","floor":35,"turns":4},{"damage":0,"enemies":"Orb Walker","floor":36,"turns":2},{"damage":6,"enemies":"Jaw Worm Horde","floor":38,"turns":3},{"damage":10,"enemies":"Giant Head","floor":40,"turns":3},{"damage":0,"enemies":"Spire Growth","floor":42,"turns":3},{"damage":7,"enemies":"Reptomancer","floor":46,"turns":3},{"damage":12,"enemies":"Transient","floor":48,"turns":5},{"damage":41,"enemies":"Time Eater","floor":50,"turns":7},{"damage":6,"enemies":"Shield and Spear","floor":54,"turns":1},{"damage":35,"enemies":"The Heart","floor":55,"turns":6}],"seed_played":"-7029903850296487871","potions_obtained":[{"floor":3,"key":"Dexterity Potion"},{"floor":7,"key":"Ancient Potion"},{"floor":14,"key":"GamblersBrew"},{"floor":16,"key":"Poison Potion"},{"floor":22,"key":"AttackPotion"},{"floor":24,"key":"Fire Potion"},{"floor":28,"key":"Energy Potion"},{"floor":29,"key":"SpeedPotion"},{"floor":31,"key":"SteroidPotion"},{"floor":34,"key":"SkillPotion"},{"floor":38,"key":"BloodPotion"},{"floor":40,"key":"Block Potion"},{"floor":54,"key":"LiquidBronze"}],"is_trial":false,"path_per_floor":["M","$","M","$","?","R","M","E","T","R","E","R","?","M","R","B",null,"M","?","M","$","M","R","E","R","T","E","M","M","E","M","R","B",null,"M","M","?","M","$","E","R","M","T","?","$","E","R","M","R","B",null,"R","$","E","B",null],"character_chosen":"IRONCLAD","items_purchased":["Immolate","Unceasing Top","Juggernaut","Weak Potion"],"campfire_rested":2,"item_purchase_floors":[2,39,45,53],"current_hp_per_floor":[68,68,70,70,50,50,55,31,31,55,29,29,13,16,40,25,66,68,68,73,73,68,68,65,65,65,49,52,58,76,86,86,86,102,106,106,93,106,106,105,105,112,112,112,112,111,111,105,105,83,105,105,105,112,107],"gold":90,"neow_bonus":"HUNDRED_GOLD","is_prod":false,"is_daily":false,"chose_seed":false,"campfire_upgraded":3,"win_rate":0,"timestamp":1555087679,"path_taken":["M","$","M","?","?","R","M","E","T","R","E","R","?","M","R","BOSS","M","?","M","$","M","R","E","R","T","E","M","M","E","M","R","BOSS","M","M","?","M","$","E","R","M","T","?","?","E","R","M","R","BOSS","R","$","E","BOSS"],"build_version":"2019-01-23","purchased_purges":4,"victory":true,"max_hp_per_floor":[80,80,80,80,80,80,80,80,80,80,80,80,80,80,80,80,80,83,83,86,86,86,86,86,86,86,89,92,95,98,101,101,101,106,106,106,106,106,106,109,109,112,112,112,112,112,112,112,112,112,112,112,112,112,115],"card_choices":[{"not_picked":["Sword Boomerang","Bloodletting"],"picked":"True Grit","floor":1},{"not_picked":["Pommel Strike","Havoc"],"picked":"Uppercut","floor":3},{"not_picked":["Warcry","Iron Wave"],"picked":"Feed","floor":7},{"not_picked":["Havoc","Flex"],"picked":"Iron Wave","floor":8},{"not_picked":["Power Through+1","Clothesline"],"picked":"True Grit+1","floor":11},{"not_picked":["Flame Barrier+1","Perfected Strike"],"picked":"Offering+1","floor":14},{"not_picked":["Bludgeon","Impervious+1"],"picked":"Reaper","floor":16},{"not_picked":["Thunderclap","Headbutt"],"picked":"Flame Barrier+1","floor":18},{"not_picked":["Whirlwind","Carnage","Anger"],"picked":"SKIP","floor":20},{"not_picked":["Heavy Blade+1","Burning Pact+1","Twin Strike"],"picked":"SKIP","floor":22},{"not_picked":["Offering+1","Thunderclap"],"picked":"Demon Form","floor":24},{"not_picked":["Sever Soul","Heavy Blade"],"picked":"Battle Trance+1","floor":27},{"not_picked":["Rage+1","Perfected Strike"],"picked":"Ghostly Armor+1","floor":28},{"not_picked":["Warcry+1","Armaments+1"],"picked":"Corruption","floor":29},{"not_picked":["Armaments+1","Power Through+1"],"picked":"Pommel Strike+1","floor":30},{"not_picked":["Headbutt","Anger"],"picked":"Disarm+1","floor":31},{"not_picked":["Cleave","Flex+1"],"picked":"Sentinel+1","floor":35},{"not_picked":["Twin Strike+1","Thunderclap"],"picked":"Shrug It Off+1","floor":36},{"not_picked":["Rupture+1","Anger","Clothesline+1"],"picked":"SKIP","floor":38},{"not_picked":["Headbutt","Double Tap+1"],"picked":"Exhume+1","floor":40},{"not_picked":["Heavy Blade+1","Anger"],"picked":"True Grit+1","floor":42},{"not_picked":["Clash+1","Brutality","Thunderclap"],"picked":"SKIP","floor":46},{"not_picked":["Heavy Blade","Metallicize+1","Warcry+1"],"picked":"SKIP","floor":48},{"not_picked":["Disarm+1","Limit Break+1"],"picked":"Feel No Pain+1","floor":54}],"player_experience":496159,"relics_obtained":[{"floor":8,"key":"Sundial"},{"floor":9,"key":"Toxic Egg 2"},{"floor":11,"key":"Dead Branch"},{"floor":24,"key":"Shovel"},{"floor":25,"key":"Boot"},{"floor":26,"key":"Mercury Hourglass"},{"floor":27,"key":"Self Forming Clay"},{"floor":30,"key":"Regal Pillow"},{"floor":32,"key":"Paper Frog"},{"floor":40,"key":"Bag of Preparation"},{"floor":46,"key":"Incense Burner"},{"floor":47,"key":"Bottled Flame"},{"floor":49,"key":"Happy Flower"},{"floor":52,"key":"Bottled Lightning"},{"floor":54,"key":"Dodecahedron"}],"event_choices":[{"damage_healed":0,"gold_gain":0,"player_choice":"Take Damage","damage_taken":20,"relics_obtained":["Golden Idol"],"max_hp_gain":0,"max_hp_loss":0,"event_name":"Golden Idol","floor":5,"gold_loss":0},{"damage_healed":0,"gold_gain":0,"player_choice":"Entered Light","damage_taken":16,"max_hp_gain":0,"max_hp_loss":0,"event_name":"Shining Light","floor":13,"gold_loss":0,"cards_upgraded":["Defend_R","Iron Wave"]},{"damage_healed":0,"gold_gain":0,"player_choice":"Gave Potion","damage_taken":0,"relics_obtained":["Juzu Bracelet"],"max_hp_gain":0,"max_hp_loss":0,"event_name":"WeMeetAgain","floor":19,"gold_loss":0},{"damage_healed":0,"gold_gain":0,"player_choice":"Embrace Madness","damage_taken":13,"max_hp_gain":0,"max_hp_loss":0,"event_name":"Winding Halls","floor":37,"gold_loss":0,"cards_obtained":["Madness","Madness"]},{"damage_healed":0,"gold_gain":0,"player_choice":"Forge","damage_taken":0,"max_hp_gain":0,"max_hp_loss":0,"event_name":"Accursed Blacksmith","floor":44,"gold_loss":0,"cards_upgraded":["Corruption"]}],"is_beta":false,"boss_relics":[{"not_picked":["Velvet Choker","Pandora\u0027s Box"],"picked":"Mark of Pain"},{"not_picked":["Orrery","Lizard Tail"],"picked":"Tiny House"}],"items_purged_floors":[2,21,39,45],"is_endless":false,"potions_floor_spawned":[3,7,14,16,22,24,28,29,31,38,40,54],"ascension_level":7}