{"gold_per_floor":[114,114,114,130,19,19,44,44,68,111,131,165,240,140,140,270,270,288,288,288,303,318,318,243,368,368,368,404,129,129,153,153,274,274,299,227,251,4,22,60,81,81,81,101,134,134,134,154,154,154],"floor_reached":51,"playtime":6767,"items_purged":["Pain","Strike_B","Strike_B+1"],"score":751,"play_id":"de911024-3765-4a3d-a98f-738d185babad","local_time":"20190419230259","is_ascension_mode":true,"campfire_choices":[{"floor":6,"key":"REST"},{"data":"Zap","floor":8,"key":"SMITH"},{"floor":15,"key":"REST"},{"data":"Fission","floor":23,"key":"SMITH"},{"data":"Sunder","floor":27,"key":"SMITH"},{"floor":30,"key":"REST"},{"data":"Dualcast","floor":32,"key":"SMITH"},{"data":"Thunder Strike","floor":42,"key":"SMITH"},{"data":"Defragment","floor":46,"key":"SMITH"},{"data":"Rainbow","floor":49,"key":"SMITH"}],"neow_cost":"CURSE","seed_source_timestamp":24432363314403,"circlet_count":0,"master_deck":["Defend_B+1","Defend_B","Defend_B","Defend_B","Zap+1","Dualcast+1","Thunder Strike+1","Hologram","Self Repair","Loop","Electrodynamics","Sunder+1","Fission+1","Seek","Static Discharge+1","Glacier","Amplify","Cold Snap","Coolheaded+1","Conserve Battery+1","Rainbow+1","Ball Lightning","Self Repair","Redo+1","Defragment+1","Echo Form","Chaos","Auto Shields+1","Turbo+1"],"relics":["Cracked Core","Golden Idol","Happy Flower","Torii","Symbiotic Virus","Sozu","Enchiridion","Thread and Needle","Letter Opener","Ornamental Fan","Lantern","DataDisk","Orrery","Pantograph","Pear","Nunchaku","Mummified Hand"],"potions_floor_usage":[10,12],"damage_taken":[{"damage":7,"enemies":"Jaw Worm","floor":1,"turns":3},{"damage":1,"enemies":"Small Slimes","floor":4,"turns":3},{"damage":0,"enemies":"Cultist","floor":7,"turns":3},{"damage":22,"enemies":"Lagavulin","floor":10,"turns":5},{"damage":0,"enemies":"Large Slime","floor":11,"turns":3},{"damage":20,"enemies":"3 Sentries","floor":12,"turns":5},{"damage":12,"enemies":"Slime Boss","floor":16,"turns":6},{"damage":1,"enemies":"Spheric Guardian","floor":18,"turns":3},{"damage":0,"enemies":"3 Byrds","floor":21,"turns":1},{"damage":7,"enemies":"Snecko","floor":22,"turns":3},{"damage":1,"enemies":"Colosseum Slavers","floor":25,"turns":3},{"damage":27,"enemies":"Colosseum Nobs","floor":25,"turns":4},{"damage":30,"enemies":"Slavers","floor":28,"turns":4},{"damage":9,"enemies":"Snake Plant","floor":31,"turns":2},{"damage":10,"enemies":"Automaton","floor":33,"turns":8},{"damage":0,"enemies":"Orb Walker","floor":35,"turns":2},{"damage":1,"enemies":"3 Darklings","floor":37,"turns":3},{"damage":0,"enemies":"4 Shapes","floor":39,"turns":2},{"damage":13,"enemies":"Reptomancer","floor":40,"turns":5},{"damage":0,"enemies":"Sphere and 2 Shapes","floor":41,"turns":2},{"damage":15,"enemies":"Spire Growth","floor":44,"turns":4},{"damage":32,"enemies":"Nemesis","floor":45,"turns":5},{"damage":1,"enemies":"3 Darklings","floor":48,"turns":3},{"damage":66,"enemies":"Awakened One","floor":50,"turns":10}],"seed_played":"-4088724276247228757","potions_obtained":[{"floor":4,"key":"Energy Potion"},{"floor":11,"key":"Strength Potion"}],"is_trial":false,"path_per_floor":["?","?","?","$","?","?","M","?","?","$","?"],"character_chosen":"DEFECT","items_purchased":["Loop","DataDisk","Defragment","Pantograph"],"campfire_rested":3,"item_purchase_floors":[5,29,36,38],"current_hp_per_floor":[68,50,35,34,34,56,63,63,63,48,55,42,31,31,53,48,75,75,59,59,59,59,59,59,45,45,45,29,29,51,42,42,39,75,75,75,75,75,75,85,85,85,85,70,52,52,52,51,51,24],"gold":154,"neow_bonus":"THREE_RARE_CARDS","is_prod":false,"is_daily":false,"chose_seed":false,"campfire_upgraded":7,"win_rate":0,"timestamp":1555729379,"path_taken":["M","?","?","M","$","R","M","R","T","E","M","E","?","?","R","BOSS","M","?","?","?","M","R","?","?","T","R","E","?","R","M","R","BOSS","M","$","M","$","M","E","M","R","T","M","E","R","?","M","R","BOSS"],"build_version":"2019-01-23","purchased_purges":3,"victory":true,"max_hp_per_floor":[75,75,75,75,75,75,75,75,75,75,75,75,75,75,75,75,75,75,75,75,75,75,75,75,75,75,75,75,75,75,75,75,75,75,75,75,75,75,75,85,85,85,85,85,85,85,85,85,85,85],"card_choices":[{"not_picked":["Meteor Strike","Buffer"],"picked":"Thunder Strike","floor":0},{"not_picked":["Steam Power","Stack"],"picked":"Hologram","floor":1},{"not_picked":["Beam Cell","Leap"],"picked":"Self Repair","floor":4},{"not_picked":["Beam Cell","Coolheaded"],"picked":"Electrodynamics","floor":7},{"not_picked":["Hologram","Recycle"],"picked":"Sunder","floor":10},{"not_picked":["Lockon","Compile Driver","Stack"],"picked":"SKIP","floor":11},{"not_picked":["Coolheaded","Double Energy"],"picked":"Fission","floor":12},{"not_picked":["Core Surge","Meteor Strike"],"picked":"Seek","floor":16},{"not_picked":["Ball Lightning","Beam Cell"],"picked":"Static Discharge+1","floor":18},{"not_picked":["Rebound","Melter+1"],"picked":"Glacier","floor":21},{"not_picked":["Gash","Go for the Eyes"],"picked":"Amplify","floor":22},{"not_picked":["Beam Cell","Barrage"],"picked":"Cold Snap","floor":25},{"not_picked":["Static Discharge","Double Energy"],"picked":"Coolheaded+1","floor":28},{"not_picked":["Genetic Algorithm","Hyperbeam"],"picked":"Conserve Battery+1","floor":31},{"not_picked":["Thunder Strike","Multi-Cast"],"picked":"Rainbow","floor":33},{"not_picked":["Beam Cell","Rebound+1"],"picked":"Ball Lightning","floor":34},{"not_picked":["Leap+1","Turbo"],"picked":"Self Repair","floor":34},{"not_picked":["Turbo","Conserve Battery"],"picked":"Redo+1","floor":35},{"not_picked":["Recycle+1","Heatsinks"],"picked":"Echo Form","floor":37},{"not_picked":["Turbo+1","Steam"],"picked":"Chaos","floor":39},{"not_picked":["Gash+1","Sweeping Beam+1","Turbo"],"picked":"SKIP","floor":40},{"not_picked":["Beam Cell","Loop"],"picked":"Auto Shields+1","floor":41},{"not_picked":["Leap","Sweeping Beam+1","Stack+1"],"picked":"SKIP","floor":44},{"not_picked":["Barrage","Consume"],"picked":"Heatsinks+1","floor":45},{"not_picked":["Streamline","Biased Cognition"],"picked":"Turbo+1","floor":48}],"player_experience":202659,"relics_obtained":[{"floor":9,"key":"Happy Flower"},{"floor":10,"key":"Torii"},{"floor":12,"key":"Symbiotic Virus"},{"floor":19,"key":"Enchiridion"},{"floor":25,"key":"Thread and Needle"},{"floor":25,"key":"Letter Opener"},{"floor":26,"key":"Ornamental Fan"},{"floor":28,"key":"Lantern"},{"floor":40,"key":"Pear"},{"floor":43,"key":"Nunchaku"},{"floor":45,"key":"Mummified Hand"}],"event_choices":[{"damage_healed":0,"gold_gain":0,"player_choice":"Take Damage","damage_taken":18,"relics_obtained":["Golden Idol"],"max_hp_gain":0,"max_hp_loss":0,"event_name":"Golden Idol","floor":2,"gold_loss":0},{"damage_healed":0,"gold_gain":0,"player_choice":"Entered Light","damage_taken":15,"max_hp_gain":0,"max_hp_loss":0,"event_name":"Shining Light","floor":3,"gold_loss":0,"cards_upgraded":["Defend_B","Strike_B"]},{"damage_healed":0,"gold_gain":75,"player_choice":"Gather Gold","damage_taken":11,"max_hp_gain":0,"max_hp_loss":0,"event_name":"World of Goop","floor":13,"gold_loss":0},{"damage_healed":0,"gold_gain":0,"player_choice":"Obtained Book","damage_taken":16,"max_hp_gain":0,"max_hp_loss":0,"event_name":"Cursed Tome","floor":19,"gold_loss":0},{"cards_removed":["Strike_B"],"damage_healed":0,"gold_gain":0,"player_choice":"Card Removal","damage_taken":0,"max_hp_gain":0,"max_hp_loss":0,"event_name":"Wheel of Change","floor":20,"gold_loss":0},{"cards_removed":["Strike_B"],"damage_healed":0,"gold_gain":0,"player_choice":"Gave Gold","damage_taken":0,"max_hp_gain":0,"max_hp_loss":0,"event_name":"Beggar","floor":24,"gold_loss":75},{"damage_healed":0,"gold_gain":0,"player_choice":"Fight","damage_taken":0,"max_hp_gain":0,"max_hp_loss":0,"event_name":"Colosseum","floor":25,"gold_loss":0},{"damage_healed":0,"gold_gain":0,"player_choice":"Fought Nobs","damage_taken":0,"max_hp_gain":0,"max_hp_loss":0,"event_name":"Colosseum","floor":25,"gold_loss":0},{"cards_removed":["Heatsinks"],"damage_healed":0,"gold_gain":0,"player_choice":"Removed Power","damage_taken":0,"max_hp_gain":0,"max_hp_loss":0,"event_name":"Falling","floor":47,"gold_loss":0}],"is_beta":false,"boss_relics":[{"not_picked":["Empty Cage","Lizard Tail"],"picked":"Sozu"},{"not_picked":["Fusion Hammer","FrozenCore"],"picked":"Orrery"}],"items_purged_floors":[5,14,29],"is_endless":false,"potions_floor_spawned":[4,11,21,22,31,41,45,48],"ascension_level":2}