{"gold_per_floor":[113,59,75,89,109,109,138,156,227,240,240,306,306,324,324,420,420,434,448,289,308,328,328,341,341,367,367,380,350,361,408,408,408],"floor_reached":33,"playtime":1658,"items_purged":["Strike_R"],"score":253,"play_id":"7055a306-ac46-4528-904b-4e03a81344d0","local_time":"20190317002646","is_ascension_mode":false,"campfire_choices":[{"data":"Uppercut","floor":6,"key":"SMITH"},{"data":"Spot Weakness","floor":11,"key":"SMITH"},{"data":"Shockwave","floor":15,"key":"SMITH"},{"data":"Armaments","floor":23,"key":"SMITH"},{"data":"Evolve","floor":25,"key":"SMITH"},{"data":"Pummel","floor":27,"key":"SMITH"},{"data":"Discovery","floor":32,"key":"SMITH"}],"neow_cost":"NONE","seed_source_timestamp":617398190213287,"circlet_count":0,"master_deck":["Strike_R","Strike_R","Strike_R","Strike_R","Defend_R","Defend_R","Defend_R","Defend_R","Bash","Spot Weakness+1","Pommel Strike","Pummel+1","Uppercut+1","Battle Trance","Dropkick","Shockwave+1","Feed","Armaments+1","Exhume","Discovery+1","Spot Weakness","Shrug It Off+1","Evolve+1"],"relics":["Velvet Choker"],"potions_floor_usage":[7,8,18,18,21,22,33,33,33],"damage_taken":[{"damage":0,"enemies":"Small Slimes","floor":1,"turns":3},{"damage":2,"enemies":"Jaw Worm","floor":3,"turns":3},{"damage":0,"enemies":"Cultist","floor":4,"turns":3},{"damage":3,"enemies":"Exordium Thugs","floor":5,"turns":3},{"damage":3,"enemies":"Lagavulin","floor":7,"turns":4},{"damage":0,"enemies":"Gremlin Gang","floor":8,"turns":2},{"damage":7,"enemies":"3 Louse","floor":10,"turns":3},{"damage":0,"enemies":"Blue Slaver","floor":14,"turns":1},{"damage":15,"enemies":"The Guardian","floor":16,"turns":9},{"damage":0,"enemies":"Chosen","floor":18,"turns":3},{"damage":2,"enemies":"Shell Parasite","floor":19,"turns":5},{"damage":23,"enemies":"Snake Plant","floor":21,"turns":3},{"damage":0,"enemies":"Cultist and Chosen","floor":22,"turns":4},{"damage":5,"enemies":"Chosen and Byrds","floor":24,"turns":5},{"damage":0,"enemies":"Snecko","floor":28,"turns":4},{"damage":0,"enemies":"Centurion and Healer","floor":30,"turns":5},{"damage":69,"enemies":"Champ","floor":33,"turns":10}],"seed_played":"-7879938362912979335","potions_obtained":[{"floor":1,"key":"Explosive Potion"},{"floor":5,"key":"Fire Potion"},{"floor":7,"key":"FearPotion"},{"floor":10,"key":"Explosive Potion"},{"floor":16,"key":"Block Potion"},{"floor":18,"key":"PowerPotion"},{"floor":19,"key":"BloodPotion"},{"floor":29,"key":"FearPotion"},{"floor":29,"key":"BloodPotion"},{"floor":30,"key":"Weak Potion"}],"is_trial":false,"path_per_floor":["M","$","M","M","M","R","E","M","T","M","R","?","?","M","R","B",null,"M","M","$","M","M","R","M","R","T","R","M","?","M","T","R","B"],"character_chosen":"IRONCLAD","items_purchased":["Pommel Strike","Discovery"],"campfire_rested":0,"item_purchase_floors":[2,20],"current_hp_per_floor":[80,80,78,78,75,75,72,72,72,65,65,65,65,65,65,50,80,80,78,78,58,61,61,56,56,56,56,56,56,59,59,59,0],"gold":408,"neow_bonus":"BOSS_RELIC","is_prod":false,"is_daily":false,"chose_seed":false,"campfire_upgraded":7,"win_rate":0,"timestamp":1552796806,"path_taken":["M","$","M","M","M","R","E","M","T","M","R","?","?","M","R","BOSS","M","M","$","M","M","R","M","R","T","R","M","?","?","?","R","BOSS"],"build_version":"2019-01-23","purchased_purges":1,"victory":false,"max_hp_per_floor":[80,80,80,80,80,80,80,80,80,80,80,80,80,80,80,80,80,80,80,80,83,86,86,86,86,86,86,86,86,89,89,89,89],"card_choices":[{"not_picked":["Power Through","Perfected Strike"],"picked":"Spot Weakness","floor":1},{"not_picked":["Clothesline","Thunderclap"],"picked":"Pummel","floor":3},{"not_picked":["Heavy Blade","Spot Weakness"],"picked":"Uppercut","floor":4},{"not_picked":["Perfected Strike","Warcry","Wild Strike"],"picked":"SKIP","floor":5},{"not_picked":["Thunderclap","Cleave"],"picked":"Battle Trance","floor":7},{"not_picked":["Perfected Strike","Cleave","Anger"],"picked":"SKIP","floor":8},{"not_picked":["Perfected Strike","Body Slam"],"picked":"Dropkick","floor":10},{"not_picked":["Headbutt","Havoc"],"picked":"Shockwave","floor":14},{"not_picked":["Brutality","Offering"],"picked":"Feed","floor":16},{"not_picked":["Ghostly Armor","Wild Strike"],"picked":"Armaments","floor":18},{"not_picked":["Sword Boomerang","Whirlwind"],"picked":"Exhume","floor":19},{"not_picked":["Warcry","Havoc"],"picked":"Spot Weakness","floor":21},{"not_picked":["True Grit+1","Evolve"],"picked":"Shrug It Off+1","floor":22},{"not_picked":["Iron Wave+1","Evolve","Entrench+1"],"picked":"SKIP","floor":24},{"not_picked":["Iron Wave+1","Entrench+1"],"picked":"Evolve","floor":24},{"not_picked":["Battle Trance","Havoc+1","Thunderclap+1"],"picked":"SKIP","floor":28},{"not_picked":["Reckless Charge","Clash","Wild Strike"],"picked":"SKIP","floor":30}],"player_experience":871750,"relics_obtained":[],"event_choices":[{"damage_healed":0,"gold_gain":66,"player_choice":"Gained Gold","damage_taken":0,"max_hp_gain":0,"max_hp_loss":0,"event_name":"Golden Wing","floor":12,"gold_loss":0},{"damage_healed":0,"gold_gain":0,"player_choice":"Fled","damage_taken":0,"max_hp_gain":0,"max_hp_loss":0,"event_name":"Scrap Ooze","floor":13,"gold_loss":0},{"damage_healed":0,"gold_gain":0,"player_choice":"Bought 2 Potions","damage_taken":0,"max_hp_gain":0,"max_hp_loss":0,"event_name":"The Woman in Blue","floor":29,"gold_loss":0}],"is_beta":false,"boss_relics":[{"not_picked":[]}],"items_purged_floors":[20],"is_endless":false,"potions_floor_spawned":[1,5,7,10,16,18,19,30],"killed_by":"Champ","ascension_level":0}