{"gold_per_floor":[144,144,219,219,219,219,144,144,144,242,340,389,389,139,139,464,464,513,562,562,267,117,245,95,193,193,193,291,291,340,340,340,665,665,714,164,164,164,164,262,262,262,312,312,410,508,95,95,95,95],"floor_reached":51,"playtime":6506,"items_purged":["Injury","Regret","Grand Finale+1"],"score":1137,"play_id":"a31c19a2-fc69-4068-bb70-37dbefdc9487","local_time":"20190211232933","daily_mods":["Shiny","Flight","Midas"],"is_ascension_mode":false,"campfire_choices":[{"floor":6,"key":"REST"},{"floor":8,"key":"REST"},{"data":"1","floor":13,"key":"LIFT"},{"data":"2","floor":15,"key":"LIFT"},{"data":"3","floor":32,"key":"LIFT"},{"floor":41,"key":"DIG"},{"floor":42,"key":"DIG"},{"floor":44,"key":"DIG"},{"floor":49,"key":"DIG"}],"neow_cost":"","seed_source_timestamp":0,"circlet_count":0,"master_deck":["Venomology+1","Corpse Explosion+1","Malaise+1","Phantasmal Killer+1","Die Die Die+1","Adrenaline+1","Doppelganger+1","Burst+1","Wraith Form v2+1","Night Terror+1","Unload+1","After Image+1","Bullet Time+1","Storm of Steel+1","Glass Knife+1","A Thousand Cuts+1","Poisoned Stab+1","Bullet Time+1","Concentrate+1","Flash of Steel+1","After Image+1","Poisoned Stab+1","Wraith Form v2+1"],"special_seed":17939,"relics":["Ring of the Snake","The Specimen","Golden Idol","Singing Bowl","Girya","Bottled Tornado","Mummified Hand","Black Star","Question Card","MealTicket","War Paint","Tiny Chest","Frozen Egg 2","Anchor","Pen Nib","PreservedInsect","Omamori","Thread and Needle","Ornamental Fan","Meat on the Bone","Calling Bell","Happy Flower","Toxic Egg 2","Calipers","Bottled Lightning","Medical Kit","Mark of the Bloom","Bottled Flame","Pear","Shovel","Mango","Juzu Bracelet","Oddly Smooth Stone","Potion Belt","Whetstone","Paper Crane","Dodecahedron","MawBank","Dream Catcher","Nunchaku","Ice Cream"],"potions_floor_usage":[18,23,28,30,30,33,40,46,46,50,50,50,50,50,50,50,50],"damage_taken":[{"damage":0,"enemies":"Cultist","floor":1,"turns":2},{"damage":2,"enemies":"3 Sentries","floor":10,"turns":5},{"damage":0,"enemies":"Gremlin Nob","floor":11,"turns":6},{"damage":0,"enemies":"Small Slimes","floor":12,"turns":1},{"damage":0,"enemies":"Slime Boss","floor":16,"turns":8},{"damage":10,"enemies":"Chosen","floor":18,"turns":3},{"damage":7,"enemies":"3 Byrds","floor":19,"turns":4},{"damage":0,"enemies":"Gremlin Leader","floor":23,"turns":3},{"damage":0,"enemies":"Slavers","floor":25,"turns":2},{"damage":0,"enemies":"Gremlin Leader","floor":28,"turns":4},{"damage":0,"enemies":"Snake Plant","floor":30,"turns":3},{"damage":27,"enemies":"Automaton","floor":33,"turns":7},{"damage":0,"enemies":"Orb Walker","floor":35,"turns":2},{"damage":0,"enemies":"Reptomancer","floor":40,"turns":3},{"damage":0,"enemies":"Giant Head","floor":45,"turns":4},{"damage":0,"enemies":"Nemesis","floor":46,"turns":5},{"damage":11,"enemies":"Time Eater","floor":50,"turns":13}],"seed_played":"1988086906776939641","potions_obtained":[{"floor":10,"key":"Explosive Potion"},{"floor":16,"key":"Poison Potion"},{"floor":18,"key":"FearPotion"},{"floor":30,"key":"FearPotion"},{"floor":35,"key":"SkillPotion"},{"floor":45,"key":"AttackPotion"}],"is_trial":false,"path_per_floor":["M","?","?","?","?","R","$","R","T","E","E","M","R","$","R","B",null,"M","M","?","$","$","E","$","E","T","T","E","?","M","?","R","B",null,"M","$","?","T","T","E","R","R","T","R","E","E","$","?","R","B",null],"character_chosen":"THE_SILENT","items_purchased":["Mummified Hand","MealTicket","Flash of Steel","War Paint","Anchor","Bottled Lightning","Medical Kit","Nunchaku"],"campfire_rested":2,"item_purchase_floors":[14,21,21,22,24,36,36,47],"current_hp_per_floor":[70,56,45,27,27,48,48,69,69,67,69,71,71,71,71,71,74,66,59,59,59,74,74,74,76,76,76,76,88,90,90,90,63,90,92,92,92,92,92,92,92,92,92,92,92,92,92,92,92,81],"gold":95,"neow_bonus":"","is_prod":false,"is_daily":true,"chose_seed":false,"campfire_upgraded":0,"win_rate":0,"timestamp":1549956573,"path_taken":["M","?","?","?","?","R","$","R","T","E","E","?","R","$","R","BOSS","M","?","?","$","$","E","?","E","T","?","E","?","?","?","R","BOSS","M","$","?","?","?","E","R","R","T","R","E","E","$","?","R","BOSS"],"build_version":"2019-01-23","purchased_purges":3,"victory":true,"max_hp_per_floor":[70,70,70,70,70,70,70,70,70,70,72,74,74,74,74,74,74,76,76,76,76,76,76,76,78,78,78,78,88,90,90,90,90,90,92,92,92,92,102,118,118,118,118,118,120,122,122,122,122,122],"card_choices":[{"not_picked":["Finisher","Footwork","Backflip"],"picked":"SKIP","floor":1},{"not_picked":["Bane","Blade Dance"],"picked":"Poisoned Stab","floor":10},{"not_picked":["Predator","Escape Plan","Flying Knee"],"picked":"Singing Bowl","floor":11},{"not_picked":["Slice","Dagger Spray","Flying Knee"],"picked":"Singing Bowl","floor":12},{"not_picked":["Unload","After Image"],"picked":"Bullet Time","floor":16},{"not_picked":["Poisoned Stab","Expertise","Crippling Poison"],"picked":"Singing Bowl","floor":18},{"not_picked":["Infinite Blades","Deflect"],"picked":"Concentrate+1","floor":19},{"not_picked":["Dodge and Roll","Blur","Quick Slash"],"picked":"After Image","floor":23},{"not_picked":["Eviscerate+1","Poisoned Stab","Skewer","Heel Hook+1"],"picked":"Singing Bowl","floor":25},{"not_picked":["Outmaneuver+1","Bane","Prepared+1"],"picked":"Poisoned Stab+1","floor":28},{"not_picked":["Setup+1","Accuracy+1","Dash+1","Reflex"],"picked":"Singing Bowl","floor":30},{"not_picked":["Doppelganger","A Thousand Cuts+1","Bullet Time"],"picked":"Wraith Form v2+1","floor":33},{"not_picked":["Quick Slash","Slice","Dagger Spray+1","Blur+1"],"picked":"Singing Bowl","floor":35},{"not_picked":["Blur+1","Acrobatics+1","PiercingWail+1","Poisoned Stab+1"],"picked":"Singing Bowl","floor":40},{"not_picked":["Dagger Spray+1","Catalyst+1","Dodge and Roll+1","Choke+1"],"picked":"Singing Bowl","floor":45},{"not_picked":["Eviscerate+1","Flying Knee","Prepared+1","Blade Dance+1"],"picked":"Singing Bowl","floor":46}],"player_experience":746074,"relics_obtained":[{"floor":9,"key":"Singing Bowl"},{"floor":10,"key":"Girya"},{"floor":11,"key":"Bottled Tornado"},{"floor":23,"key":"Tiny Chest"},{"floor":23,"key":"Frozen Egg 2"},{"floor":25,"key":"Pen Nib"},{"floor":25,"key":"PreservedInsect"},{"floor":26,"key":"Omamori"},{"floor":27,"key":"Thread and Needle"},{"floor":28,"key":"Ornamental Fan"},{"floor":28,"key":"Meat on the Bone"},{"floor":34,"key":"Happy Flower"},{"floor":34,"key":"Toxic Egg 2"},{"floor":34,"key":"Calipers"},{"floor":38,"key":"Bottled Flame"},{"floor":39,"key":"Pear"},{"floor":40,"key":"Shovel"},{"floor":40,"key":"Mango"},{"floor":41,"key":"Juzu Bracelet"},{"floor":42,"key":"Oddly Smooth Stone"},{"floor":43,"key":"Potion Belt"},{"floor":44,"key":"Whetstone"},{"floor":45,"key":"Paper Crane"},{"floor":45,"key":"Dodecahedron"},{"floor":46,"key":"MawBank"},{"floor":46,"key":"Dream Catcher"},{"floor":49,"key":"Ice Cream"}],"event_choices":[{"damage_healed":0,"gold_gain":0,"player_choice":"Entered Light","damage_taken":14,"max_hp_gain":0,"max_hp_loss":0,"event_name":"Shining Light","floor":2,"gold_loss":0,"cards_upgraded":["Corpse Explosion","Wraith Form v2"]},{"damage_healed":0,"gold_gain":75,"player_choice":"Gather Gold","damage_taken":11,"max_hp_gain":0,"max_hp_loss":0,"event_name":"World of Goop","floor":3,"gold_loss":0},{"damage_healed":0,"gold_gain":0,"player_choice":"Success","damage_taken":18,"relics_obtained":["The Specimen"],"max_hp_gain":0,"max_hp_loss":0,"event_name":"Scrap Ooze","floor":4,"gold_loss":0},{"damage_healed":0,"gold_gain":0,"player_choice":"Take Wound","damage_taken":0,"relics_obtained":["Golden Idol"],"max_hp_gain":0,"max_hp_loss":0,"event_name":"Golden Idol","floor":5,"gold_loss":0,"cards_obtained":["Injury"]},{"damage_healed":0,"gold_gain":0,"player_choice":"Opened","damage_taken":0,"relics_obtained":["Question Card"],"max_hp_gain":0,"max_hp_loss":0,"event_name":"The Mausoleum","floor":20,"gold_loss":0},{"cards_removed":["Envenom"],"damage_healed":2,"gold_gain":0,"player_choice":"Offered Rare","damage_taken":0,"max_hp_gain":10,"max_hp_loss":0,"event_name":"Bonfire Elementals","floor":29,"gold_loss":0},{"damage_healed":0,"gold_gain":0,"player_choice":"Ignored","damage_taken":0,"max_hp_gain":0,"max_hp_loss":0,"event_name":"Vampires","floor":31,"gold_loss":0},{"damage_healed":0,"gold_gain":0,"player_choice":"Upgrade","damage_taken":0,"relics_obtained":["Mark of the Bloom"],"max_hp_gain":0,"max_hp_loss":0,"event_name":"MindBloom","floor":37,"gold_loss":0,"cards_upgraded":["Phantasmal Killer","Die Die Die","Adrenaline","Doppelganger","Burst","Tools of the Trade","Night Terror","Unload","After Image","Bullet Time","Storm of Steel","Glass Knife","A Thousand Cuts","Grand Finale","Poisoned Stab","Bullet Time","Flash of Steel"]},{"cards_removed":["Tools of the Trade"],"damage_healed":0,"gold_gain":0,"player_choice":"Removed Power","damage_taken":0,"max_hp_gain":0,"max_hp_loss":0,"event_name":"Falling","floor":48,"gold_loss":0}],"is_beta":false,"boss_relics":[{"not_picked":["Ectoplasm","Empty Cage"],"picked":"Black Star"},{"not_picked":["Runic Dome","White Beast Statue"],"picked":"Calling Bell"}],"items_purged_floors":[7,36,47],"is_endless":false,"potions_floor_spawned":[10,16,18,28,30,35,45],"ascension_level":0}