{"gold_per_floor":[119,19,32,44,44,44,62,72,72,98,20,20,40,60,60,184,184,208,73,97,97,22,36,60,60,60,160,160,23,41,66,66,66],"floor_reached":33,"playtime":2085,"items_purged":["Pain","Pain"],"score":241,"play_id":"ba6ec3ba-951b-468f-80ae-243d3da05dbd","local_time":"20190324155155","is_ascension_mode":false,"campfire_choices":[{"floor":6,"key":"REST"},{"floor":15,"key":"REST"},{"floor":28,"key":"REST"},{"floor":32,"key":"REST"}],"neow_cost":"CURSE","seed_source_timestamp":7599360894316,"circlet_count":0,"master_deck":["Strike_B","Strike_B","Strike_B","Defend_B","Defend_B","Defend_B","Defend_B","Zap","Dualcast","Biased Cognition","Rebound","Conserve Battery","Conserve Battery","Chaos","Self Repair","Redo","Thunder Strike","Go for the Eyes","Electrodynamics","Coolheaded","Aggregate","Barrage","Iron Wave","Fission","Steam","Thunder Strike","Consume+1","Melter+1","Self Repair","Streamline+1"],"relics":["Cracked Core","WarpedTongs","Sundial","Juzu Bracelet","Golden Idol","Lizard Tail","Prayer Wheel","Girya"],"potions_floor_usage":[16,16,24,30,30,33,33],"damage_taken":[{"damage":11,"enemies":"Jaw Worm","floor":1,"turns":3},{"damage":0,"enemies":"Cultist","floor":3,"turns":3},{"damage":6,"enemies":"2 Louse","floor":4,"turns":3},{"damage":4,"enemies":"Looter","floor":7,"turns":4},{"damage":11,"enemies":"Gremlin Gang","floor":8,"turns":5},{"damage":8,"enemies":"Blue Slaver","floor":13,"turns":2},{"damage":11,"enemies":"Looter","floor":14,"turns":3},{"damage":19,"enemies":"Hexaghost","floor":16,"turns":6},{"damage":11,"enemies":"Spheric Guardian","floor":18,"turns":3},{"damage":20,"enemies":"2 Thieves","floor":20,"turns":3},{"damage":23,"enemies":"Shelled Parasite and Fungi","floor":23,"turns":6},{"damage":24,"enemies":"Snake Plant","floor":24,"turns":6},{"damage":38,"enemies":"3 Cultists","floor":30,"turns":4},{"damage":29,"enemies":"Centurion and Healer","floor":31,"turns":7},{"damage":54,"enemies":"Collector","floor":33,"turns":7}],"seed_played":"8484363152658764656","potions_obtained":[{"floor":1,"key":"LiquidBronze"},{"floor":4,"key":"Energy Potion"},{"floor":13,"key":"Fire Potion"},{"floor":16,"key":"Swift Potion"},{"floor":18,"key":"SneckoOil"},{"floor":30,"key":"Fruit Juice"},{"floor":31,"key":"Energy Potion"}],"is_trial":false,"path_per_floor":["?","M","T","?","?","?","?","?"],"character_chosen":"DEFECT","items_purchased":["Conserve Battery","Static Discharge","Aggregate","Thunder Strike"],"campfire_rested":4,"item_purchase_floors":[2,11,19,29],"current_hp_per_floor":[64,64,64,58,58,75,71,67,67,67,67,49,41,37,59,47,75,64,64,44,44,44,28,11,11,11,11,33,33,49,30,54,0],"gold":66,"neow_bonus":"THREE_RARE_CARDS","is_prod":false,"is_daily":false,"chose_seed":false,"campfire_upgraded":0,"win_rate":0.0,"timestamp":1553457115,"path_taken":["M","$","M","M","?","R","M","?","T","?","$","?","M","M","R","BOSS","M","$","M","?","?","M","M","?","T","?","R","$","M","M","R","BOSS"],"build_version":"2019-01-23","purchased_purges":2,"victory":false,"max_hp_per_floor":[75,75,75,75,75,75,75,75,75,75,75,75,75,75,75,75,75,75,75,75,75,75,75,75,75,75,75,75,75,80,80,80,80],"card_choices":[{"not_picked":["Thunder Strike","Amplify"],"picked":"Biased Cognition","floor":0},{"not_picked":["Force Field","Beam Cell"],"picked":"Rebound","floor":1},{"not_picked":["Streamline","Hologram"],"picked":"Conserve Battery","floor":3},{"not_picked":["Barrage","Stack"],"picked":"Chaos","floor":4},{"not_picked":["Sweeping Beam","Leap"],"picked":"Self Repair","floor":7},{"not_picked":["Conserve Battery","Barrage"],"picked":"Redo","floor":8},{"not_picked":["Compile Driver","Gash"],"picked":"Thunder Strike","floor":13},{"not_picked":["Compile Driver","Gash"],"picked":"Go for the Eyes","floor":14},{"not_picked":["Machine Learning","Reboot"],"picked":"Electrodynamics","floor":16},{"not_picked":["Cold Snap","Gash"],"picked":"Coolheaded","floor":18},{"not_picked":["Blizzard","Gash"],"picked":"Barrage","floor":20},{"not_picked":["Chill","Go for the Eyes"],"picked":"Fission","floor":23},{"not_picked":["Go for the Eyes+1","Streamline"],"picked":"Steam","floor":24},{"not_picked":["Stack+1","Chaos"],"picked":"Consume+1","floor":30},{"not_picked":["Hologram","Fusion"],"picked":"Melter+1","floor":30},{"not_picked":["Coolheaded","Redo"],"picked":"Self Repair","floor":31},{"not_picked":["Glacier+1","Hologram+1"],"picked":"Streamline+1","floor":31}],"player_experience":46068,"relics_obtained":[{"floor":9,"key":"Sundial"},{"floor":10,"key":"Juzu Bracelet"},{"floor":26,"key":"Girya"}],"event_choices":[{"damage_healed":0,"gold_gain":0,"player_choice":"Rummage","damage_taken":0,"relics_obtained":["WarpedTongs"],"max_hp_gain":0,"max_hp_loss":0,"event_name":"Accursed Blacksmith","floor":5,"gold_loss":0,"cards_obtained":["Pain"]},{"damage_healed":0,"gold_gain":0,"player_choice":"Take Damage","damage_taken":18,"relics_obtained":["Golden Idol"],"max_hp_gain":0,"max_hp_loss":0,"event_name":"Golden Idol","floor":12,"gold_loss":0},{"cards_removed":["Static Discharge"],"damage_healed":0,"gold_gain":0,"player_choice":"Took Card","damage_taken":0,"max_hp_gain":0,"max_hp_loss":0,"event_name":"NoteForYourself","floor":21,"gold_loss":0,"cards_obtained":["Iron Wave"]},{"cards_removed":["Strike_B"],"damage_healed":0,"gold_gain":0,"player_choice":"Gave Gold","damage_taken":0,"max_hp_gain":0,"max_hp_loss":0,"event_name":"Beggar","floor":22,"gold_loss":75},{"damage_healed":0,"gold_gain":0,"player_choice":"Opened","damage_taken":0,"relics_obtained":["Prayer Wheel"],"max_hp_gain":0,"max_hp_loss":0,"event_name":"The Mausoleum","floor":25,"gold_loss":0},{"damage_healed":0,"gold_gain":100,"player_choice":"Pray","damage_taken":0,"max_hp_gain":0,"max_hp_loss":0,"event_name":"Golden Shrine","floor":27,"gold_loss":0}],"is_beta":false,"boss_relics":[{"not_picked":["Calling Bell","Eternal Feather"],"picked":"Lizard Tail"}],"items_purged_floors":[2,19],"is_endless":false,"potions_floor_spawned":[1,4,13,16,18,30,31],"killed_by":"Collector","ascension_level":0}