{"gold_per_floor":[368,45,58,78,3,3,15,15,97,55,80,80,80,109,109,186,186,203,181,181],"floor_reached":20,"playtime":2033,"items_purged":["Injury"],"score":364,"play_id":"1583076f-cec1-41e1-a412-be1ecd9c51a5","local_time":"20190115005357","is_ascension_mode":true,"campfire_choices":[{"data":"Defragment","floor":6,"key":"SMITH"},{"data":"Barrage","floor":8,"key":"SMITH"},{"floor":12,"key":"REST"},{"data":"Reinforced Body","floor":15,"key":"SMITH"}],"neow_cost":"CURSE","seed_source_timestamp":388623926134613,"circlet_count":0,"master_deck":["AscendersBane","Strike_B","Strike_B","Strike_B","Strike_B","Defend_B","Defend_B","Defend_B+1","Defend_B","Zap","Dualcast","Defragment+1","Reinforced Body+1","Loop","Barrage+1","Sunder+1","Darkness+1","Glacier","Multi-Cast","Sweeping Beam+1","Ball Lightning+1"],"relics":["Cracked Core","Torii","Molten Egg 2","War Paint","The Courier","Inserter"],"potions_floor_usage":[7,14,16,19],"damage_taken":[{"damage":7,"enemies":"2 Louse","floor":1,"turns":2},{"damage":19,"enemies":"Jaw Worm","floor":3,"turns":4},{"damage":9,"enemies":"Small Slimes","floor":4,"turns":4},{"damage":3,"enemies":"Gremlin Gang","floor":7,"turns":4},{"damage":21,"enemies":"3 Sentries","floor":11,"turns":7},{"damage":7,"enemies":"Lagavulin","floor":14,"turns":6},{"damage":2,"enemies":"Hexaghost","floor":16,"turns":9},{"damage":8,"enemies":"Spheric Guardian","floor":18,"turns":4},{"damage":2,"enemies":"2 Thieves","floor":19,"turns":5},{"damage":52,"enemies":"Masked Bandits","floor":20,"turns":3}],"seed_played":"-2277918932407412739","potions_obtained":[{"floor":4,"key":"Fire Potion"},{"floor":11,"key":"Swift Potion"},{"floor":14,"key":"Energy Potion"},{"floor":18,"key":"SkillPotion"}],"is_trial":false,"path_per_floor":["M","$","M","M","$","R","M","R","T","$","E","R","?","E","R","B",null,"M","M","?"],"character_chosen":"DEFECT","items_purchased":["Torii","Sunder+1"],"campfire_rested":1,"item_purchase_floors":[2,10],"current_hp_per_floor":[57,57,38,29,29,29,26,26,26,26,5,26,26,19,19,17,58,50,48,0],"gold":181,"neow_bonus":"TWO_FIFTY_GOLD","is_prod":false,"is_daily":false,"chose_seed":false,"campfire_upgraded":3,"win_rate":0,"timestamp":1547510037,"path_taken":["M","$","M","M","$","R","M","R","T","$","E","R","?","E","R","BOSS","M","M","?"],"build_version":"2019-01-10","purchased_purges":1,"victory":false,"max_hp_per_floor":[71,71,71,71,71,71,71,71,71,71,71,71,71,71,71,71,71,71,71,71],"card_choices":[{"not_picked":["Cold Snap","Genetic Algorithm"],"picked":"Defragment","floor":1},{"not_picked":["Turbo","Cold Snap"],"picked":"Reinforced Body","floor":3},{"not_picked":["Force Field","Leap"],"picked":"Loop","floor":4},{"not_picked":["Streamline","Thunder Strike"],"picked":"Barrage","floor":7},{"not_picked":["Capacitor","Ball Lightning+1"],"picked":"Darkness","floor":11},{"not_picked":["Aggregate","Ball Lightning+1"],"picked":"Glacier","floor":14},{"not_picked":["Rainbow","All For One+1"],"picked":"Multi-Cast","floor":16},{"not_picked":["Streamline+1","Rebound+1"],"picked":"Sweeping Beam+1","floor":18},{"not_picked":["Barrage+1","Reprogram"],"picked":"Ball Lightning+1","floor":19}],"player_experience":429613,"relics_obtained":[{"floor":9,"key":"Molten Egg 2"},{"floor":11,"key":"War Paint"},{"floor":14,"key":"The Courier"}],"event_choices":[{"damage_healed":0,"gold_gain":0,"player_choice":"Ignored","damage_taken":0,"max_hp_gain":0,"max_hp_loss":0,"event_name":"Shining Light","floor":13,"gold_loss":0},{"damage_healed":0,"gold_gain":0,"player_choice":"Fought Bandits","damage_taken":0,"max_hp_gain":0,"max_hp_loss":0,"event_name":"Masked Bandits","floor":20,"gold_loss":0}],"is_beta":false,"boss_relics":[{"not_picked":["Sozu","Eternal Feather"],"picked":"Inserter"}],"items_purged_floors":[5],"is_endless":false,"potions_floor_spawned":[4,11,14,18],"killed_by":"Masked Bandits","ascension_level":20}