{"gold_per_floor":[116,37,51,61,72,72,100,100,145,156,182,182,192,206,206,277,277,291,291,308,308],"floor_reached":21,"playtime":1242,"items_purged":[],"score":542,"play_id":"6d10135b-2539-4da2-8c88-0dbe5e23909a","local_time":"20190407030540","is_ascension_mode":true,"campfire_choices":[{"data":"Survivor","floor":6,"key":"SMITH"},{"floor":8,"key":"REST"},{"floor":12,"key":"REST"},{"floor":15,"key":"REST"}],"neow_cost":"NONE","seed_source_timestamp":33785989747172,"circlet_count":0,"master_deck":["AscendersBane","Defend_G","Defend_G","Defend_G","Defend_G","Defend_G","Strike_G","Strike_G","Strike_G","Strike_G+1","Strike_G+1","Survivor+1","Neutralize","Quick Slash","Flying Knee","Noxious Fumes+1","PiercingWail","Dodge and Roll","Bane","Corpse Explosion","Calculated Gamble","Doppelganger","Dodge and Roll+1","Backflip"],"special_seed":0,"relics":["Ring of the Snake","Whetstone","Frozen Egg 2","Art of War","Ancient Tea Set","Calipers","Black Star"],"potions_floor_usage":[7,16,16],"damage_taken":[{"damage":6,"enemies":"Cultist","floor":1,"turns":5},{"damage":0,"enemies":"2 Louse","floor":3,"turns":3},{"damage":0,"enemies":"Small Slimes","floor":4,"turns":2},{"damage":13,"enemies":"Red Slaver","floor":5,"turns":5},{"damage":23,"enemies":"3 Sentries","floor":7,"turns":7},{"damage":14,"enemies":"Lots of Slimes","floor":10,"turns":5},{"damage":18,"enemies":"Lagavulin","floor":11,"turns":7},{"damage":0,"enemies":"Gremlin Gang","floor":13,"turns":1},{"damage":3,"enemies":"Blue Slaver","floor":14,"turns":6},{"damage":3,"enemies":"The Guardian","floor":16,"turns":9},{"damage":31,"enemies":"Chosen","floor":18,"turns":6},{"damage":9,"enemies":"3 Byrds","floor":20,"turns":3},{"damage":19,"enemies":"Snake Plant","floor":21,"turns":2}],"seed_played":"7480706086348972098","potions_obtained":[{"floor":5,"key":"AttackPotion"},{"floor":10,"key":"LiquidBronze"},{"floor":11,"key":"AttackPotion"}],"is_trial":false,"path_per_floor":["M","?","M","M","M","R","E","R","T","M","E","R","M","M","R","B",null,"M","?","M","M"],"character_chosen":"THE_SILENT","items_purchased":[],"campfire_rested":3,"item_purchase_floors":[],"current_hp_per_floor":[53,53,53,53,40,40,17,36,36,22,4,23,23,20,39,36,59,28,28,19,0],"gold":308,"neow_bonus":"RANDOM_COMMON_RELIC","is_prod":false,"is_daily":false,"chose_seed":false,"campfire_upgraded":1,"win_rate":0,"timestamp":1554620740,"path_taken":["M","?","M","?","M","R","E","R","T","M","E","R","M","M","R","BOSS","M","?","M","M"],"build_version":"2019-01-23","purchased_purges":0,"victory":false,"max_hp_per_floor":[66,66,66,66,66,66,66,66,66,66,66,66,66,66,66,66,66,66,66,66,66],"card_choices":[{"not_picked":["Backflip","Accuracy"],"picked":"Quick Slash","floor":1},{"not_picked":["Expertise","Acrobatics"],"picked":"Flying Knee","floor":3},{"not_picked":["Quick Slash","Dodge and Roll"],"picked":"Noxious Fumes+1","floor":4},{"not_picked":["Terror","Acrobatics"],"picked":"PiercingWail","floor":5},{"not_picked":["Dagger Throw","Finisher"],"picked":"Dodge and Roll","floor":7},{"not_picked":["Outmaneuver","Deflect"],"picked":"Bane","floor":10},{"not_picked":["Deadly Poison","Accuracy+1"],"picked":"Corpse Explosion","floor":11},{"not_picked":["Dagger Throw","Outmaneuver","Poisoned Stab"],"picked":"SKIP","floor":13},{"not_picked":["Cloak And Dagger","Bane"],"picked":"Calculated Gamble","floor":14},{"not_picked":["Night Terror","Storm of Steel"],"picked":"Doppelganger","floor":16},{"not_picked":["Deflect","Flying Knee+1"],"picked":"Dodge and Roll+1","floor":18},{"not_picked":["Dodge and Roll","Predator+1"],"picked":"Backflip","floor":20}],"player_experience":920238,"relics_obtained":[{"floor":7,"key":"Art of War"},{"floor":9,"key":"Ancient Tea Set"},{"floor":11,"key":"Calipers"}],"event_choices":[{"damage_healed":0,"gold_gain":0,"player_choice":"Paid Gold","damage_taken":0,"relics_obtained":["Frozen Egg 2"],"max_hp_gain":0,"max_hp_loss":0,"event_name":"WeMeetAgain","floor":2,"gold_loss":79},{"damage_healed":0,"gold_gain":0,"player_choice":"Ignored","damage_taken":0,"max_hp_gain":0,"max_hp_loss":0,"event_name":"Vampires","floor":19,"gold_loss":0}],"is_beta":false,"boss_relics":[{"not_picked":["Fusion Hammer","Ectoplasm"],"picked":"Black Star"}],"items_purged_floors":[],"is_endless":false,"potions_floor_spawned":[5,10,11],"killed_by":"Snake Plant","ascension_level":17}