{"gold_per_floor":[14,29,29,47,63,97,97,97,97,127,127,146,146,166,166,270,270,286,312,326,326,342,342,375,392,392,409,508,198,198],"floor_reached":30,"playtime":1585,"items_purged":[],"score":261,"play_id":"21108f23-c95f-4357-8899-bfcc3c647491","local_time":"20190331205906","is_ascension_mode":false,"campfire_choices":[{"floor":11,"key":"REST"},{"floor":13,"key":"RECALL"},{"data":"Rampage","floor":15,"key":"SMITH"},{"floor":23,"key":"REST"}],"neow_cost":"NO_GOLD","seed_source_timestamp":14182256282140,"circlet_count":0,"master_deck":["Strike_R","Strike_R","Strike_R","Strike_R","Strike_R","Defend_R","Defend_R","Defend_R","Defend_R","Bash","Rampage+1","Headbutt","Spot Weakness","Uppercut","True Grit","Flame Barrier","Cleave","Double Tap","Burning Pact","Shockwave","Flex","Flame Barrier","Dark Embrace","True Grit","Ghostly Armor","Carnage"],"relics":["Burning Blood","Gambling Chip","Potion Belt","Spirit Poop","Darkstone Periapt","Velvet Choker","Red Mask","Bottled Flame","Regal Pillow","Matryoshka","Strawberry"],"potions_floor_usage":[12,16,19,20,22,24,25,30],"damage_taken":[{"damage":0,"enemies":"Small Slimes","floor":1,"turns":3},{"damage":3,"enemies":"Jaw Worm","floor":2,"turns":4},{"damage":0,"enemies":"Cultist","floor":4,"turns":2},{"damage":1,"enemies":"Exordium Wildlife","floor":5,"turns":2},{"damage":30,"enemies":"Gremlin Nob","floor":6,"turns":4},{"damage":45,"enemies":"3 Sentries","floor":10,"turns":7},{"damage":7,"enemies":"Looter","floor":12,"turns":2},{"damage":1,"enemies":"2 Fungi Beasts","floor":14,"turns":4},{"damage":38,"enemies":"Hexaghost","floor":16,"turns":8},{"damage":5,"enemies":"Chosen","floor":18,"turns":3},{"damage":40,"enemies":"Masked Bandits","floor":19,"turns":5},{"damage":18,"enemies":"Spheric Guardian","floor":20,"turns":5},{"damage":11,"enemies":"Chosen and Byrds","floor":22,"turns":5},{"damage":26,"enemies":"Slavers","floor":24,"turns":5},{"damage":12,"enemies":"Shelled Parasite and Fungi","floor":25,"turns":5},{"damage":22,"enemies":"Centurion and Healer","floor":27,"turns":9},{"damage":15,"enemies":"Snecko","floor":30,"turns":2}],"seed_played":"-8357336596811244516","potions_obtained":[{"floor":5,"key":"Swift Potion"},{"floor":10,"key":"Poison Potion"},{"floor":12,"key":"Weak Potion"},{"floor":16,"key":"Weak Potion"},{"floor":18,"key":"Dexterity Potion"},{"floor":19,"key":"Poison Potion"},{"floor":22,"key":"Swift Potion"},{"floor":27,"key":"FearPotion"}],"is_trial":false,"path_per_floor":["?","?","?","T","?","M"],"character_chosen":"IRONCLAD","items_purchased":["Ghostly Armor","Strawberry","Carnage"],"campfire_rested":2,"item_purchase_floors":[29,29,29],"current_hp_per_floor":[80,80,80,80,80,56,76,76,76,37,60,59,59,64,64,32,77,77,43,31,31,26,49,29,23,23,7,7,14,0],"gold":198,"neow_bonus":"ONE_RARE_RELIC","is_prod":false,"is_daily":false,"chose_seed":false,"campfire_upgraded":1,"win_rate":0,"timestamp":1554080346,"path_taken":["M","M","$","M","M","E","?","?","T","E","R","M","R","M","R","BOSS","M","?","M","?","M","R","E","M","T","M","?","$","?"],"build_version":"2019-01-23","purchased_purges":0,"victory":false,"max_hp_per_floor":[80,80,80,80,80,80,80,77,77,77,77,77,77,77,77,77,77,77,77,77,77,77,77,77,77,77,77,77,84,84],"card_choices":[{"not_picked":["Iron Wave","Shockwave"],"picked":"Rampage","floor":1},{"not_picked":["Cleave","Thunderclap"],"picked":"Headbutt","floor":2},{"not_picked":["Pummel","Dropkick"],"picked":"Spot Weakness","floor":4},{"not_picked":["Intimidate","Pummel"],"picked":"Uppercut","floor":5},{"not_picked":["Fire Breathing","Blood for Blood","Warcry"],"picked":"SKIP","floor":6},{"not_picked":["Immolate","Rampage"],"picked":"True Grit","floor":10},{"not_picked":["Armaments","Heavy Blade"],"picked":"Flame Barrier","floor":12},{"not_picked":["Thunderclap","Wild Strike"],"picked":"Cleave","floor":14},{"not_picked":["Berserk","Immolate"],"picked":"Double Tap","floor":16},{"not_picked":["Havoc","Perfected Strike"],"picked":"Burning Pact","floor":18},{"not_picked":["Burning Pact","Pummel"],"picked":"Shockwave","floor":19},{"not_picked":["Anger","Twin Strike+1"],"picked":"Flex","floor":20},{"not_picked":["Anger+1","Searing Blow"],"picked":"Flame Barrier","floor":22},{"not_picked":["Intimidate","Armaments"],"picked":"Dark Embrace","floor":24},{"not_picked":["Hemokinesis","Thunderclap"],"picked":"True Grit","floor":25},{"not_picked":["Cleave","Headbutt+1","Sword Boomerang"],"picked":"SKIP","floor":27}],"player_experience":104421,"relics_obtained":[{"floor":6,"key":"Potion Belt"},{"floor":10,"key":"Darkstone Periapt"},{"floor":19,"key":"Red Mask"},{"floor":21,"key":"Bottled Flame"},{"floor":24,"key":"Regal Pillow"},{"floor":26,"key":"Matryoshka"}],"event_choices":[{"damage_healed":20,"gold_gain":0,"player_choice":"Healed and dodged fight","damage_taken":0,"max_hp_gain":0,"max_hp_loss":0,"event_name":"Mushrooms","floor":7,"gold_loss":0,"cards_obtained":["Parasite"]},{"cards_removed":["Parasite"],"damage_healed":0,"gold_gain":0,"player_choice":"Offered Curse","damage_taken":0,"relics_obtained":["Spirit Poop"],"max_hp_gain":0,"max_hp_loss":0,"event_name":"Bonfire Elementals","floor":8,"gold_loss":0},{"damage_healed":0,"gold_gain":0,"player_choice":"Fought Bandits","damage_taken":0,"max_hp_gain":0,"max_hp_loss":0,"event_name":"Masked Bandits","floor":19,"gold_loss":0},{"damage_healed":0,"gold_gain":99,"player_choice":"Stole From Cult","damage_taken":0,"max_hp_gain":0,"max_hp_loss":0,"event_name":"Nest","floor":28,"gold_loss":0}],"is_beta":false,"boss_relics":[{"not_picked":["Busted Crown","Black Star"],"picked":"Velvet Choker"}],"items_purged_floors":[],"is_endless":false,"potions_floor_spawned":[5,10,12,16,18,19,22,27],"killed_by":"Snecko","ascension_level":0}