{"gold_per_floor":[112,92,109,109,22,22,55,73,73,89,118,118,131,56,56,129,129,149,159,172,184,195,195,225,225,525,122,122,122,122],"floor_reached":30,"playtime":2366,"items_purged":["Strike_G"],"score":455,"play_id":"b5a66e2d-b438-46e6-b2ab-90298de73ff5","local_time":"20180817011511","is_ascension_mode":true,"campfire_choices":[{"data":"Neutralize","floor":6.0,"key":"SMITH"},{"floor":12.0,"key":"REST"},{"data":"Bouncing Flask","floor":15,"key":"SMITH"},{"floor":23,"key":"REST"},{"floor":28,"key":"REST"}],"neow_cost":"","seed_source_timestamp":2012338023795235,"circlet_count":0,"master_deck":["Defend_G+1","Defend_G+1","Defend_G+1","Defend_G+1","Defend_G+1","Strike_G+1","Strike_G+1","Strike_G+1","Survivor","Neutralize+1","AscendersBane","Blade Dance","Dagger Throw","Well Laid Plans","Bouncing Flask+1","Deflect","Leg Sweep","Unload","Cloak And Dagger+1","Poisoned Stab","Dash","Slice+1","Caltrops"],"special_seed":0,"relics":["Ring of the Snake","Bottled Lightning","Gremlin Horn","Ninja Scroll","White Beast Statue","Dodecahedron","Happy Flower","Old Coin","Meat on the Bone"],"potions_floor_usage":[16,20,21,21,24,30],"damage_taken":[{"damage":5.0,"enemies":"Cultist","floor":1.0,"turns":5.0},{"damage":0.0,"enemies":"Small Slimes","floor":3.0,"turns":5.0},{"damage":15.0,"enemies":"3 Sentries","floor":7.0,"turns":9.0},{"damage":0.0,"enemies":"2 Louse","floor":8.0,"turns":3.0},{"damage":1.0,"enemies":"2 Fungi Beasts","floor":10.0,"turns":4.0},{"damage":15.0,"enemies":"Lagavulin","floor":11.0,"turns":5.0},{"damage":0,"enemies":"Blue Slaver","floor":13,"turns":3},{"damage":10,"enemies":"Hexaghost","floor":16,"turns":9},{"damage":5,"enemies":"Shell Parasite","floor":18,"turns":10},{"damage":0,"enemies":"Chosen","floor":19,"turns":5},{"damage":12,"enemies":"Snake Plant","floor":20,"turns":6},{"damage":8,"enemies":"Cultist and Chosen","floor":21,"turns":8},{"damage":0,"enemies":"Centurion and Healer","floor":22,"turns":11},{"damage":28,"enemies":"Book of Stabbing","floor":24,"turns":8},{"damage":52,"enemies":"Gremlin Leader","floor":30,"turns":5}],"seed_played":"2733248196742212539","potions_obtained":[{"floor":2.0,"key":"Poison Potion"},{"floor":7.0,"key":"SkillPotion"},{"floor":13,"key":"LiquidBronze"},{"floor":18,"key":"SpeedPotion"},{"floor":19,"key":"PowerPotion"},{"floor":20,"key":"PowerPotion"},{"floor":21,"key":"Fire Potion"},{"floor":22,"key":"Dexterity Potion"},{"floor":24,"key":"Fire Potion"}],"is_trial":false,"path_per_floor":["M","?","M","?","$","R","E","M","T","M","E","R","M","?","R","B",null,"M","M","M","M","M","R","E","?","T","$","R","?"],"character_chosen":"THE_SILENT","items_purchased":["Fire Potion","Well Laid Plans","Meat on the Bone","Caltrops"],"campfire_rested":3,"item_purchase_floors":[5,5,27,27],"current_hp_per_floor":[54,54,54,59,59,59,44,44,44,43,28,49,49,49,49,39,63,58,58,46,38,38,59,31,31,31,31,52,52,0],"gold":122,"neow_bonus":"","is_prod":false,"is_daily":false,"chose_seed":false,"campfire_upgraded":2,"win_rate":0,"timestamp":1534432511,"path_taken":["M","?","M","?","$","R","E","M","T","M","E","R","M","?","R","BOSS","M","M","?","M","M","R","E","?","T","$","R","?","E"],"build_version":"2018-08-09","purchased_purges":1,"victory":false,"max_hp_per_floor":[66,66,66,71,71,71,71,71,71,71,71,71,71,71,71,71,71,71,71,71,71,71,71,71,71,71,71,71,71,71],"card_choices":[{"not_picked":["Bane","Prepared"],"picked":"Blade Dance","floor":1.0},{"not_picked":["Tactician","Underhanded Strike"],"picked":"Dagger Throw","floor":3.0},{"not_picked":["Prepared","Underhanded Strike"],"picked":"Bouncing Flask","floor":7.0},{"not_picked":["Flying Knee","Deadly Poison","Outmaneuver"],"picked":"SKIP","floor":8.0},{"not_picked":["Flying Knee","Heel Hook","Sucker Punch"],"picked":"SKIP","floor":10.0},{"not_picked":["Flying Knee","Corpse Explosion"],"picked":"Deflect","floor":11.0},{"not_picked":["Concentrate","Backflip"],"picked":"Leg Sweep","floor":13},{"not_picked":["Venomology","Night Terror"],"picked":"Unload","floor":16},{"not_picked":["Dagger Throw","Expertise","Predator"],"picked":"SKIP","floor":18},{"not_picked":["Eviscerate","Sucker Punch","Underhanded Strike"],"picked":"SKIP","floor":19},{"not_picked":["Outmaneuver+1","Prepared+1"],"picked":"Cloak And Dagger+1","floor":20},{"not_picked":["Deadly Poison","Concentrate"],"picked":"Poisoned Stab","floor":21},{"not_picked":["Underhanded Strike","Finisher"],"picked":"Dash","floor":22},{"not_picked":["Reflex","Skewer"],"picked":"Slice+1","floor":24}],"player_experience":361562,"relics_obtained":[{"floor":7.0,"key":"Bottled Lightning"},{"floor":9.0,"key":"Gremlin Horn"},{"floor":11.0,"key":"Ninja Scroll"},{"floor":24,"key":"Dodecahedron"},{"floor":26,"key":"Old Coin"}],"event_choices":[{"event_name":"The Woman in Blue","player_choice":"Bought 1 Potion","floor":2.0,"damage_taken":0.0},{"event_name":"Big Fish","player_choice":"Donut","floor":4.0,"damage_taken":0.0},{"event_name":"The Cleric","player_choice":"Card Removal","floor":14,"damage_taken":0},{"event_name":"WeMeetAgain","player_choice":"Potion","floor":25,"damage_taken":0},{"event_name":"Back to Basics","player_choice":"Simplicity","floor":29,"damage_taken":0}],"is_beta":false,"boss_relics":[{"not_picked":["Lizard Tail","Snecko Eye"],"picked":"White Beast Statue"}],"items_purged_floors":[27],"is_endless":false,"potions_floor_spawned":[7,13,18,19,20,21,22,24],"killed_by":"Gremlin Leader","ascension_level":15}