{"gold_per_floor":[114,189,189,189,204,204,219,249,249,249,264,264,294,309,309,409,409,424,424,424,99,114,144,144,144,144,44,59,89,89,104,104,204,204,219,234,249,77,77,92,92,92,117,117,117,117,117,132,132,132],"floor_reached":50,"playtime":4740,"items_purged":["Defend_R","Strike_R"],"score":590,"play_id":"3524e3ca-e1fc-4dc3-a99b-4ba373467d09","local_time":"20190228121757","daily_mods":["Heirloom","ControlledChaos","Terminal"],"is_ascension_mode":false,"campfire_choices":[{"data":"Bash","floor":6,"key":"SMITH"},{"data":"Inflame","floor":12,"key":"SMITH"},{"data":"Warcry","floor":15,"key":"SMITH"},{"data":"Strike_R","floor":24,"key":"PURGE"},{"data":"Strike_R","floor":25,"key":"PURGE"},{"floor":32,"key":"REST"},{"data":"Demon Form","floor":41,"key":"SMITH"},{"data":"Strike_R","floor":45,"key":"PURGE"},{"data":"Defend_R","floor":46,"key":"PURGE"},{"data":"Cleave","floor":49,"key":"SMITH"}],"neow_cost":"","seed_source_timestamp":0,"circlet_count":0,"master_deck":["Strike_R","Defend_R+1","Defend_R+1","Bash+1","Clash","Spot Weakness","Berserk","Cleave+1","Inflame+1","Metallicize","Warcry+1","Battle Trance","Heavy Blade+1","Flex","Heavy Blade","Pommel Strike+1","Demon Form+1","Flex+1","Combust+1","Inflame","Master of Strategy","Ghostly Armor+1","Cleave+1"],"special_seed":17955,"relics":["Burning Blood","Frozen Eye","Ginger","Turnip","Sundial","Bottled Flame","Peace Pipe","Runic Dome","Mummified Hand","WingedGreaves","Dead Branch","Vajra","Ice Cream","Lizard Tail","Omamori","WarpedTongs"],"potions_floor_usage":[11,23,29,33,33,33,37,44,50,50,50,50],"damage_taken":[{"damage":0,"enemies":"2 Louse","floor":1,"turns":2},{"damage":0,"enemies":"Jaw Worm","floor":5,"turns":3},{"damage":0,"enemies":"Small Slimes","floor":7,"turns":2},{"damage":0,"enemies":"3 Sentries","floor":8,"turns":4},{"damage":8,"enemies":"Exordium Thugs","floor":11,"turns":3},{"damage":13,"enemies":"Gremlin Nob","floor":13,"turns":4},{"damage":5,"enemies":"Lots of Slimes","floor":14,"turns":2},{"damage":0,"enemies":"Slime Boss","floor":16,"turns":7},{"damage":4,"enemies":"Spheric Guardian","floor":18,"turns":4},{"damage":5,"enemies":"Chosen","floor":22,"turns":3},{"damage":7,"enemies":"Book of Stabbing","floor":23,"turns":4},{"damage":13,"enemies":"Snake Plant","floor":28,"turns":2},{"damage":35,"enemies":"Slavers","floor":29,"turns":5},{"damage":8,"enemies":"Centurion and Healer","floor":31,"turns":3},{"damage":42,"enemies":"Automaton","floor":33,"turns":8},{"damage":35,"enemies":"3 Darklings","floor":35,"turns":4},{"damage":0,"enemies":"3 Shapes","floor":36,"turns":3},{"damage":6,"enemies":"Writhing Mass","floor":37,"turns":3},{"damage":14,"enemies":"4 Shapes","floor":40,"turns":3},{"damage":0,"enemies":"Jaw Worm Horde","floor":44,"turns":1},{"damage":2,"enemies":"Transient","floor":48,"turns":5},{"damage":48,"enemies":"Donu and Deca","floor":50,"turns":5}],"seed_played":"-2833648165703776253","potions_obtained":[{"floor":5,"key":"FearPotion"},{"floor":11,"key":"Dexterity Potion"},{"floor":14,"key":"Regen Potion"},{"floor":16,"key":"Weak Potion"},{"floor":29,"key":"Block Potion"},{"floor":31,"key":"BloodPotion"},{"floor":33,"key":"SmokeBomb"},{"floor":35,"key":"Fire Potion"},{"floor":37,"key":"Dexterity Potion"},{"floor":40,"key":"EntropicBrew"}],"is_trial":false,"path_per_floor":["M","?","?","?","M","R","M","E","T","T","M","R","E","M","R","B",null,"M","?","?","$","M","E","R","R","T","$","M","E","T","M","R","B",null,"M","M","M","$","?","M","R","$","T","M","R","R","?","M","R","B"],"character_chosen":"IRONCLAD","items_purchased":["Mummified Hand","Master of Strategy"],"campfire_rested":1,"item_purchase_floors":[21,38],"current_hp_per_floor":[78,67,52,52,58,58,64,70,70,69,67,67,60,61,61,63,62,61,51,51,51,52,51,51,51,51,51,44,29,29,27,42,11,50,21,27,27,27,27,19,19,19,19,25,25,25,25,29,29,0],"gold":132,"neow_bonus":"","is_prod":false,"is_daily":true,"chose_seed":false,"campfire_upgraded":5,"win_rate":0,"timestamp":1551385077,"path_taken":["M","?","?","?","?","R","?","E","T","?","M","R","E","M","R","BOSS","M","?","?","?","M","E","R","R","T","$","?","E","?","?","R","BOSS","M","M","M","$","?","M","R","$","T","M","R","R","?","?","R","BOSS"],"build_version":"2019-01-23","purchased_purges":2,"victory":false,"max_hp_per_floor":[78,77,76,75,74,73,72,71,70,69,68,67,66,65,64,63,62,61,65,64,63,62,61,60,59,58,57,56,55,54,53,52,51,50,49,48,47,46,45,44,43,42,41,40,39,38,37,36,35,35],"card_choices":[{"not_picked":["Sever Soul","Wild Strike"],"picked":"Clash","floor":1},{"not_picked":["Iron Wave","True Grit","Body Slam"],"picked":"SKIP","floor":5},{"not_picked":["Body Slam","Sword Boomerang"],"picked":"Cleave","floor":7},{"not_picked":["Pummel","Shrug It Off"],"picked":"Inflame","floor":8},{"not_picked":["True Grit","Juggernaut"],"picked":"Metallicize","floor":11},{"not_picked":["Entrench","Iron Wave","Ghostly Armor"],"picked":"SKIP","floor":13},{"not_picked":["Blood for Blood","Carnage"],"picked":"Warcry","floor":14},{"not_picked":["Clothesline+1","Heavy Blade"],"picked":"Battle Trance","floor":18},{"not_picked":["Havoc","Anger"],"picked":"Heavy Blade+1","floor":22},{"not_picked":["Flame Barrier","Headbutt","Berserk"],"picked":"SKIP","floor":23},{"not_picked":["Wild Strike","Warcry"],"picked":"Flex","floor":28},{"not_picked":["Perfected Strike+1","Body Slam+1"],"picked":"Heavy Blade","floor":29},{"not_picked":["Headbutt","Ghostly Armor"],"picked":"Pommel Strike+1","floor":31},{"not_picked":["Offering","Reaper"],"picked":"Demon Form","floor":33},{"not_picked":["Heavy Blade+1","Body Slam"],"picked":"Flex+1","floor":35},{"not_picked":["Burning Pact+1","Body Slam+1"],"picked":"Combust+1","floor":36},{"not_picked":["Shrug It Off","Entrench"],"picked":"Inflame","floor":37},{"not_picked":["Body Slam","Corruption"],"picked":"Ghostly Armor+1","floor":40},{"not_picked":["Whirlwind","Pummel+1"],"picked":"Cleave+1","floor":48}],"player_experience":940559,"relics_obtained":[{"floor":8,"key":"Turnip"},{"floor":9,"key":"Sundial"},{"floor":10,"key":"Bottled Flame"},{"floor":13,"key":"Peace Pipe"},{"floor":23,"key":"WingedGreaves"},{"floor":26,"key":"Dead Branch"},{"floor":29,"key":"Vajra"},{"floor":30,"key":"Ice Cream"},{"floor":43,"key":"Omamori"}],"event_choices":[{"damage_healed":0,"gold_gain":75,"player_choice":"Gather Gold","damage_taken":11,"max_hp_gain":0,"max_hp_loss":0,"event_name":"World of Goop","floor":2,"gold_loss":0},{"damage_healed":0,"gold_gain":0,"player_choice":"Entered Light","damage_taken":15,"max_hp_gain":0,"max_hp_loss":0,"event_name":"Shining Light","floor":3,"gold_loss":0,"cards_upgraded":["Defend_R","Defend_R"]},{"damage_healed":0,"gold_gain":0,"player_choice":"2 cards matched","damage_taken":0,"max_hp_gain":0,"max_hp_loss":0,"event_name":"Match and Keep!","floor":4,"gold_loss":0,"cards_obtained":["Spot Weakness","Berserk"]},{"damage_healed":0,"gold_gain":0,"player_choice":"Shed Blood","damage_taken":15,"max_hp_gain":5,"max_hp_loss":0,"event_name":"Forgotten Altar","floor":19,"gold_loss":0},{"damage_healed":0,"gold_gain":0,"player_choice":"Ignored","damage_taken":0,"max_hp_gain":0,"max_hp_loss":0,"event_name":"Vampires","floor":20,"gold_loss":0},{"damage_healed":0,"gold_gain":0,"player_choice":"Ignored","damage_taken":0,"max_hp_gain":0,"max_hp_loss":0,"event_name":"Mysterious Sphere","floor":39,"gold_loss":0},{"damage_healed":0,"gold_gain":0,"player_choice":"Rummage","damage_taken":0,"relics_obtained":["WarpedTongs"],"max_hp_gain":0,"max_hp_loss":0,"event_name":"Accursed Blacksmith","floor":47,"gold_loss":0,"cards_obtained":["Pain"]}],"is_beta":false,"boss_relics":[{"not_picked":["Black Blood","White Beast Statue"],"picked":"Runic Dome"},{"not_picked":["Calling Bell","Empty Cage"],"picked":"Lizard Tail"}],"items_purged_floors":[21,27],"is_endless":false,"potions_floor_spawned":[5,11,14,16,18,29,31,33,35,37,40],"killed_by":"Donu and Deca","ascension_level":0}