{"gold_per_floor":[118,131,131,206,110,140,140,140,163,174,174,186,42,53,53,152,152,170,180,200,210,210,210,228,147,147,147,165,165,255,273,273,371,371,383,394],"floor_reached":36,"playtime":2506,"items_purged":[],"score":418,"play_id":"dca41c1f-c94c-4424-abc4-f3bf67b6b59b","local_time":"20190329232639","is_ascension_mode":false,"campfire_choices":[{"floor":8,"key":"REST"},{"floor":11,"key":"RECALL"},{"data":"Neutralize","floor":15,"key":"SMITH"},{"floor":23,"key":"REST"},{"floor":27,"key":"REST"},{"floor":29,"key":"REST"},{"floor":32,"key":"REST"}],"neow_cost":"NONE","seed_source_timestamp":5033325868202,"circlet_count":0,"master_deck":["Defend_G","Defend_G","Defend_G","Defend_G","Strike_G","Strike_G","Survivor","Neutralize+1","Leg Sweep+1","Cloak And Dagger+1","Poisoned Stab+1","Deflect","Terror","Flying Knee","Heel Hook","Dagger Throw","Caltrops","Bouncing Flask","Dagger Spray","Malaise","Finisher","Cloak And Dagger","Masterful Stab+1","Decay","Distraction","Cloak And Dagger","Glass Knife","Backflip","Cloak And Dagger","All Out Attack","Dramatic Entrance","Die Die Die","Envenom","Sucker Punch+1","Dodge and Roll+1"],"relics":["Astrolabe","Dream Catcher","Bag of Marbles","Blood Vial","Orichalcum","WristBlade","Shuriken","Sozu"],"potions_floor_usage":[6,18,21,31,33,33,33],"damage_taken":[{"damage":0,"enemies":"Cultist","floor":1,"turns":4},{"damage":0,"enemies":"Jaw Worm","floor":2,"turns":3},{"damage":2,"enemies":"Lagavulin","floor":6,"turns":8},{"damage":0,"enemies":"2 Louse","floor":10,"turns":2},{"damage":0,"enemies":"Blue Slaver","floor":12,"turns":3},{"damage":0,"enemies":"Exordium Wildlife","floor":14,"turns":4},{"damage":10,"enemies":"Slime Boss","floor":16,"turns":11},{"damage":13,"enemies":"2 Thieves","floor":18,"turns":4},{"damage":12,"enemies":"3 Byrds","floor":19,"turns":5},{"damage":15,"enemies":"Cultist and Chosen","floor":20,"turns":6},{"damage":25,"enemies":"3 Cultists","floor":21,"turns":7},{"damage":15,"enemies":"Shelled Parasite and Fungi","floor":24,"turns":6},{"damage":3,"enemies":"Centurion and Healer","floor":28,"turns":7},{"damage":20,"enemies":"Snake Plant","floor":31,"turns":5},{"damage":52,"enemies":"Automaton","floor":33,"turns":11},{"damage":22,"enemies":"3 Darklings","floor":35,"turns":4},{"damage":10,"enemies":"3 Shapes","floor":36,"turns":3}],"seed_played":"-4997300925284687551","potions_obtained":[{"floor":1,"key":"SneckoOil"},{"floor":2,"key":"Swift Potion"},{"floor":12,"key":"Dexterity Potion"},{"floor":19,"key":"Strength Potion"},{"floor":24,"key":"SkillPotion"},{"floor":28,"key":"Swift Potion"},{"floor":31,"key":"Regen Potion"},{"floor":33,"key":"Swift Potion"}],"is_trial":false,"path_per_floor":["?","?","?","$","M","M","M","?","?","M"],"character_chosen":"THE_SILENT","items_purchased":["Flying Knee","Block Potion","Orichalcum","Glass Knife"],"campfire_rested":5,"item_purchase_floors":[5,5,13,25],"current_hp_per_floor":[70,70,67,56,56,54,47,68,68,70,70,70,70,70,70,60,70,57,47,34,11,11,32,19,19,19,40,39,60,39,21,42,7,70,48,40],"gold":394,"neow_bonus":"BOSS_RELIC","is_prod":false,"is_daily":false,"chose_seed":false,"campfire_upgraded":1,"win_rate":0,"timestamp":1553916399,"path_taken":["M","M","?","?","$","E","?","R","T","M","R","M","?","?","R","BOSS","M","?","?","M","?","R","M","$","T","R","M","R","?","?","R","BOSS","M","M"],"build_version":"2019-01-23","purchased_purges":0,"victory":false,"max_hp_per_floor":[70,70,70,70,70,70,70,70,70,70,70,70,70,70,70,70,70,70,70,70,70,70,70,70,70,70,70,70,70,70,70,70,70,70,70,70],"card_choices":[{"not_picked":["Bouncing Flask","All Out Attack"],"picked":"Deflect","floor":1},{"not_picked":["Reflex","Skewer"],"picked":"Terror","floor":2},{"not_picked":["Expertise","Escape Plan"],"picked":"Heel Hook","floor":6},{"not_picked":["Outmaneuver","Sucker Punch"],"picked":"Dagger Throw","floor":8},{"not_picked":["Catalyst","Underhanded Strike"],"picked":"Caltrops","floor":10},{"not_picked":["Flechettes","Endless Agony"],"picked":"Bouncing Flask","floor":12},{"not_picked":["Skewer","Quick Slash"],"picked":"Dagger Spray","floor":14},{"not_picked":["Night Terror","Venomology"],"picked":"Malaise","floor":16},{"not_picked":["Underhanded Strike","Outmaneuver"],"picked":"Finisher","floor":18},{"not_picked":["Dagger Throw","Sucker Punch+1"],"picked":"Cloak And Dagger","floor":19},{"not_picked":["Prepared","Bouncing Flask+1"],"picked":"Masterful Stab+1","floor":20},{"not_picked":["Crippling Poison","Terror","Escape Plan"],"picked":"SKIP","floor":21},{"not_picked":["Deadly Poison","Dagger Throw"],"picked":"Distraction","floor":23},{"not_picked":["Sucker Punch","Terror"],"picked":"Cloak And Dagger","floor":24},{"not_picked":["Glass Knife","Choke+1"],"picked":"Backflip","floor":27},{"not_picked":["Underhanded Strike","Skewer"],"picked":"Cloak And Dagger","floor":28},{"not_picked":["Acrobatics","Distraction"],"picked":"All Out Attack","floor":29},{"not_picked":["All Out Attack","Sucker Punch"],"picked":"Die Die Die","floor":31},{"not_picked":["Corpse Explosion","Unload"],"picked":"Envenom","floor":33},{"not_picked":["Outmaneuver","Poisoned Stab"],"picked":"Sucker Punch+1","floor":35},{"not_picked":["Backflip","Underhanded Strike"],"picked":"Dodge and Roll+1","floor":36}],"player_experience":88263,"relics_obtained":[{"floor":6,"key":"Bag of Marbles"},{"floor":9,"key":"Blood Vial"},{"floor":26,"key":"Shuriken"}],"event_choices":[{"damage_healed":0,"gold_gain":0,"player_choice":"Success","damage_taken":3,"relics_obtained":["Dream Catcher"],"max_hp_gain":0,"max_hp_loss":0,"event_name":"Scrap Ooze","floor":3,"gold_loss":0},{"damage_healed":0,"gold_gain":75,"player_choice":"Gather Gold","damage_taken":11,"max_hp_gain":0,"max_hp_loss":0,"event_name":"World of Goop","floor":4,"gold_loss":0},{"cards_removed":["Strike_G"],"damage_healed":0,"gold_gain":0,"player_choice":"Card Removal","damage_taken":7,"max_hp_gain":0,"max_hp_loss":0,"event_name":"Golden Wing","floor":7,"gold_loss":0},{"damage_healed":0,"gold_gain":0,"player_choice":"Smashed Altar","damage_taken":0,"max_hp_gain":0,"max_hp_loss":0,"event_name":"Forgotten Altar","floor":22,"gold_loss":0,"cards_obtained":["Decay"]},{"damage_healed":0,"gold_gain":90,"player_choice":"GOLD CARD ","damage_taken":21,"max_hp_gain":0,"max_hp_loss":0,"event_name":"Knowing Skull","floor":30,"potions_obtained":[],"gold_loss":0,"cards_obtained":["Dramatic Entrance"]}],"is_beta":false,"boss_relics":[{"not_picked":["Lizard Tail","Velvet Choker"],"picked":"WristBlade"},{"not_picked":["HoveringKite","Eternal Feather"],"picked":"Sozu"}],"items_purged_floors":[],"is_endless":false,"potions_floor_spawned":[1,2,12,19,24,28,31,33],"killed_by":"3 Shapes","ascension_level":0}