{"gold_per_floor":[114,129,144,144,144,144,174,174,174,174,189,219,234,249,249,349,399,414,513,438,453,468,468,498,498,498,513,513,266,266,266,266,366,366,381,396,411,86,101,101,131,146,146,146,146,161,61,76,76,76],"floor_reached":51,"playtime":4618,"items_purged":["Defend_B","Parasite"],"score":859,"play_id":"1e54420c-48cf-4990-af89-1c6fd553aa87","local_time":"20181227104837","daily_mods":["Chimera","Vintage","DeadlyEvents"],"is_ascension_mode":false,"campfire_choices":[{"floor":6,"key":"REST"},{"floor":8,"key":"REST"},{"data":"Bash","floor":10,"key":"SMITH"},{"floor":15,"key":"REST"},{"data":"Buffer","floor":23,"key":"SMITH"},{"data":"Auto Shields","floor":25,"key":"SMITH"},{"data":"Zap","floor":28,"key":"SMITH"},{"floor":30,"key":"REST"},{"data":"Conserve Battery","floor":32,"key":"SMITH"},{"data":"Ball Lightning","floor":40,"key":"SMITH"},{"data":"1","floor":45,"key":"LIFT"},{"data":"2","floor":49,"key":"LIFT"}],"neow_cost":"","seed_source_timestamp":408541191943666,"circlet_count":0,"master_deck":["Bash+1","Survivor+1","Zap+1","Strike_R","Strike_G+1","Strike_B+1","Defend_G","Auto Shields+1","Conserve Battery+1","Buffer+1","Ball Lightning+1","Rainbow+1","Bandage Up+1","Loop+1","Fission+1","Consume+1"],"special_seed":17891,"relics":["Cracked Core","Bottled Lightning","Bag of Preparation","Question Card","Girya","Singing Bowl","Pear","Vajra","Shuriken","Dream Catcher","Pen Nib","Mercury Hourglass","Tiny House","Nunchaku","Whetstone","Bronze Scales","Toxic Egg 2","Mummified Hand","Frozen Egg 2","Ancient Tea Set","Boot","Inserter","Letter Opener","Dodecahedron","Sundial","Gremlin Horn","Anchor","Potion Belt","Blood Vial","Symbiotic Virus","Orichalcum","Omamori"],"potions_floor_usage":[7,17,24,24,33,46,50,50,50,50],"damage_taken":[{"damage":0,"enemies":"Cultist","floor":1,"turns":3},{"damage":7,"enemies":"Jaw Worm","floor":2,"turns":4},{"damage":10,"enemies":"Small Slimes","floor":3,"turns":3},{"damage":33,"enemies":"3 Sentries","floor":7,"turns":7},{"damage":0,"enemies":"3 Louse","floor":11,"turns":4},{"damage":22,"enemies":"Lagavulin","floor":12,"turns":8},{"damage":0,"enemies":"Blue Slaver","floor":13,"turns":4},{"damage":0,"enemies":"Red Slaver","floor":14,"turns":3},{"damage":26,"enemies":"Slime Boss","floor":16,"turns":9},{"damage":1,"enemies":"Shell Parasite","floor":18,"turns":7},{"damage":11,"enemies":"3 Byrds","floor":21,"turns":4},{"damage":1,"enemies":"Snecko","floor":22,"turns":4},{"damage":23,"enemies":"Slavers","floor":24,"turns":4},{"damage":0,"enemies":"Sentry and Sphere","floor":27,"turns":3},{"damage":14,"enemies":"Champ","floor":33,"turns":10},{"damage":0,"enemies":"3 Darklings","floor":35,"turns":4},{"damage":2,"enemies":"3 Shapes","floor":36,"turns":4},{"damage":0,"enemies":"Sphere and 2 Shapes","floor":37,"turns":3},{"damage":0,"enemies":"Transient","floor":39,"turns":5},{"damage":0,"enemies":"Nemesis","floor":41,"turns":5},{"damage":0,"enemies":"Writhing Mass","floor":42,"turns":4},{"damage":0,"enemies":"Spire Growth","floor":46,"turns":3},{"damage":0,"enemies":"Transient","floor":48,"turns":5},{"damage":12,"enemies":"Awakened One","floor":50,"turns":7}],"seed_played":"4795555821384986317","potions_obtained":[{"floor":3,"key":"Fire Potion"},{"floor":11,"key":"LiquidBronze"},{"floor":14,"key":"Energy Potion"},{"floor":17,"key":"Fruit Juice"},{"floor":18,"key":"PowerPotion"},{"floor":27,"key":"Swift Potion"},{"floor":33,"key":"Explosive Potion"},{"floor":35,"key":"Swift Potion"},{"floor":39,"key":"Strength Potion"},{"floor":42,"key":"Dexterity Potion"},{"floor":46,"key":"SteroidPotion"},{"floor":48,"key":"Strength Potion"}],"is_trial":false,"path_per_floor":["M","M","M","?","T","R","E","R","T","R","M","E","M","M","R","B",null,"M","?","?","M","M","R","E","R","T","M","R","$","R","T","R","B",null,"M","M","M","$","M","R","E","M","T","?","R","M","$","M","R","B",null],"character_chosen":"DEFECT","items_purchased":["Ancient Tea Set","Bandage Up+1","Gremlin Horn"],"campfire_rested":4,"item_purchase_floors":[29,29,38],"current_hp_per_floor":[75,68,58,33,33,55,32,57,57,57,57,35,35,35,62,36,97,96,96,96,85,84,84,61,61,61,61,61,61,90,90,90,82,97,97,95,97,97,97,97,97,97,97,99,99,99,96,96,96,84],"gold":76,"neow_bonus":"","is_prod":false,"is_daily":true,"chose_seed":false,"campfire_upgraded":6,"win_rate":0,"timestamp":1545936517,"path_taken":["M","?","M","?","?","R","?","R","T","R","M","E","M","M","R","BOSS","M","?","?","M","M","R","E","R","T","M","R","$","R","?","R","BOSS","M","M","M","$","M","R","E","M","T","?","R","M","$","M","R","BOSS"],"build_version":"2018-12-20","purchased_purges":2,"victory":true,"max_hp_per_floor":[75,75,75,75,75,75,85,85,85,85,85,85,85,85,87,87,97,97,97,97,97,97,97,97,97,97,97,97,97,97,97,97,97,97,97,97,97,97,97,97,97,97,97,99,99,99,96,96,96,96],"card_choices":[{"not_picked":["Go for the Eyes","Reinforced Body","Cold Snap"],"picked":"Auto Shields","floor":7},{"not_picked":["Loop","Leap","Melter"],"picked":"Conserve Battery","floor":12},{"not_picked":["Leap","Reprogram","Hologram","Hello World"],"picked":"Singing Bowl","floor":15},{"not_picked":["Rainbow","All For One","Electrodynamics"],"picked":"Buffer","floor":16},{"not_picked":["Streamline","Turbo","Barrage"],"picked":"Ball Lightning","floor":17},{"not_picked":["Heatsinks","Redo","Barrage"],"picked":"Rainbow","floor":24},{"not_picked":["BootSequence+1","Blizzard+1","Steam+1"],"picked":"Loop+1","floor":30},{"not_picked":["Echo Form+1","Core Surge","Seek+1"],"picked":"Fission+1","floor":33},{"not_picked":["Force Field+1","Gash+1","Auto Shields+1"],"picked":"Consume+1","floor":41},{"not_picked":["Mayhem+1","Metamorphosis+1","Chrysalis+1","Panacea+1"],"picked":"Singing Bowl","floor":44}],"player_experience":447490,"relics_obtained":[{"floor":1,"key":"Bottled Lightning"},{"floor":2,"key":"Bag of Preparation"},{"floor":3,"key":"Question Card"},{"floor":5,"key":"Singing Bowl"},{"floor":7,"key":"Pear"},{"floor":9,"key":"Vajra"},{"floor":11,"key":"Shuriken"},{"floor":12,"key":"Dream Catcher"},{"floor":13,"key":"Pen Nib"},{"floor":14,"key":"Mercury Hourglass"},{"floor":18,"key":"Nunchaku"},{"floor":21,"key":"Whetstone"},{"floor":22,"key":"Bronze Scales"},{"floor":24,"key":"Toxic Egg 2"},{"floor":26,"key":"Mummified Hand"},{"floor":27,"key":"Frozen Egg 2"},{"floor":31,"key":"Boot"},{"floor":35,"key":"Letter Opener"},{"floor":36,"key":"Dodecahedron"},{"floor":37,"key":"Sundial"},{"floor":39,"key":"Anchor"},{"floor":41,"key":"Potion Belt"},{"floor":42,"key":"Blood Vial"},{"floor":43,"key":"Symbiotic Virus"},{"floor":46,"key":"Orichalcum"},{"floor":48,"key":"Omamori"}],"event_choices":[{"damage_healed":0,"gold_gain":0,"player_choice":"Success","damage_taken":25,"relics_obtained":["Girya"],"max_hp_gain":0,"max_hp_loss":0,"event_name":"Scrap Ooze","floor":4,"gold_loss":0},{"damage_healed":0,"gold_gain":99,"player_choice":"Stole From Cult","damage_taken":0,"max_hp_gain":0,"max_hp_loss":0,"event_name":"Nest","floor":19,"gold_loss":0},{"cards_removed":["Defend_R"],"damage_healed":0,"gold_gain":0,"player_choice":"Gave Gold","damage_taken":0,"max_hp_gain":0,"max_hp_loss":0,"event_name":"Beggar","floor":20,"gold_loss":75},{"damage_healed":0,"gold_gain":0,"player_choice":"Memory 1","damage_taken":0,"max_hp_gain":0,"max_hp_loss":0,"event_name":"SensoryStone","floor":44,"gold_loss":0}],"is_beta":false,"boss_relics":[{"not_picked":["Runic Pyramid","Black Star"],"picked":"Tiny House"},{"not_picked":["Philosopher\u0027s Stone","Snecko Eye"],"picked":"Inserter"}],"items_purged_floors":[38,47],"is_endless":false,"potions_floor_spawned":[3,11,14,18,27,33,35,39,42,46,48],"ascension_level":0}