{"gold_per_floor":[112,129,129,129,54,54,54,54,80,110,122,142,159,175,175,279,279,296,196,214,214,214,214,139,159,159,171,171,171,171,185,185,286,286,305,305,318,336,336,368,378,378,378,393,393,393],"floor_reached":46,"playtime":1311,"items_purged":["Strike_R","Strike_R"],"score":479,"play_id":"00caea5c-109f-421a-a9c9-d6a801b74a18","local_time":"20190406015442","is_ascension_mode":false,"campfire_choices":[{"data":"True Grit","floor":6,"key":"SMITH"},{"data":"Bash","floor":8,"key":"SMITH"},{"data":"Disarm","floor":15,"key":"SMITH"},{"data":"Armaments","floor":23,"key":"SMITH"},{"data":"Heavy Blade","floor":30,"key":"SMITH"},{"data":"Metallicize","floor":32,"key":"SMITH"}],"neow_cost":"NONE","seed_source_timestamp":1890968930682974,"circlet_count":0,"master_deck":["Strike_R","Strike_R","Defend_R","Defend_R","Defend_R","Defend_R","Bash+1","Heavy Blade+1","True Grit+1","Pommel Strike","Flame Barrier","Disarm+1","Twin Strike","Armaments+1","Demon Form+1","Warcry+1","Heavy Blade+1","Metallicize+1","Impervious","Shrug It Off","Madness","Madness"],"relics":["Burning Blood","Juzu Bracelet","Strawberry","FossilizedHelix","Coffee Dripper","Bag of Marbles","Fusion Hammer","Vajra","Darkstone Periapt"],"potions_floor_usage":[16,16,31,33,40,40,46],"damage_taken":[{"damage":6,"enemies":"Cultist","floor":1,"turns":3},{"damage":18,"enemies":"Jaw Worm","floor":2,"turns":3},{"damage":0,"enemies":"2 Louse","floor":4,"turns":2},{"damage":20,"enemies":"Gremlin Nob","floor":10,"turns":4},{"damage":0,"enemies":"Looter","floor":11,"turns":3},{"damage":2,"enemies":"3 Louse","floor":12,"turns":4},{"damage":3,"enemies":"Blue Slaver","floor":13,"turns":3},{"damage":0,"enemies":"Looter","floor":14,"turns":4},{"damage":58,"enemies":"Hexaghost","floor":16,"turns":13},{"damage":13,"enemies":"Chosen","floor":18,"turns":5},{"damage":16,"enemies":"2 Thieves","floor":20,"turns":5},{"damage":11,"enemies":"Sentry and Sphere","floor":25,"turns":4},{"damage":17,"enemies":"Centurion and Healer","floor":27,"turns":6},{"damage":15,"enemies":"Colosseum Slavers","floor":29,"turns":6},{"damage":5,"enemies":"Chosen and Byrds","floor":31,"turns":7},{"damage":41,"enemies":"Automaton","floor":33,"turns":8},{"damage":23,"enemies":"3 Shapes","floor":35,"turns":6},{"damage":21,"enemies":"Orb Walker","floor":37,"turns":5},{"damage":12,"enemies":"3 Darklings","floor":38,"turns":6},{"damage":52,"enemies":"Nemesis","floor":40,"turns":11},{"damage":7,"enemies":"4 Shapes","floor":41,"turns":6},{"damage":16,"enemies":"Spire Growth","floor":44,"turns":5},{"damage":22,"enemies":"Transient","floor":46,"turns":5}],"seed_played":"-577375670447796904","potions_obtained":[{"floor":10,"key":"FearPotion"},{"floor":11,"key":"PowerPotion"},{"floor":12,"key":"Regen Potion"},{"floor":14,"key":"SteroidPotion"},{"floor":20,"key":"AttackPotion"},{"floor":25,"key":"Regen Potion"},{"floor":33,"key":"GamblersBrew"},{"floor":35,"key":"GamblersBrew"},{"floor":40,"key":"Weak Potion"}],"is_trial":false,"path_per_floor":["M","M","?","M","$","R","$","R","T","E","M","M","M","M","R","B",null,"M","$","M","?","?","R","?","M","T","M","?","?","R","M","R","B",null,"M","?","M","M","?","E","M","R","T","M","R","M"],"character_chosen":"IRONCLAD","items_purchased":[],"campfire_rested":0,"item_purchase_floors":[],"current_hp_per_floor":[80,68,80,80,80,80,80,80,87,73,79,83,86,87,87,41,87,80,80,70,70,70,70,70,65,65,54,54,45,45,46,46,26,87,70,59,44,38,76,30,29,29,29,19,19,0],"gold":393,"neow_bonus":"RANDOM_COMMON_RELIC","is_prod":false,"is_daily":false,"chose_seed":false,"campfire_upgraded":6,"win_rate":0,"timestamp":1554476082,"path_taken":["M","M","?","M","?","R","?","R","T","E","M","M","M","M","R","BOSS","M","$","M","?","?","R","?","M","T","M","?","?","R","M","R","BOSS","M","?","M","M","?","E","M","R","T","M","R","M"],"build_version":"2019-01-23","purchased_purges":2,"victory":false,"max_hp_per_floor":[80,80,80,80,80,80,80,80,87,87,87,87,87,87,87,87,87,87,87,87,87,87,87,87,87,87,87,87,87,87,87,87,87,87,87,87,87,87,76,76,76,76,76,76,76,76],"card_choices":[{"not_picked":["Twin Strike","Hemokinesis"],"picked":"Heavy Blade","floor":1},{"not_picked":["Body Slam","Iron Wave"],"picked":"True Grit","floor":2},{"not_picked":["Perfected Strike","Dual Wield"],"picked":"Pommel Strike","floor":4},{"not_picked":["True Grit","Demon Form"],"picked":"Flame Barrier","floor":10},{"not_picked":["Spot Weakness","Carnage"],"picked":"Disarm","floor":11},{"not_picked":["Intimidate","Shrug It Off"],"picked":"Twin Strike","floor":12},{"not_picked":["Carnage","Headbutt"],"picked":"Armaments","floor":13},{"not_picked":["Combust","Sword Boomerang","Reckless Charge"],"picked":"SKIP","floor":14},{"not_picked":["Impervious","Berserk"],"picked":"Demon Form","floor":16},{"not_picked":["Blood for Blood","Wild Strike"],"picked":"Warcry+1","floor":18},{"not_picked":["Ghostly Armor","Clash","Iron Wave"],"picked":"SKIP","floor":20},{"not_picked":["Cleave","Havoc","Spot Weakness"],"picked":"SKIP","floor":25},{"not_picked":["Bloodletting+1","Hemokinesis+1"],"picked":"Heavy Blade+1","floor":27},{"not_picked":["Reckless Charge","Sword Boomerang"],"picked":"Metallicize","floor":31},{"not_picked":["Limit Break","Fiend Fire"],"picked":"Impervious","floor":33},{"not_picked":["Entrench","Fire Breathing"],"picked":"Shrug It Off","floor":35},{"not_picked":["Spot Weakness+1","Body Slam","Uppercut"],"picked":"SKIP","floor":37},{"not_picked":["Sword Boomerang+1","Perfected Strike","Cleave+1"],"picked":"SKIP","floor":38},{"not_picked":["Perfected Strike","Metallicize+1","Pommel Strike"],"picked":"SKIP","floor":40},{"not_picked":["Blood for Blood","Power Through","Spot Weakness"],"picked":"SKIP","floor":41},{"not_picked":["Twin Strike+1","Cleave+1","Warcry+1"],"picked":"SKIP","floor":44}],"player_experience":459497,"relics_obtained":[{"floor":9,"key":"Strawberry"},{"floor":10,"key":"FossilizedHelix"},{"floor":26,"key":"Bag of Marbles"},{"floor":40,"key":"Vajra"},{"floor":43,"key":"Darkstone Periapt"}],"event_choices":[{"damage_healed":12,"gold_gain":0,"player_choice":"Full Heal","damage_taken":0,"max_hp_gain":0,"max_hp_loss":0,"event_name":"Wheel of Change","floor":3,"gold_loss":0},{"damage_healed":0,"gold_gain":0,"player_choice":"Forge","damage_taken":0,"max_hp_gain":0,"max_hp_loss":0,"event_name":"Accursed Blacksmith","floor":21,"gold_loss":0,"cards_upgraded":["Demon Form"]},{"damage_healed":0,"gold_gain":0,"player_choice":"Ignored","damage_taken":0,"max_hp_gain":0,"max_hp_loss":0,"event_name":"Ghosts","floor":22,"gold_loss":0},{"cards_removed":["Strike_R"],"damage_healed":0,"gold_gain":0,"player_choice":"Gave Gold","damage_taken":0,"max_hp_gain":0,"max_hp_loss":0,"event_name":"Beggar","floor":24,"gold_loss":75},{"damage_healed":0,"gold_gain":0,"player_choice":"Ignored","damage_taken":0,"max_hp_gain":0,"max_hp_loss":0,"event_name":"Vampires","floor":28,"gold_loss":0},{"damage_healed":0,"gold_gain":0,"player_choice":"Fight","damage_taken":0,"max_hp_gain":0,"max_hp_loss":0,"event_name":"Colosseum","floor":29,"gold_loss":0},{"damage_healed":0,"gold_gain":0,"player_choice":"Fled From Nobs","damage_taken":0,"max_hp_gain":0,"max_hp_loss":0,"event_name":"Colosseum","floor":29,"gold_loss":0},{"damage_healed":0,"gold_gain":0,"player_choice":"Embrace Madness","damage_taken":11,"max_hp_gain":0,"max_hp_loss":0,"event_name":"Winding Halls","floor":36,"gold_loss":0,"cards_obtained":["Madness","Madness"]},{"damage_healed":76,"gold_gain":0,"player_choice":"Heal","damage_taken":0,"max_hp_gain":0,"max_hp_loss":11,"event_name":"The Moai Head","floor":39,"gold_loss":0}],"is_beta":false,"boss_relics":[{"not_picked":["Tiny House","Busted Crown"],"picked":"Coffee Dripper"},{"not_picked":["Snecko Eye","Runic Pyramid"],"picked":"Fusion Hammer"}],"items_purged_floors":[5,19],"is_endless":false,"potions_floor_spawned":[10,11,12,14,20,25,33,35,38,40],"killed_by":"Transient","ascension_level":0}