{"gold_per_floor":[111,124,142,158,433,433,449,449,449,449,460,473,498,458,458,537,537,549,561,561,15,25,57,57,57],"floor_reached":25,"playtime":2312,"items_purged":["Regret"],"score":450,"play_id":"c3aca502-d0af-4cc9-8b00-4ef316674895","local_time":"20190121175441","is_ascension_mode":true,"campfire_choices":[{"data":"Chill","floor":6.0,"key":"SMITH"},{"data":"Go for the Eyes","floor":8.0,"key":"SMITH"},{"data":"Loop","floor":10.0,"key":"SMITH"},{"data":"Streamline","floor":15.0,"key":"SMITH"},{"data":"Defragment","floor":24,"key":"SMITH"}],"neow_cost":"NONE","seed_source_timestamp":967898151389013,"circlet_count":0,"master_deck":["AscendersBane","Strike_B","Strike_B","Strike_B","Defend_B","Defend_B","Defend_B","Defend_B","Zap","Dualcast","Leap","Cold Snap","Chill+1","Cold Snap","Loop+1","Go for the Eyes+1","Glacier","Streamline+1","Melter","Multi-Cast","Necronomicurse","Go for the Eyes+1","Defragment+1"],"special_seed":0,"relics":["Cracked Core","Ancient Tea Set","Strawberry","Eternal Feather","Necronomicon","Letter Opener","Lee\u0027s Waffle","Mummified Hand"],"potions_floor_usage":[23],"damage_taken":[{"damage":2.0,"enemies":"Jaw Worm","floor":1.0,"turns":3.0},{"damage":0.0,"enemies":"Cultist","floor":2.0,"turns":3.0},{"damage":3.0,"enemies":"2 Louse","floor":3.0,"turns":3.0},{"damage":6.0,"enemies":"Exordium Thugs","floor":4.0,"turns":4.0},{"damage":8.0,"enemies":"Blue Slaver","floor":7.0,"turns":3.0},{"damage":5.0,"enemies":"Large Slime","floor":11.0,"turns":7.0},{"damage":2.0,"enemies":"Lots of Slimes","floor":12.0,"turns":5.0},{"damage":8.0,"enemies":"Lagavulin","floor":13.0,"turns":6.0},{"damage":24.0,"enemies":"The Guardian","floor":16.0,"turns":15.0},{"damage":7.0,"enemies":"3 Byrds","floor":18.0,"turns":7.0},{"damage":0,"enemies":"Spheric Guardian","floor":19,"turns":2},{"damage":8,"enemies":"Centurion and Healer","floor":22,"turns":10},{"damage":42,"enemies":"Book of Stabbing","floor":23,"turns":7},{"damage":51,"enemies":"Gremlin Leader","floor":25,"turns":3}],"seed_played":"-8418253290975791091","potions_obtained":[{"floor":1.0,"key":"Poison Potion"},{"floor":7.0,"key":"AttackPotion"},{"floor":14.0,"key":"Poison Potion"},{"floor":14.0,"key":"EssenceOfSteel"},{"floor":16.0,"key":"FocusPotion"},{"floor":18.0,"key":"Strength Potion"}],"is_trial":false,"path_per_floor":["?","M","?","?"],"character_chosen":"DEFECT","items_purchased":["Letter Opener","Lee\u0027s Waffle"],"campfire_rested":0,"item_purchase_floors":[21,21],"current_hp_per_floor":[62,62,59,53,53,53,45,45,45,45,40,38,37,37,37,13,62,55,55,34,85,77,35,47,0],"gold":57,"neow_bonus":"TRANSFORM_CARD","is_prod":false,"is_daily":false,"chose_seed":false,"campfire_upgraded":5,"win_rate":0,"timestamp":1548089681,"path_taken":["M","M","M","M","?","R","M","R","T","R","?","M","E","?","R","BOSS","M","M","?","$","M","E","R","E"],"build_version":"2019-01-20","purchased_purges":1,"victory":false,"max_hp_per_floor":[71,71,71,71,71,71,71,71,71,71,71,71,78,78,78,78,78,78,78,78,85,85,85,85,85],"card_choices":[{"not_picked":["Lockon","Hologram"],"picked":"Cold Snap","floor":1.0},{"not_picked":["Sweeping Beam","Cold Snap"],"picked":"Chill","floor":2.0},{"not_picked":["Sunder","Skim"],"picked":"Cold Snap","floor":3.0},{"not_picked":["Steam Power","Chill"],"picked":"Loop","floor":4.0},{"not_picked":["Stack","Leap"],"picked":"Go for the Eyes","floor":7.0},{"not_picked":["Rebound","Streamline"],"picked":"Glacier","floor":11.0},{"not_picked":["Tempest","Thunder Strike"],"picked":"Streamline","floor":12.0},{"not_picked":["Sunder","Conserve Battery"],"picked":"Melter","floor":13.0},{"not_picked":["Thunder Strike","Reboot"],"picked":"Multi-Cast","floor":16.0},{"not_picked":["Hello World","Compile Driver","Leap"],"picked":"SKIP","floor":18.0},{"not_picked":["Stack","Fusion","Hologram"],"picked":"SKIP","floor":19},{"not_picked":["Double Energy+1","Ball Lightning"],"picked":"Go for the Eyes+1","floor":22},{"not_picked":["BootSequence","Genetic Algorithm"],"picked":"Defragment","floor":23}],"player_experience":602498,"relics_obtained":[{"floor":9.0,"key":"Ancient Tea Set"},{"floor":13.0,"key":"Strawberry"},{"floor":20,"key":"Necronomicon"},{"floor":23,"key":"Mummified Hand"}],"event_choices":[{"damage_healed":0.0,"max_hp_gain":0.0,"max_hp_loss":0.0,"gold_gain":275.0,"event_name":"Golden Shrine","player_choice":"Desecrate","floor":5.0,"gold_loss":0.0,"damage_taken":0.0,"cards_obtained":["Regret"]},{"damage_healed":0.0,"max_hp_gain":0.0,"max_hp_loss":0.0,"gold_gain":0.0,"event_name":"The Woman in Blue","player_choice":"Bought 3 Potions","floor":14.0,"gold_loss":0.0,"damage_taken":0.0},{"damage_healed":0,"gold_gain":0,"player_choice":"Obtained Book","damage_taken":21,"max_hp_gain":0,"max_hp_loss":0,"event_name":"Cursed Tome","floor":20,"gold_loss":0}],"is_beta":true,"boss_relics":[{"not_picked":["Calling Bell","Busted Crown"],"picked":"Eternal Feather"}],"items_purged_floors":[21],"is_endless":false,"potions_floor_spawned":[1,7,11,16,18],"killed_by":"Gremlin Leader","ascension_level":20}