{"gold_per_floor":[111,111,125,5,21,52,52,63,363,377,377,362,374,374,374,474,474,486,37,57,57,73,73],"floor_reached":23,"playtime":1037,"items_purged":[],"score":205,"play_id":"ea83467c-be98-47f3-9867-16b88b995ceb","local_time":"20190105155109","is_ascension_mode":true,"campfire_choices":[{"floor":7,"key":"REST"},{"floor":15,"key":"REST"}],"neow_cost":"NONE","seed_source_timestamp":512904157642769,"circlet_count":0,"master_deck":["Strike_B","Strike_B","Strike_B","Strike_B","Defend_B","Defend_B","Zap","Dualcast","Machine Learning","Fusion","Glacier","Hologram","Beam Cell","Cold Snap","Chill","Cold Snap","Compile Driver","Ball Lightning","Rebound","Streamline","Consume","Buffer","Leap","Conserve Battery","Aggregate","Beam Cell","Steam","Hologram","Stack","Defragment+1"],"relics":["Cracked Core","Matryoshka","Orichalcum","Old Coin","Orrery","Oddly Smooth Stone","Letter Opener"],"potions_floor_usage":[16,16,23,23,23,23,23],"damage_taken":[{"damage":2,"enemies":"2 Louse","floor":1,"turns":3},{"damage":3,"enemies":"Jaw Worm","floor":3,"turns":4},{"damage":4,"enemies":"Cultist","floor":5,"turns":4},{"damage":10,"enemies":"3 Sentries","floor":6,"turns":12},{"damage":4,"enemies":"Looter","floor":8,"turns":4},{"damage":13,"enemies":"Large Slime","floor":10,"turns":5},{"damage":21,"enemies":"Exordium Thugs","floor":12,"turns":4},{"damage":6,"enemies":"2 Fungi Beasts","floor":13,"turns":4},{"damage":39,"enemies":"Hexaghost","floor":16,"turns":12},{"damage":2,"enemies":"Chosen","floor":18,"turns":8},{"damage":8,"enemies":"Shell Parasite","floor":20,"turns":9},{"damage":29,"enemies":"Sentry and Sphere","floor":22,"turns":8},{"damage":38,"enemies":"Slavers","floor":23,"turns":6}],"seed_played":"-3275446301752059579","potions_obtained":[{"floor":1,"key":"FocusPotion"},{"floor":6,"key":"EssenceOfSteel"},{"floor":8,"key":"FearPotion"},{"floor":16,"key":"EntropicBrew"},{"floor":18,"key":"Block Potion"}],"is_trial":false,"path_per_floor":["M","?","M","$","M","E","R","M","T","M","?","M","M","?","R","B",null,"M","$","M","?","M","E"],"character_chosen":"DEFECT","items_purchased":["Hologram","Beam Cell","Cold Snap","Oddly Smooth Stone","Letter Opener","Stack"],"campfire_rested":2,"item_purchase_floors":[4,4,4,19,19,19],"current_hp_per_floor":[73,66,63,63,59,49,71,67,67,54,54,33,27,27,49,10,75,73,73,65,65,36,0],"gold":73,"neow_bonus":"ONE_RANDOM_RARE_CARD","is_prod":false,"is_daily":false,"chose_seed":false,"campfire_upgraded":0,"win_rate":0,"timestamp":1546725069,"path_taken":["M","?","M","$","M","E","R","M","T","M","?","M","M","?","R","BOSS","M","$","?","?","M","E"],"build_version":"2019-01-03v4","purchased_purges":0,"victory":false,"max_hp_per_floor":[75,75,75,75,75,75,75,75,75,75,75,75,75,75,75,75,75,75,75,75,75,75,75],"card_choices":[{"not_picked":["Force Field","Heatsinks"],"picked":"Fusion","floor":1},{"not_picked":["Auto Shields","Genetic Algorithm"],"picked":"Glacier","floor":3},{"not_picked":["Aggregate","Hello World"],"picked":"Chill","floor":5},{"not_picked":["Recycle","Turbo"],"picked":"Cold Snap","floor":6},{"not_picked":["Beam Cell","Hello World"],"picked":"Compile Driver","floor":8},{"not_picked":["Turbo","Redo"],"picked":"Ball Lightning","floor":10},{"not_picked":["Coolheaded","Lockon"],"picked":"Rebound","floor":12},{"not_picked":["Stack","Chill"],"picked":"Streamline","floor":13},{"not_picked":["Thunder Strike","Machine Learning"],"picked":"Buffer","floor":16},{"not_picked":["Sunder","Ball Lightning"],"picked":"Leap","floor":17},{"not_picked":["Lockon","Hello World"],"picked":"Conserve Battery","floor":17},{"not_picked":["Heatsinks","Hello World"],"picked":"Aggregate","floor":17},{"not_picked":["Gash","Sunder"],"picked":"Beam Cell","floor":17},{"not_picked":["Loop","Conserve Battery"],"picked":"Steam","floor":17},{"not_picked":["Undo","Tempest"],"picked":"Hologram","floor":18},{"not_picked":["Cold Snap","Lockon","Beam Cell"],"picked":"SKIP","floor":20},{"not_picked":["Fusion","Sweeping Beam+1"],"picked":"Defragment+1","floor":22}],"player_experience":129530,"relics_obtained":[{"floor":6,"key":"Matryoshka"},{"floor":9,"key":"Orichalcum"},{"floor":9,"key":"Old Coin"}],"event_choices":[{"cards_removed":["Defend_B"],"damage_healed":0,"gold_gain":0,"player_choice":"Card Removal","damage_taken":7,"max_hp_gain":0,"max_hp_loss":0,"event_name":"Golden Wing","floor":2,"gold_loss":0},{"damage_healed":0,"gold_gain":0,"player_choice":"Searched \u00270\u0027 times","damage_taken":0,"max_hp_gain":0,"max_hp_loss":0,"event_name":"Dead Adventurer","floor":11,"gold_loss":0},{"damage_healed":0,"gold_gain":0,"cards_transformed":["Defend_B"],"player_choice":"Transformed","damage_taken":0,"max_hp_gain":0,"max_hp_loss":0,"event_name":"Transmorgrifier","floor":14,"gold_loss":0,"cards_obtained":["Consume"]},{"damage_healed":0,"gold_gain":0,"player_choice":"Ignored","damage_taken":0,"max_hp_gain":0,"max_hp_loss":0,"event_name":"Cursed Tome","floor":21,"gold_loss":0}],"is_beta":false,"boss_relics":[{"not_picked":["Tiny House","Calling Bell"],"picked":"Orrery"}],"items_purged_floors":[],"is_endless":false,"potions_floor_spawned":[1,6,8,13,16,18],"killed_by":"Slavers","ascension_level":1}