{"gold_per_floor":[110,129,144,69,169,195,195,48,48,62,62,62,75,91,91,189,189,204,69,69,50,70,80,111,311,359,32,48,48,65,65],"floor_reached":31,"playtime":5511,"items_purged":["Strike_G","Defend_G"],"score":307,"play_id":"97439efa-7e8d-496b-8ca7-9ee80c8086f5","local_time":"20180726150012","is_ascension_mode":true,"campfire_choices":[{"floor":7.0,"key":"REST"},{"floor":15.0,"key":"REST"}],"neow_cost":"NONE","seed_source_timestamp":0,"circlet_count":0,"master_deck":["Defend_G","Defend_G","Defend_G","Defend_G","Strike_G","Strike_G","Strike_G","Survivor","Neutralize","Dodge and Roll","Dagger Spray","Dagger Throw","Well Laid Plans","Caltrops","Blur","Footwork","Acrobatics","Heel Hook","Malaise","Tactician","Noxious Fumes","Quick Slash","Finisher+1","PiercingWail+1","Backstab","Dagger Spray","Footwork","Dagger Throw+1","Poisoned Stab+1"],"special_seed":0,"relics":["Fusion Hammer","Incense Burner","Gambling Chip","Philosopher\u0027s Stone","Du-Vu Doll","Oddly Smooth Stone","Molten Egg 2"],"potions_floor_usage":[24,28,29,29],"damage_taken":[{"damage":0.0,"enemies":"2 Louse","floor":1.0,"turns":3.0},{"damage":0.0,"enemies":"Cultist","floor":2.0,"turns":5.0},{"damage":4.0,"enemies":"Jaw Worm","floor":3.0,"turns":4.0},{"damage":24.0,"enemies":"Lagavulin","floor":6.0,"turns":11.0},{"damage":6.0,"enemies":"Exordium Thugs","floor":10.0,"turns":5.0},{"damage":0.0,"enemies":"Looter","floor":13.0,"turns":5.0},{"damage":2.0,"enemies":"Gremlin Gang","floor":14.0,"turns":3.0},{"damage":13.0,"enemies":"Slime Boss","floor":16.0,"turns":12.0},{"damage":14.0,"enemies":"Spheric Guardian","floor":18.0,"turns":7.0},{"damage":25.0,"enemies":"2 Thieves","floor":21.0,"turns":4.0},{"damage":23.0,"enemies":"Cultist and Chosen","floor":22.0,"turns":8.0},{"damage":5.0,"enemies":"Centurion and Healer","floor":23.0,"turns":9.0},{"damage":3,"enemies":"Book of Stabbing","floor":24,"turns":6},{"damage":17,"enemies":"Slaver and Parasite","floor":28,"turns":7},{"damage":1,"enemies":"Gremlin Leader","floor":29,"turns":3},{"damage":4,"enemies":"Snake Plant","floor":30,"turns":5},{"damage":8,"floor":31,"turns":2}],"seed_played":"1619038886414861975","potions_obtained":[{"floor":6.0,"key":"Explosive Potion"},{"floor":13.0,"key":"AttackPotion"},{"floor":16.0,"key":"SmokeBomb"},{"floor":23,"key":"Regen Potion"},{"floor":24,"key":"Regen Potion"},{"floor":28,"key":"AttackPotion"}],"is_trial":false,"path_per_floor":["M","M","M","$","?","E","R","$","T","M","?","$","M","M","R","B",null,"M","$","?","M","M","M","E","?","T","$","M","E","M"],"character_chosen":"THE_SILENT","items_purchased":["Well Laid Plans","Blur","Noxious Fumes","Molten Egg 2","Footwork","Dagger Throw+1"],"campfire_rested":2,"item_purchase_floors":[4,8,19,27,27,27],"current_hp_per_floor":[70,70,66,66,66,42,63,63,63,57,50,50,50,48,69,56,70,56,56,56,31,8,3,15,15,15,15,13,12,8,0],"gold":65,"neow_bonus":"BOSS_RELIC","is_prod":false,"is_daily":false,"chose_seed":false,"campfire_upgraded":0,"win_rate":0,"timestamp":1532581212,"path_taken":["M","M","M","$","?","E","R","?","T","M","?","$","M","M","R","BOSS","M","$","?","?","M","M","E","?","T","?","M","E","M","?"],"build_version":"2018-07-19v2","purchased_purges":2,"victory":false,"max_hp_per_floor":[70,70,70,70,70,70,70,70,70,70,70,70,70,70,70,70,70,70,70,70,70,70,70,70,70,70,70,70,70,70,70],"card_choices":[{"not_picked":["Sucker Punch","Outmaneuver"],"picked":"Dodge and Roll","floor":1.0},{"not_picked":["Riddle With Holes","Blade Dance"],"picked":"Dagger Spray","floor":2.0},{"not_picked":["Heel Hook","Distraction"],"picked":"Dagger Throw","floor":3.0},{"not_picked":["Slice","Prepared"],"picked":"Caltrops","floor":6.0},{"not_picked":["Dodge and Roll","Venomology"],"picked":"Footwork","floor":10.0},{"not_picked":["Slice","Predator"],"picked":"Acrobatics","floor":13.0},{"not_picked":["Flying Knee","Underhanded Strike"],"picked":"Heel Hook","floor":14.0},{"not_picked":["Die Die Die","Phantasmal Killer"],"picked":"Malaise","floor":16.0},{"not_picked":["Flying Knee","Distraction"],"picked":"Tactician","floor":18.0},{"not_picked":["Quick Slash","Deadly Poison"],"picked":"Finisher+1","floor":21.0},{"not_picked":["Slice","Heel Hook+1"],"picked":"PiercingWail+1","floor":22.0},{"not_picked":["Tactician","Eviscerate"],"picked":"Backstab","floor":23},{"not_picked":["Sucker Punch","Expertise"],"picked":"Dagger Spray","floor":24},{"not_picked":["Bullet Time","Slice+1"],"picked":"Poisoned Stab+1","floor":28},{"not_picked":["Deflect","Prepared","Dodge and Roll"],"picked":"SKIP","floor":30}],"player_experience":101104,"relics_obtained":[{"floor":6.0,"key":"Incense Burner"},{"floor":9.0,"key":"Gambling Chip"},{"floor":24,"key":"Du-Vu Doll"},{"floor":26,"key":"Oddly Smooth Stone"}],"event_choices":[{"event_name":"Wheel of Change","player_choice":"Gold","floor":5.0,"damage_taken":0.0},{"event_name":"Golden Wing","player_choice":"Card Removal","floor":11.0,"damage_taken":0.0},{"event_name":"The Library","player_choice":"Read","floor":20.0,"damage_taken":0.0},{"event_name":"The Joust","player_choice":"Bet on Owner","floor":25,"damage_taken":0},{"event_name":"Masked Bandits","player_choice":"Fought over 65 gold","floor":31,"damage_taken":0}],"is_beta":false,"boss_relics":[{"not_picked":["Velvet Choker","Runic Pyramid"],"picked":"Philosopher\u0027s Stone"}],"items_purged_floors":[8,19],"is_endless":false,"potions_floor_spawned":[6,13,16,23,24,28],"ascension_level":2}