{"gold_per_floor":[110,71,41,54,65,65,81,112,112,143,157,191,191,191,191,292,292,312,325,342,342,359,359,393,393,475,398,423,435,435,36,36,133,133,150,150,150,167,47,74,74,109,161,190,190,206,206,225,225,225],"floor_reached":51,"playtime":4317,"items_purged":["Bite"],"score":1041,"play_id":"c3f58187-357c-40b5-9f5d-1e6f6e53153f","local_time":"20180801013156","is_ascension_mode":true,"campfire_choices":[{"data":"Whirlwind","floor":6.0,"key":"SMITH"},{"data":"Bash","floor":15.0,"key":"SMITH"},{"data":"Offering","floor":23.0,"key":"SMITH"},{"data":"Feed","floor":25.0,"key":"SMITH"},{"data":"Shockwave","floor":32.0,"key":"SMITH"},{"data":"True Grit","floor":41.0,"key":"SMITH"},{"data":"True Grit","floor":45,"key":"SMITH"},{"data":"Inflame","floor":47,"key":"SMITH"},{"data":"J.A.X.","floor":49,"key":"SMITH"}],"neow_cost":"NONE","seed_source_timestamp":628786887138725,"circlet_count":0,"master_deck":["Defend_R","Defend_R","Defend_R","Defend_R","Bash+1","Shockwave+1","Whirlwind+1","Metallicize","Shrug It Off","Corruption","Fiend Fire","Inflame+1","Offering+1","Battle Trance","Iron Wave+1","Spot Weakness+1","Clothesline","Feed+1","J.A.X.+1","Clothesline","Bite","Bite","Bite","Bite","Master of Strategy","Exhume","Intimidate+1","Sword Boomerang","Madness","Madness","True Grit+1","True Grit+1","Anger+1","Reckless Charge+1","Disarm+1"],"special_seed":0,"relics":["Black Blood","Oddly Smooth Stone","Anchor","Mercury Hourglass","Ornamental Fan","Strawberry","Happy Flower","Mummified Hand","Du-Vu Doll","Chemical X","Velvet Choker","Bag of Marbles","Bag of Preparation","Boot","Lantern"],"potions_floor_usage":[50,50],"damage_taken":[{"damage":7.0,"enemies":"Small Slimes","floor":1.0,"turns":4.0},{"damage":2.0,"enemies":"Cultist","floor":4.0,"turns":4.0},{"damage":9.0,"enemies":"Jaw Worm","floor":5.0,"turns":3.0},{"damage":4.0,"enemies":"Blue Slaver","floor":7.0,"turns":5.0},{"damage":13.0,"enemies":"Gremlin Nob","floor":8.0,"turns":3.0},{"damage":0.0,"enemies":"3 Sentries","floor":10.0,"turns":4.0},{"damage":0.0,"enemies":"2 Fungi Beasts","floor":11.0,"turns":2.0},{"damage":17.0,"enemies":"Lagavulin","floor":12.0,"turns":6.0},{"damage":41.0,"enemies":"Hexaghost","floor":16.0,"turns":9.0},{"damage":0.0,"enemies":"3 Byrds","floor":18.0,"turns":4.0},{"damage":2.0,"enemies":"Chosen","floor":19.0,"turns":3.0},{"damage":5.0,"enemies":"Snecko","floor":20.0,"turns":3.0},{"damage":28.0,"enemies":"Sentry and Sphere","floor":22.0,"turns":5.0},{"damage":12.0,"enemies":"Slavers","floor":24.0,"turns":3.0},{"damage":8.0,"enemies":"Book of Stabbing","floor":28.0,"turns":3.0},{"damage":5.0,"enemies":"3 Cultists","floor":29.0,"turns":4.0},{"damage":37.0,"enemies":"Champ","floor":33.0,"turns":9.0},{"damage":0.0,"enemies":"Flame Bruiser 1 Orb","floor":35.0,"turns":3.0},{"damage":5.0,"enemies":"Orb Walker","floor":38.0,"turns":2.0},{"damage":53.0,"enemies":"2 Orb Walkers","floor":40.0,"turns":5.0},{"damage":27.0,"enemies":"Giant Head","floor":42.0,"turns":6.0},{"damage":16,"enemies":"2 Orb Walkers","floor":44,"turns":3},{"damage":5,"enemies":"3 Darklings","floor":46,"turns":6},{"damage":8,"enemies":"Maw","floor":48,"turns":7},{"damage":50,"enemies":"Donu and Deca","floor":50,"turns":8}],"seed_played":"-9142397463738553164","potions_obtained":[{"floor":1.0,"key":"EssenceOfSteel"},{"floor":3.0,"key":"Strength Potion"},{"floor":3.0,"key":"Fire Potion"},{"floor":4.0,"key":"Weak Potion"},{"floor":8.0,"key":"Energy Potion"},{"floor":19.0,"key":"Strength Potion"},{"floor":24.0,"key":"SteroidPotion"},{"floor":29.0,"key":"Ancient Potion"},{"floor":48,"key":"Weak Potion"}],"is_trial":false,"path_per_floor":["M","$","?","M","M","R","M","E","T","E","M","E","?","?","R","B",null,"M","M","M","?","M","R","E","R","T","?","E","M","?","$","R","B",null,"M","?","?","M","$","E","R","E","T","E","R","M","R","M","R","B"],"character_chosen":"IRONCLAD","items_purchased":["Whirlwind","Chemical X","Master of Strategy","True Grit"],"campfire_rested":0,"item_purchase_floors":[2,31,31,39],"current_hp_per_floor":[87,87,87,88,85,85,87,80,80,86,88,77,77,72,72,37,81,91,95,95,76,58,58,56,56,56,56,58,63,63,63,63,46,64,70,70,61,74,74,37,37,30,30,24,24,43,43,55,55,21],"gold":225,"neow_bonus":"TEN_PERCENT_HP_BONUS","is_prod":false,"is_daily":false,"chose_seed":false,"campfire_upgraded":9,"win_rate":0,"timestamp":1533051116,"path_taken":["M","$","?","M","M","R","M","E","T","E","M","E","?","?","R","BOSS","M","?","M","?","M","R","E","R","T","?","E","M","?","$","R","BOSS","M","?","?","M","$","E","R","E","T","E","R","M","R","M","R","BOSS"],"build_version":"2018-07-26","purchased_purges":1,"victory":true,"max_hp_per_floor":[88,88,88,88,88,88,88,88,88,88,88,88,88,95,95,95,95,95,95,95,100,100,100,100,100,100,100,100,100,70,70,70,70,70,70,70,70,74,74,74,74,78,78,78,78,78,78,78,78,78],"card_choices":[{"not_picked":["Dropkick","Power Through"],"picked":"Shockwave","floor":1.0},{"not_picked":["Shockwave","Body Slam"],"picked":"Metallicize","floor":4.0},{"not_picked":["Blood for Blood","Iron Wave"],"picked":"Shrug It Off","floor":5.0},{"not_picked":["Warcry","Thunderclap","Evolve"],"picked":"SKIP","floor":7.0},{"not_picked":["Clash","Entrench"],"picked":"Corruption","floor":8.0},{"not_picked":["Warcry","Blood for Blood"],"picked":"Fiend Fire","floor":10.0},{"not_picked":["Perfected Strike","Twin Strike","Flex"],"picked":"SKIP","floor":11.0},{"not_picked":["Clash","Combust"],"picked":"Inflame","floor":12.0},{"not_picked":["Barricade","Limit Break"],"picked":"Offering","floor":16.0},{"not_picked":["Cleave","Armaments"],"picked":"Battle Trance","floor":18.0},{"not_picked":["Pommel Strike","Flex"],"picked":"Iron Wave+1","floor":19.0},{"not_picked":["Body Slam","Cleave"],"picked":"Spot Weakness+1","floor":20.0},{"not_picked":["Pommel Strike+1","Twin Strike"],"picked":"Clothesline","floor":22.0},{"not_picked":["Twin Strike","Intimidate"],"picked":"Feed","floor":24.0},{"not_picked":["Warcry+1","Rage"],"picked":"Clothesline","floor":28.0},{"not_picked":["Cleave","Double Tap"],"picked":"Headbutt","floor":29.0},{"not_picked":["Feed","Berserk"],"picked":"Exhume","floor":33.0},{"not_picked":["Wild Strike+1","Heavy Blade"],"picked":"Intimidate+1","floor":35.0},{"not_picked":["Twin Strike+1","Cleave"],"picked":"True Grit","floor":38.0},{"not_picked":["Battle Trance","True Grit","Twin Strike"],"picked":"SKIP","floor":40.0},{"not_picked":["Flex+1","Dropkick"],"picked":"Anger+1","floor":42.0},{"not_picked":["Body Slam","Combust"],"picked":"Reckless Charge+1","floor":44},{"not_picked":["Anger","Intimidate","Dark Embrace"],"picked":"SKIP","floor":46},{"not_picked":["Wild Strike+1","Sentinel+1"],"picked":"Disarm+1","floor":48}],"player_experience":307461,"relics_obtained":[{"floor":8.0,"key":"Oddly Smooth Stone"},{"floor":9.0,"key":"Anchor"},{"floor":10.0,"key":"Mercury Hourglass"},{"floor":12.0,"key":"Ornamental Fan"},{"floor":24.0,"key":"Happy Flower"},{"floor":26.0,"key":"Mummified Hand"},{"floor":28.0,"key":"Du-Vu Doll"},{"floor":40.0,"key":"Bag of Marbles"},{"floor":42.0,"key":"Bag of Preparation"},{"floor":43.0,"key":"Boot"},{"floor":44,"key":"Lantern"}],"event_choices":[{"event_name":"The Woman in Blue","player_choice":"Bought 2 Potions","floor":3.0,"damage_taken":0.0},{"event_name":"Liars Game","player_choice":"disagreed","floor":13.0,"damage_taken":0.0},{"event_name":"Scrap Ooze","player_choice":"success","floor":14.0,"damage_taken":12.0},{"event_name":"Forgotten Altar","player_choice":"Shed Blood","floor":21.0,"damage_taken":0.0},{"event_name":"Drug Dealer","player_choice":"Got JAXXED","floor":27.0,"damage_taken":0.0},{"event_name":"Vampires","player_choice":"Became a vampire","floor":30.0,"damage_taken":0.0},{"event_name":"Transmorgrifier","player_choice":"Transform","floor":36.0,"damage_taken":0.0},{"event_name":"Winding Halls","player_choice":"Embrace Madness","floor":37.0,"damage_taken":0.0}],"is_beta":false,"boss_relics":[{"not_picked":["Empty Cage","Calling Bell"],"picked":"Black Blood"},{"not_picked":["Mark of Pain","White Beast Statue"],"picked":"Velvet Choker"}],"items_purged_floors":[39],"is_endless":false,"potions_floor_spawned":[1,4,7,8,11,19,24,28,29,38,48],"ascension_level":5}