{"path_per_floor":["M","M","M","?","$","R","M","R","T","M","R","M","E","M","R","B",null,"M","?","?","M","M","R","$"],"character_chosen":"DEFECT","items_purchased":["Defragment","Fire Potion","Cold Snap"],"gold_per_floor":[116,128,142,142,26,26,39,39,66,76,76,87,115,132,132,233,263,279,194,194,204,216,216,116,116],"floor_reached":25,"campfire_rested":1,"playtime":1533,"item_purchase_floors":[5,5,24],"current_hp_per_floor":[69,68,70,75,75,75,72,72,72,77,77,70,56,58,58,28,72,70,70,70,42,15,40,40,0],"items_purged":["Strike_B"],"gold":116,"score":267,"play_id":"c24a06a1-8e95-41a4-a02b-cd28b48f9434","local_time":"20180522021339","is_prod":false,"is_daily":false,"chose_seed":false,"is_ascension_mode":true,"campfire_upgraded":4,"timestamp":1526948019,"campfire_choices":[{"data":"Zap","floor":6,"key":"SMITH"},{"data":"Defragment","floor":8,"key":"SMITH"},{"data":"Loop","floor":11,"key":"SMITH"},{"data":"Hologram","floor":15,"key":"SMITH"},{"floor":23,"key":"REST"}],"path_taken":["M","?","M","?","$","R","?","R","T","M","R","M","E","M","R","BOSS","M","?","?","?","M","R","$","E"],"build_version":"2018-05-18","seed_source_timestamp":217436844303341,"purchased_purges":1,"victory":false,"master_deck":["Strike_B","Strike_B","Strike_B","Defend_B","Defend_B","Defend_B","Defend_B","Zap+1","Dualcast","Loop+1","Stack","Hologram+1","Defragment+1","Self Repair","Force Field","Steam+1","Reboot","Storm","Consume+1","FTL+1","Coolheaded+1","Cold Snap"],"max_hp_per_floor":[75,75,75,80,80,80,80,80,80,80,80,80,80,80,80,80,85,85,85,85,85,85,85,85,85],"relics":["Cracked Core","Blood Vial","Boot","Dream Catcher","Tiny House","Sundial"],"card_choices":[{"not_picked":["Rebound","Blizzard"],"picked":"Loop","floor":1},{"not_picked":["Leap","Go for the Eyes"],"picked":"Stack","floor":2},{"not_picked":["Conserve Battery","Skim"],"picked":"Hologram","floor":3},{"not_picked":["Barrage","Skim"],"picked":"Self Repair","floor":7},{"not_picked":["Streamline","Rebound"],"picked":"Force Field","floor":10},{"not_picked":["Turbo","Coolheaded"],"picked":"Steam","floor":12},{"not_picked":["Turbo","Leap","Axe Kick"],"picked":"SKIP","floor":13},{"not_picked":["Turbo","Rebound","Hyperbeam"],"picked":"SKIP","floor":14},{"not_picked":["Multi-Cast","Meteor Strike"],"picked":"Reboot","floor":16},{"not_picked":["Auto Shields","Scrape"],"picked":"Storm","floor":17},{"not_picked":["Axe Kick","Undo"],"picked":"Consume+1","floor":18},{"not_picked":["Go for the Eyes","Turbo","Beam Cell+1"],"picked":"SKIP","floor":21},{"not_picked":["Turbo","Go for the Eyes+1"],"picked":"FTL+1","floor":22},{"not_picked":["Axe Kick","Sunder"],"picked":"Coolheaded+1","floor":23}],"player_experience":73501,"potions_floor_usage":[7,10,25],"damage_taken":[{"damage":1,"enemies":"Cultist","floor":1,"turns":3},{"damage":3,"enemies":"Jaw Worm","floor":2,"turns":4},{"damage":0,"enemies":"2 Louse","floor":3,"turns":2},{"damage":5,"enemies":"Gremlin Gang","floor":7,"turns":4},{"damage":4,"enemies":"3 Louse","floor":10,"turns":3},{"damage":16,"enemies":"Looter","floor":12,"turns":3},{"damage":23,"enemies":"3 Sentries","floor":13,"turns":7},{"damage":7,"enemies":"2 Fungi Beasts","floor":14,"turns":4},{"damage":39,"enemies":"The Guardian","floor":16,"turns":11},{"damage":11,"enemies":"Spheric Guardian","floor":18,"turns":5},{"damage":37,"enemies":"2 Thieves","floor":21,"turns":5},{"damage":36,"enemies":"Snake Plant","floor":22,"turns":4},{"damage":66,"enemies":"Slavers","floor":25,"turns":4}],"relics_obtained":[{"floor":9,"key":"Boot"},{"floor":13,"key":"Dream Catcher"}],"event_choices":[{"event_name":"Big Fish","player_choice":"Donut","floor":4,"damage_taken":0},{"event_name":"Addict","player_choice":"Obtained Relic","floor":19,"damage_taken":0},{"event_name":"Drug Dealer","player_choice":"Ignored","floor":20,"damage_taken":0}],"boss_relics":[{"not_picked":["Runic Dome","White Beast Statue"],"picked":"Tiny House"}],"items_purged_floors":[24],"potions_floor_spawned":[2,3,10,14,22],"seed_played":"6522824603213907994","killed_by":"Slavers","ascension_level":6,"potions_obtained":[{"floor":2,"key":"FearPotion"},{"floor":3,"key":"GamblersBrew"},{"floor":10,"key":"FairyPotion"},{"floor":14,"key":"GamblersBrew"},{"floor":17,"key":"Ancient Potion"}],"is_trial":false}