{"gold_per_floor":[109,123,135,135,148,148,173,173,173,173,173,22,40,40,40,138,138,153,153,134,134,148,148,148],"floor_reached":24,"playtime":1023,"items_purged":["Strike_R"],"score":245,"play_id":"f760f324-1814-42fc-afec-a9d0402b63bd","local_time":"20190420134310","is_ascension_mode":true,"campfire_choices":[{"data":"Bash","floor":6,"key":"SMITH"},{"data":"Hemokinesis","floor":8,"key":"SMITH"},{"data":"Armaments","floor":10,"key":"SMITH"},{"data":"Uppercut","floor":15,"key":"SMITH"},{"data":"Immolate","floor":23,"key":"SMITH"}],"neow_cost":"NONE","seed_source_timestamp":225669831690277,"circlet_count":0,"master_deck":["Strike_R","Strike_R","Strike_R","Strike_R+1","Defend_R","Defend_R","Defend_R","Defend_R","Bash+1","Armaments+1","Whirlwind+1","Headbutt","Shrug It Off","Hemokinesis+1","Feel No Pain+1","Uppercut+1","Demon Form+1","True Grit+1","Immolate+1","True Grit"],"relics":["Burning Blood","Bronze Scales","Strawberry","Dream Catcher","Frozen Egg 2","Black Star"],"potions_floor_usage":[16,16,20,24],"damage_taken":[{"damage":1,"enemies":"Cultist","floor":1,"turns":3},{"damage":3,"enemies":"Jaw Worm","floor":2,"turns":4},{"damage":1,"enemies":"2 Louse","floor":3,"turns":3},{"damage":0,"enemies":"Exordium Wildlife","floor":5,"turns":2},{"damage":22,"enemies":"3 Sentries","floor":7,"turns":5},{"damage":2,"enemies":"Looter","floor":13,"turns":3},{"damage":39,"enemies":"The Guardian","floor":16,"turns":9},{"damage":2,"enemies":"Chosen","floor":18,"turns":4},{"damage":25,"enemies":"2 Thieves","floor":20,"turns":4},{"damage":18,"enemies":"Snake Plant","floor":22,"turns":5},{"damage":43,"enemies":"Slavers","floor":24,"turns":3}],"seed_played":"-44944798930904144","potions_obtained":[{"floor":1,"key":"BloodPotion"},{"floor":2,"key":"SneckoOil"},{"floor":13,"key":"PowerPotion"},{"floor":19,"key":"Ancient Potion"},{"floor":19,"key":"SmokeBomb"},{"floor":20,"key":"Fire Potion"}],"is_trial":false,"path_per_floor":["M","M","M","?","M","R","E","R","T","R","?","$","M","?","R","B",null,"M","?","M","?","M","R","E"],"character_chosen":"IRONCLAD","items_purchased":["Feel No Pain+1"],"campfire_rested":0,"item_purchase_floors":[12],"current_hp_per_floor":[80,80,80,64,70,70,61,61,61,61,36,36,40,40,40,15,69,73,73,54,54,42,42,0],"gold":148,"neow_bonus":"RANDOM_COMMON_RELIC","is_prod":false,"is_daily":false,"chose_seed":false,"campfire_upgraded":5,"win_rate":0,"timestamp":1555785790,"path_taken":["M","M","?","?","M","R","E","R","T","R","?","?","M","?","R","BOSS","M","?","?","?","M","R","E"],"build_version":"2019-01-23","purchased_purges":1,"victory":false,"max_hp_per_floor":[80,80,80,80,80,80,87,87,87,87,87,87,87,87,87,87,87,87,87,87,87,87,87,87],"card_choices":[{"not_picked":["Twin Strike","Cleave"],"picked":"Armaments","floor":1},{"not_picked":["Iron Wave","Rampage"],"picked":"Whirlwind","floor":2},{"not_picked":["Havoc","Twin Strike"],"picked":"Headbutt","floor":3},{"not_picked":["Berserk","True Grit"],"picked":"Shrug It Off","floor":5},{"not_picked":["Body Slam","Twin Strike"],"picked":"Hemokinesis","floor":7},{"not_picked":["Armaments","Headbutt"],"picked":"Uppercut","floor":13},{"not_picked":["Offering","Berserk+1"],"picked":"Demon Form+1","floor":16},{"not_picked":["Body Slam","Thunderclap+1"],"picked":"True Grit+1","floor":18},{"not_picked":["Heavy Blade","Body Slam"],"picked":"Immolate","floor":20},{"not_picked":["Thunderclap","Bloodletting+1","Body Slam"],"picked":"SKIP","floor":22}],"player_experience":239339,"relics_obtained":[{"floor":7,"key":"Strawberry"},{"floor":9,"key":"Dream Catcher"}],"event_choices":[{"damage_healed":0,"gold_gain":0,"player_choice":"Entered Light","damage_taken":16,"max_hp_gain":0,"max_hp_loss":0,"event_name":"Shining Light","floor":4,"gold_loss":0,"cards_upgraded":["Strike_R","Whirlwind"]},{"damage_healed":0,"gold_gain":0,"player_choice":"Success","damage_taken":25,"relics_obtained":["Frozen Egg 2"],"max_hp_gain":0,"max_hp_loss":0,"event_name":"Scrap Ooze","floor":11,"gold_loss":0},{"damage_healed":0,"gold_gain":0,"player_choice":"Ignored","damage_taken":0,"max_hp_gain":0,"max_hp_loss":0,"event_name":"Liars Game","floor":14,"gold_loss":0},{"damage_healed":0,"gold_gain":0,"player_choice":"Got Potions","damage_taken":0,"max_hp_gain":0,"max_hp_loss":0,"event_name":"Lab","floor":19,"gold_loss":0},{"damage_healed":0,"gold_gain":0,"player_choice":"Read","damage_taken":0,"max_hp_gain":0,"max_hp_loss":0,"event_name":"The Library","floor":21,"gold_loss":0,"cards_obtained":["True Grit"]}],"is_beta":false,"boss_relics":[{"not_picked":["White Beast Statue","Runic Dome"],"picked":"Black Star"}],"items_purged_floors":[12],"is_endless":false,"potions_floor_spawned":[1,2,13,20],"killed_by":"Slavers","ascension_level":5}