{"gold_per_floor":[119,119,129,148,148,180,34,34,58,76,76,87,87,105,105,206,206,222,222,241,26,42,42,42,75,143,40,40,40,40,54,54,155,155,175,175,175,193,293,293,311,324,350,350,364,364,384,384,384,384],"floor_reached":51,"playtime":8253,"items_purged":[],"score":692,"play_id":"b17b1460-953d-43d4-9927-9b8def4602ab","local_time":"20190322014008","is_ascension_mode":false,"campfire_choices":[{"floor":15,"key":"REST"},{"data":"Seeing Red","floor":23,"key":"SMITH"},{"floor":29,"key":"REST"},{"floor":32,"key":"REST"},{"floor":40,"key":"REST"},{"floor":44,"key":"REST"},{"floor":46,"key":"REST"},{"floor":49,"key":"REST"}],"neow_cost":"","seed_source_timestamp":8686689560682,"circlet_count":0,"master_deck":["Strike_R","Strike_R","Strike_R","Defend_R","Defend_R","Defend_R","Bash","Body Slam","Seeing Red+1","Anger","Shrug It Off+1","Double Tap+1","Bloodletting+1","Metallicize","Flame Barrier+1","Inflame","Bludgeon","Seeing Red+1","Twin Strike","Violence+1","Warcry+1","Pommel Strike","Thunderclap","Rupture","Impervious+1","Battle Trance+1","Flex+1","Shrug It Off+1","Iron Wave+1","Headbutt","Blood for Blood+1","Demon Form","Dramatic Entrance","Forethought+1","Apotheosis+1"],"relics":["Burning Blood","Toxic Egg 2","Paper Frog","Oddly Smooth Stone","Mark of Pain","Potion Belt","Regal Pillow","Pear","White Beast Statue","Magic Flower","Bag of Marbles"],"potions_floor_usage":[6,25,33,33,33,33,33,33,33,33,33,39,41,41,42,50,50,50],"damage_taken":[{"damage":19,"enemies":"Small Slimes","floor":1,"turns":5},{"damage":11,"enemies":"Jaw Worm","floor":3,"turns":5},{"damage":0,"enemies":"2 Louse","floor":4,"turns":2},{"damage":56,"enemies":"3 Sentries","floor":6,"turns":11},{"damage":0,"enemies":"2 Fungi Beasts","floor":10,"turns":3},{"damage":6,"enemies":"Exordium Thugs","floor":12,"turns":4},{"damage":3,"enemies":"Blue Slaver","floor":14,"turns":2},{"damage":26,"enemies":"The Guardian","floor":16,"turns":12},{"damage":0,"enemies":"Spheric Guardian","floor":18,"turns":1},{"damage":10,"enemies":"2 Thieves","floor":20,"turns":5},{"damage":12,"enemies":"Centurion and Healer","floor":22,"turns":5},{"damage":39,"enemies":"Book of Stabbing","floor":25,"turns":5},{"damage":35,"enemies":"Sentry and Sphere","floor":31,"turns":6},{"damage":61,"enemies":"Champ","floor":33,"turns":7},{"damage":70,"enemies":"Orb Walker","floor":35,"turns":7},{"damage":19,"enemies":"3 Darklings","floor":38,"turns":7},{"damage":0,"enemies":"Mind Bloom Boss Battle","floor":39,"turns":5},{"damage":70,"enemies":"Transient","floor":41,"turns":5},{"damage":24,"enemies":"Jaw Worm Horde","floor":42,"turns":3},{"damage":23,"enemies":"Spire Growth","floor":45,"turns":5},{"damage":25,"enemies":"4 Shapes","floor":47,"turns":9},{"damage":87,"enemies":"Awakened One","floor":50,"turns":13}],"seed_played":"371703521701097746","potions_obtained":[{"floor":3,"key":"Ancient Potion"},{"floor":4,"key":"SpeedPotion"},{"floor":6,"key":"Swift Potion"},{"floor":10,"key":"Fire Potion"},{"floor":16,"key":"GamblersBrew"},{"floor":20,"key":"Swift Potion"},{"floor":25,"key":"Poison Potion"},{"floor":35,"key":"FearPotion"},{"floor":38,"key":"BloodPotion"},{"floor":39,"key":"PowerPotion"},{"floor":41,"key":"Explosive Potion"},{"floor":42,"key":"Fire Potion"},{"floor":45,"key":"EssenceOfSteel"},{"floor":47,"key":"Dexterity Potion"}],"is_trial":false,"path_per_floor":["?","?","$","T","?","?","?","$","?","?","?","M","?","?","M","?","?"],"character_chosen":"IRONCLAD","items_purchased":["Double Tap+1","Violence+1","Warcry+1","EntropicBrew"],"campfire_rested":7,"item_purchase_floors":[7,21,21,27],"current_hp_per_floor":[67,60,55,61,66,16,16,16,16,22,43,43,43,46,71,51,85,85,85,81,81,75,75,75,42,52,52,33,78,78,49,94,51,100,36,36,36,23,29,73,26,11,11,55,41,85,69,59,97,19],"gold":384,"neow_bonus":"","is_prod":false,"is_daily":false,"chose_seed":false,"campfire_upgraded":1,"win_rate":0.0,"timestamp":1553233208,"path_taken":["M","?","M","M","?","E","?","?","T","M","?","M","?","M","R","BOSS","M","?","M","?","M","R","?","E","T","$","?","R","?","?","R","BOSS","M","?","?","?","?","R","M","M","T","R","M","R","M","?","R","BOSS"],"build_version":"2019-01-23","purchased_purges":0,"victory":true,"max_hp_per_floor":[80,80,80,80,85,85,85,85,85,85,85,85,85,85,85,85,85,85,85,85,85,85,85,85,85,95,95,100,100,100,100,100,100,100,100,100,97,97,97,97,97,97,97,97,97,97,97,97,97,97],"card_choices":[{"not_picked":["Clash","Intimidate"],"picked":"Body Slam","floor":1},{"not_picked":["Sword Boomerang","Flex"],"picked":"Seeing Red","floor":3},{"not_picked":["Clothesline","Burning Pact"],"picked":"Anger","floor":4},{"not_picked":["Burning Pact","Perfected Strike"],"picked":"Shrug It Off","floor":6},{"not_picked":["Reckless Charge","Body Slam"],"picked":"Bloodletting+1","floor":10},{"not_picked":["Ghostly Armor+1","Entrench+1"],"picked":"Metallicize","floor":12},{"not_picked":["Shrug It Off+1","Clothesline"],"picked":"Inflame","floor":14},{"not_picked":["Feed","Juggernaut"],"picked":"Bludgeon","floor":16},{"not_picked":["Cleave+1","Second Wind+1"],"picked":"Seeing Red+1","floor":18},{"not_picked":["Armaments+1","Perfected Strike"],"picked":"Twin Strike","floor":20},{"not_picked":["Dropkick","Clash"],"picked":"Pommel Strike","floor":22},{"not_picked":["Reckless Charge","Feed"],"picked":"Thunderclap","floor":25},{"not_picked":["Anger","Sword Boomerang"],"picked":"Rupture","floor":31},{"not_picked":["Feed","Double Tap+1"],"picked":"Impervious+1","floor":33},{"not_picked":["Clothesline","Headbutt+1"],"picked":"Battle Trance+1","floor":35},{"not_picked":["Pummel+1","Intimidate+1"],"picked":"Flex+1","floor":38},{"not_picked":["Anger","Perfected Strike"],"picked":"Shrug It Off+1","floor":39},{"not_picked":["Inflame","Cleave+1"],"picked":"Iron Wave+1","floor":41},{"not_picked":["Thunderclap","Rupture+1"],"picked":"Headbutt","floor":42},{"not_picked":["Inflame","Headbutt+1"],"picked":"Blood for Blood+1","floor":45},{"not_picked":["Shrug It Off+1","Rage+1"],"picked":"Demon Form","floor":47},{"not_picked":["Panacea+1","Madness+1"],"picked":"Dramatic Entrance","floor":48},{"not_picked":["Swift Strike","Sadistic Nature"],"picked":"Forethought+1","floor":48},{"not_picked":["Magnetism","Forethought+1"],"picked":"Apotheosis+1","floor":48}],"player_experience":0,"relics_obtained":[{"floor":6,"key":"Toxic Egg 2"},{"floor":8,"key":"Paper Frog"},{"floor":9,"key":"Oddly Smooth Stone"},{"floor":25,"key":"Regal Pillow"},{"floor":26,"key":"Pear"},{"floor":39,"key":"Magic Flower"},{"floor":43,"key":"Bag of Marbles"}],"event_choices":[{"cards_removed":["Strike_R"],"damage_healed":0,"gold_gain":0,"player_choice":"Card Removal","damage_taken":7,"max_hp_gain":0,"max_hp_loss":0,"event_name":"Golden Wing","floor":2,"gold_loss":0},{"damage_healed":0,"gold_gain":0,"player_choice":"Donut","damage_taken":0,"max_hp_gain":5,"max_hp_loss":0,"event_name":"Big Fish","floor":5,"gold_loss":0},{"damage_healed":21,"gold_gain":0,"player_choice":"Healed and dodged fight","damage_taken":0,"max_hp_gain":0,"max_hp_loss":0,"event_name":"Mushrooms","floor":11,"gold_loss":0,"cards_obtained":["Parasite"]},{"damage_healed":0,"gold_gain":0,"cards_transformed":["Defend_R"],"player_choice":"Change","damage_taken":0,"max_hp_gain":0,"max_hp_loss":0,"event_name":"Living Wall","floor":13,"gold_loss":0,"cards_obtained":["Flame Barrier"]},{"damage_healed":0,"gold_gain":0,"player_choice":"Bought 0 Potions","damage_taken":0,"max_hp_gain":0,"max_hp_loss":0,"event_name":"The Woman in Blue","floor":19,"gold_loss":0},{"damage_healed":0,"gold_gain":0,"player_choice":"Opened","damage_taken":0,"relics_obtained":["Potion Belt"],"max_hp_gain":0,"max_hp_loss":0,"event_name":"The Mausoleum","floor":24,"gold_loss":0},{"damage_healed":0,"gold_gain":0,"player_choice":"Shed Blood","damage_taken":24,"max_hp_gain":5,"max_hp_loss":0,"event_name":"Forgotten Altar","floor":28,"gold_loss":0},{"cards_removed":["Strike_R"],"damage_healed":0,"gold_gain":0,"player_choice":"Offered Basic","damage_taken":0,"max_hp_gain":0,"max_hp_loss":0,"event_name":"Bonfire Elementals","floor":30,"gold_loss":0},{"damage_healed":0,"gold_gain":0,"player_choice":"Ignored","damage_taken":0,"max_hp_gain":0,"max_hp_loss":0,"event_name":"Mysterious Sphere","floor":36,"gold_loss":0},{"cards_removed":["Parasite"],"damage_healed":0,"gold_gain":0,"player_choice":"Card Removal","damage_taken":0,"max_hp_gain":0,"max_hp_loss":0,"event_name":"Wheel of Change","floor":37,"gold_loss":0},{"damage_healed":0,"gold_gain":0,"player_choice":"Fight","damage_taken":0,"max_hp_gain":0,"max_hp_loss":0,"event_name":"MindBloom","floor":39,"gold_loss":0},{"damage_healed":0,"gold_gain":0,"player_choice":"Memory 3","damage_taken":10,"max_hp_gain":0,"max_hp_loss":0,"event_name":"SensoryStone","floor":48,"gold_loss":0}],"is_beta":false,"boss_relics":[{"not_picked":["Philosopher\u0027s Stone","Cursed Key"],"picked":"Mark of Pain"},{"not_picked":["Coffee Dripper","Runic Cube"],"picked":"White Beast Statue"}],"items_purged_floors":[],"is_endless":false,"potions_floor_spawned":[3,4,6,10,16,20,25,35,38,39,41,42,45,47],"ascension_level":0}