{"gold_per_floor":[144,144,144,189,234,324,324,369,369,414,459,504,504,254,254,554,554,599,674,719,764,764],"floor_reached":22,"playtime":1626,"items_purged":[],"score":190,"play_id":"4bd5b8b1-7cdf-4515-ba67-7073d8ff8cf3","local_time":"20181227112010","daily_mods":["Heirloom","Uncertain Future","Midas"],"is_ascension_mode":false,"campfire_choices":[{"floor":7,"key":"REST"},{"floor":13,"key":"REST"},{"floor":15,"key":"REST"}],"neow_cost":"","seed_source_timestamp":408541191943666,"circlet_count":0,"master_deck":["Strike_R","Strike_R","Strike_R+1","Strike_R+1","Strike_R","Defend_R","Defend_R","Bash+1","Armaments","Havoc","Warcry","Battle Trance","Pommel Strike","Clash","Spot Weakness","Clash","Dark Embrace","Iron Wave","Sentinel+1","Spot Weakness"],"special_seed":17892,"relics":["Burning Blood","Charon\u0027s Ashes","Dream Catcher","StoneCalendar","Ornamental Fan","Empty Cage"],"potions_floor_usage":[],"damage_taken":[{"damage":8,"enemies":"Jaw Worm","floor":1,"turns":4},{"damage":10,"enemies":"Small Slimes","floor":4,"turns":3},{"damage":1,"enemies":"Cultist","floor":5,"turns":3},{"damage":27,"enemies":"Gremlin Nob","floor":6,"turns":4},{"damage":1,"enemies":"Exordium Wildlife","floor":8,"turns":2},{"damage":0,"enemies":"Large Slime","floor":10,"turns":4},{"damage":6,"enemies":"Exordium Thugs","floor":11,"turns":3},{"damage":0,"enemies":"3 Louse","floor":12,"turns":2},{"damage":50,"enemies":"The Guardian","floor":16,"turns":7},{"damage":8,"enemies":"3 Byrds","floor":18,"turns":6},{"damage":30,"enemies":"Spheric Guardian","floor":20,"turns":6},{"damage":12,"enemies":"Snecko","floor":21,"turns":5},{"damage":40,"enemies":"Centurion and Healer","floor":22,"turns":3}],"seed_played":"-1575734639931517173","potions_obtained":[{"floor":6,"key":"SteroidPotion"},{"floor":8,"key":"Strength Potion"},{"floor":11,"key":"Explosive Potion"},{"floor":16,"key":"FearPotion"}],"is_trial":false,"path_per_floor":["M","?","?","M","M","E","R","M","T","M","M","M","R","$","R","B",null,"M","?","M","M","M"],"character_chosen":"IRONCLAD","items_purchased":["Ornamental Fan"],"campfire_rested":3,"item_purchase_floors":[14],"current_hp_per_floor":[78,62,62,58,63,42,66,71,71,77,77,80,80,80,80,36,80,78,70,46,40,0],"gold":764,"neow_bonus":"","is_prod":false,"is_daily":true,"chose_seed":false,"campfire_upgraded":0,"win_rate":0,"timestamp":1545938410,"path_taken":["M","?","?","?","M","E","R","M","T","M","M","M","R","$","R","BOSS","M","?","M","M","M"],"build_version":"2018-12-20","purchased_purges":0,"victory":false,"max_hp_per_floor":[80,80,80,80,80,80,80,80,80,80,80,80,80,80,80,80,80,80,80,80,80,80],"card_choices":[{"not_picked":["True Grit","Rage"],"picked":"Armaments","floor":1},{"not_picked":["Shockwave","Cleave"],"picked":"Havoc","floor":4},{"not_picked":["Flex","Havoc"],"picked":"Warcry","floor":5},{"not_picked":["Flex","True Grit"],"picked":"Battle Trance","floor":6},{"not_picked":["Flex","Headbutt"],"picked":"Pommel Strike","floor":7},{"not_picked":["Headbutt","Uppercut"],"picked":"Clash","floor":8},{"not_picked":["Uppercut","Double Tap"],"picked":"Spot Weakness","floor":10},{"not_picked":["Armaments","True Grit","Havoc"],"picked":"SKIP","floor":11},{"not_picked":["True Grit","Pommel Strike"],"picked":"Clash","floor":12},{"not_picked":["Demon Form","Double Tap"],"picked":"Dark Embrace","floor":16},{"not_picked":["Pommel Strike","Perfected Strike"],"picked":"Iron Wave","floor":18},{"not_picked":["Shrug It Off","Havoc"],"picked":"Sentinel+1","floor":20},{"not_picked":["Reckless Charge","Havoc"],"picked":"Spot Weakness","floor":21}],"player_experience":452108,"relics_obtained":[{"floor":6,"key":"Dream Catcher"},{"floor":9,"key":"StoneCalendar"}],"event_choices":[{"damage_healed":0,"gold_gain":0,"player_choice":"Entered Light","damage_taken":16,"max_hp_gain":0,"max_hp_loss":0,"event_name":"Shining Light","floor":2,"gold_loss":0,"cards_upgraded":["Strike_R","Strike_R"]},{"damage_healed":0,"gold_gain":0,"player_choice":"Grow","damage_taken":0,"max_hp_gain":0,"max_hp_loss":0,"event_name":"Living Wall","floor":3,"gold_loss":0,"cards_upgraded":["Bash"]},{"damage_healed":0,"gold_gain":75,"player_choice":"Touch","damage_taken":8,"max_hp_gain":0,"max_hp_loss":0,"event_name":"FaceTrader","floor":19,"gold_loss":0}],"is_beta":false,"boss_relics":[{"not_picked":["Runic Dome","Orrery"],"picked":"Empty Cage"}],"items_purged_floors":[],"is_endless":false,"potions_floor_spawned":[6,8,11,16,20],"killed_by":"Centurion and Healer","ascension_level":0}