{"gold_per_floor":[116,79,91,91,106,132,132,160,160,170,197,226,226,240,240,314,314,332,97,97,111,111,111,126,126,126,126,146,146,156,189,189,263,263,277,330,350,370,370,370,420,113,113,128,141,141,158,56,56,56,56],"floor_reached":52,"playtime":11259,"items_purged":["Strike_B","Strike_B","Defend_B"],"score":1684,"play_id":"800cedb4-b11c-430f-a828-de9178e4dd53","local_time":"20190117233505","is_ascension_mode":true,"campfire_choices":[{"data":"Barrage","floor":7.0,"key":"SMITH"},{"floor":15.0,"key":"REST"},{"data":"Coolheaded","floor":23.0,"key":"SMITH"},{"data":"Defragment","floor":25.0,"key":"SMITH"},{"data":"Recycle","floor":29.0,"key":"SMITH"},{"data":"Reinforced Body","floor":32.0,"key":"SMITH"},{"data":"Zap","floor":40.0,"key":"SMITH"},{"data":"Dualcast","floor":46.0,"key":"SMITH"},{"floor":49.0,"key":"REST"}],"neow_cost":"NONE","seed_source_timestamp":633321652745955,"circlet_count":0,"master_deck":["AscendersBane","Defend_B","Defend_B","Defend_B","Zap+1","Dualcast+1","Ball Lightning","Defragment+1","Barrage+1","Conserve Battery","Rebound","Core Surge","Biased Cognition+1","Self Repair+1","Buffer+1","Coolheaded+1","Echo Form+1","Recycle+1","Coolheaded+1","Conserve Battery","Reinforced Body+1","Machine Learning+1","Loop+1","Double Energy","Go for the Eyes+1","Loop+1","Electrodynamics+1"],"special_seed":0,"relics":["FrozenCore","Darkstone Periapt","Unceasing Top","Question Card","Odd Mushroom","Frozen Egg 2","Ornamental Fan","Cables","Kunai","Runic Pyramid","Dead Branch","Membership Card"],"potions_floor_usage":[51,51],"damage_taken":[{"damage":3.0,"enemies":"2 Louse","floor":1.0,"turns":2.0},{"damage":2.0,"enemies":"Jaw Worm","floor":3.0,"turns":3.0},{"damage":0.0,"enemies":"Cultist","floor":5.0,"turns":3.0},{"damage":13.0,"enemies":"3 Sentries","floor":6.0,"turns":5.0},{"damage":23.0,"enemies":"Lagavulin","floor":8.0,"turns":5.0},{"damage":2.0,"enemies":"3 Louse","floor":10.0,"turns":3.0},{"damage":9.0,"enemies":"The Mushroom Lair","floor":11.0,"turns":3.0},{"damage":8.0,"enemies":"Gremlin Nob","floor":12.0,"turns":3.0},{"damage":2.0,"enemies":"Looter","floor":14.0,"turns":3.0},{"damage":34.0,"enemies":"Hexaghost","floor":16.0,"turns":9.0},{"damage":9.0,"enemies":"Shell Parasite","floor":18.0,"turns":6.0},{"damage":0.0,"enemies":"Chosen","floor":21.0,"turns":8.0},{"damage":2.0,"enemies":"Snecko","floor":24.0,"turns":10.0},{"damage":7.0,"enemies":"Cultist and Chosen","floor":28.0,"turns":7.0},{"damage":19.0,"enemies":"Centurion and Healer","floor":30.0,"turns":6.0},{"damage":47.0,"enemies":"Book of Stabbing","floor":31.0,"turns":8.0},{"damage":26.0,"enemies":"Collector","floor":33.0,"turns":19.0},{"damage":0.0,"enemies":"Orb Walker","floor":35.0,"turns":5.0},{"damage":25.0,"enemies":"2 Orb Walkers","floor":36.0,"turns":6.0},{"damage":0.0,"enemies":"3 Shapes","floor":37.0,"turns":8.0},{"damage":17.0,"enemies":"Transient","floor":38.0,"turns":6.0},{"damage":0.0,"enemies":"Maw","floor":44.0,"turns":8.0},{"damage":29.0,"enemies":"3 Darklings","floor":45.0,"turns":8.0},{"damage":8.0,"enemies":"4 Shapes","floor":47.0,"turns":5.0},{"damage":38.0,"enemies":"Donu and Deca","floor":50.0,"turns":8.0},{"damage":43,"enemies":"Awakened One","floor":51,"turns":9}],"seed_played":"-2675082352319947795","potions_obtained":[{"floor":3.0,"key":"Fruit Juice"},{"floor":6.0,"key":"Block Potion"},{"floor":8.0,"key":"Swift Potion"},{"floor":11.0,"key":"Swift Potion"},{"floor":12.0,"key":"Explosive Potion"},{"floor":24.0,"key":"SmokeBomb"},{"floor":30.0,"key":"Block Potion"},{"floor":33.0,"key":"SkillPotion"},{"floor":36.0,"key":"FocusPotion"},{"floor":37.0,"key":"Ancient Potion"}],"is_trial":false,"path_per_floor":["M","$","M","?","M","E","R","E","T","M","?","E","T","M","R","B",null,"M","$","?","M","?","R","M","R","T","?","M","R","M","E","R","B",null,"M","?","M","M","$","R","?","$","T","M","M","R","M","$","R","B","B",null],"character_chosen":"DEFECT","items_purchased":["Defragment","Echo Form+1","Recycle","Membership Card","Loop+1","Electrodynamics+1"],"campfire_rested":2,"item_purchase_floors":[2,19,19,42,42,48],"current_hp_per_floor":[61,61,59,64,64,51,51,28,28,26,22,14,14,12,36,12,64,65,65,65,81,81,81,81,81,81,81,81,81,81,44,44,38,70,81,66,81,74,74,74,66,66,66,76,67,67,59,59,81,63,20],"gold":56,"neow_bonus":"REMOVE_CARD","is_prod":false,"is_daily":false,"chose_seed":false,"campfire_upgraded":7,"win_rate":0,"timestamp":1547764505,"path_taken":["M","$","M","?","M","E","R","E","T","M","?","E","?","M","R","BOSS","M","$","?","?","?","R","M","R","T","?","?","R","M","E","R","BOSS","M","?","M","M","$","R","?","$","T","M","?","R","M","$","R","BOSS","BOSS"],"build_version":"2019-01-10","purchased_purges":3,"victory":true,"max_hp_per_floor":[71,71,71,76,76,76,76,76,76,76,81,81,81,81,81,81,81,81,81,81,81,81,81,81,81,81,81,81,81,81,81,81,81,81,81,81,81,81,81,81,81,81,81,81,81,81,81,81,81,81,81],"card_choices":[{"not_picked":["Conserve Battery","Melter"],"picked":"Ball Lightning","floor":1.0},{"not_picked":["Aggregate","Force Field"],"picked":"Barrage","floor":3.0},{"not_picked":["Stack","Redo"],"picked":"Conserve Battery","floor":5.0},{"not_picked":["Loop","Gash"],"picked":"Rebound","floor":6.0},{"not_picked":["Compile Driver","Stack","Blizzard"],"picked":"SKIP","floor":8.0},{"not_picked":["Storm","Reprogram","Steam"],"picked":"Core Surge","floor":10.0},{"not_picked":["Stack","Self Repair","Conserve Battery"],"picked":"Biased Cognition","floor":12.0},{"not_picked":["Conserve Battery","Compile Driver","Gash"],"picked":"Self Repair+1","floor":14.0},{"not_picked":["Hyperbeam","Echo Form+1","Biased Cognition+1"],"picked":"Buffer+1","floor":16.0},{"not_picked":["Fusion","Streamline","Ball Lightning"],"picked":"Coolheaded","floor":18.0},{"not_picked":["Chaos+1","Sweeping Beam","Coolheaded","Rebound"],"picked":"SKIP","floor":21.0},{"not_picked":["Consume","Rip and Tear+1","Go for the Eyes","Steam"],"picked":"SKIP","floor":24.0},{"not_picked":["Coolheaded","White Noise","Stack","Barrage"],"picked":"SKIP","floor":28.0},{"not_picked":["Recycle+1","Skim","Hologram"],"picked":"Conserve Battery","floor":30.0},{"not_picked":["Darkness","Rip and Tear","Fusion"],"picked":"Reinforced Body","floor":31.0},{"not_picked":["Buffer+1","Multi-Cast","Meteor Strike"],"picked":"Machine Learning+1","floor":33.0},{"not_picked":["Lockon","Ball Lightning","Go for the Eyes"],"picked":"Loop+1","floor":35.0},{"not_picked":["White Noise","Sweeping Beam+1","Coolheaded"],"picked":"Double Energy","floor":37.0},{"not_picked":["Meteor Strike","Leap","Force Field"],"picked":"Go for the Eyes+1","floor":38.0},{"not_picked":["Turbo","Blizzard","Chill+1","Compile Driver+1"],"picked":"SKIP","floor":44.0},{"not_picked":["Stack","Self Repair+1","Chaos","Lockon"],"picked":"SKIP","floor":45.0},{"not_picked":["Thunder Strike","Turbo","Static Discharge+1","Stack"],"picked":"SKIP","floor":47.0}],"player_experience":486398,"relics_obtained":[{"floor":6.0,"key":"Darkstone Periapt"},{"floor":8.0,"key":"Unceasing Top"},{"floor":9.0,"key":"Question Card"},{"floor":11.0,"key":"Odd Mushroom"},{"floor":12.0,"key":"Frozen Egg 2"},{"floor":13.0,"key":"Ornamental Fan"},{"floor":26.0,"key":"Cables"},{"floor":31.0,"key":"Kunai"},{"floor":36.0,"key":"Dead Branch"}],"event_choices":[{"damage_healed":0.0,"max_hp_gain":5.0,"max_hp_loss":0.0,"gold_gain":0.0,"event_name":"Big Fish","player_choice":"Donut","floor":4.0,"gold_loss":0.0,"damage_taken":0.0},{"damage_healed":0.0,"max_hp_gain":0.0,"max_hp_loss":0.0,"gold_gain":0.0,"event_name":"Mushrooms","player_choice":"Fought Mushrooms","floor":11.0,"gold_loss":0.0,"damage_taken":0.0},{"cards_removed":["Strike_B"],"damage_healed":0.0,"max_hp_gain":0.0,"max_hp_loss":0.0,"gold_gain":0.0,"event_name":"Purifier","player_choice":"Purged","floor":20.0,"gold_loss":0.0,"damage_taken":0.0},{"damage_healed":0.0,"max_hp_gain":0.0,"max_hp_loss":0.0,"gold_gain":0.0,"event_name":"Vampires","player_choice":"Ignored","floor":22.0,"gold_loss":0.0,"damage_taken":0.0},{"damage_healed":0.0,"max_hp_gain":0.0,"max_hp_loss":0.0,"gold_gain":0.0,"event_name":"Duplicator","player_choice":"Copied","floor":27.0,"gold_loss":0.0,"damage_taken":0.0,"cards_obtained":["Coolheaded"]},{"damage_healed":0.0,"max_hp_gain":0.0,"max_hp_loss":0.0,"gold_gain":0.0,"event_name":"Mysterious Sphere","player_choice":"Fight","floor":36.0,"gold_loss":0.0,"damage_taken":0.0},{"damage_healed":0.0,"max_hp_gain":0.0,"max_hp_loss":0.0,"gold_gain":50.0,"event_name":"FaceTrader","player_choice":"Touch","floor":41.0,"gold_loss":0.0,"damage_taken":8.0}],"is_beta":false,"boss_relics":[{"not_picked":["Snecko Eye","White Beast Statue"],"picked":"FrozenCore"},{"not_picked":["Nuclear Battery","Velvet Choker"],"picked":"Runic Pyramid"}],"items_purged_floors":[19,42,48],"is_endless":false,"potions_floor_spawned":[3,6,8,11,12,24,30,33,36,37,38],"ascension_level":20}