{"gold_per_floor":[219,394,394,162,178,204,218,234,283,295,295,309,341,353],"floor_reached":14,"playtime":753,"items_purged":["Doubt"],"score":112,"play_id":"179d7dad-c0c1-48e8-b69c-8905e47b8a50","local_time":"20190417192840","is_ascension_mode":true,"campfire_choices":[{"floor":11,"key":"REST"}],"neow_cost":"NONE","seed_source_timestamp":17861597537491,"circlet_count":0,"master_deck":["Strike_B+1","Strike_B+1","Strike_B+1","Strike_B+1","Defend_B","Defend_B","Defend_B","Defend_B","Zap","Dualcast","Doom and Gloom","Hello World","Steam","Ball Lightning","Leap","Conserve Battery","Undo","Seek"],"relics":["Cracked Core","Bag of Marbles","Pear","Whetstone","MawBank"],"potions_floor_usage":[],"damage_taken":[{"damage":10,"enemies":"Small Slimes","floor":1,"turns":2},{"damage":0,"enemies":"2 Louse","floor":5,"turns":1},{"damage":36,"enemies":"3 Sentries","floor":6,"turns":6},{"damage":3,"enemies":"Jaw Worm","floor":7,"turns":3},{"damage":7,"enemies":"Exordium Wildlife","floor":8,"turns":2},{"damage":0,"enemies":"3 Louse","floor":10,"turns":3},{"damage":6,"enemies":"Lots of Slimes","floor":12,"turns":3},{"damage":22,"enemies":"Gremlin Nob","floor":13,"turns":4},{"damage":12,"enemies":"Exordium Wildlife","floor":14,"turns":1}],"seed_played":"-8352530482400428551","potions_obtained":[{"floor":5,"key":"Block Potion"},{"floor":7,"key":"Block Potion"},{"floor":12,"key":"PowerPotion"}],"is_trial":false,"path_per_floor":["?","?"],"character_chosen":"DEFECT","items_purchased":["Bag of Marbles"],"campfire_rested":1,"item_purchase_floors":[4],"current_hp_per_floor":[65,65,50,50,50,24,21,14,14,14,39,33,11,0],"gold":353,"neow_bonus":"HUNDRED_GOLD","is_prod":false,"is_daily":false,"chose_seed":false,"campfire_upgraded":0,"win_rate":0,"timestamp":1555543720,"path_taken":["M","?","?","$","M","E","M","M","T","M","R","M","E","M"],"build_version":"2019-01-23","purchased_purges":1,"victory":false,"max_hp_per_floor":[75,75,75,75,75,85,85,85,85,85,85,85,85,85],"card_choices":[{"not_picked":["Barrage","Scrape"],"picked":"Doom and Gloom","floor":1},{"not_picked":["Sweeping Beam","Aggregate"],"picked":"Hello World","floor":5},{"not_picked":["Scrape","Stack"],"picked":"Steam","floor":6},{"not_picked":["Compile Driver","Lockon"],"picked":"Ball Lightning","floor":7},{"not_picked":["Turbo","Rip and Tear"],"picked":"Leap","floor":8},{"not_picked":["Hello World","Steam"],"picked":"Conserve Battery","floor":10},{"not_picked":["Blizzard","Leap"],"picked":"Undo","floor":12},{"not_picked":["Go for the Eyes","FTL"],"picked":"Seek","floor":13}],"player_experience":184175,"relics_obtained":[{"floor":6,"key":"Pear"},{"floor":9,"key":"Whetstone"},{"floor":13,"key":"MawBank"}],"event_choices":[{"damage_healed":0,"gold_gain":175,"player_choice":"AGREE","damage_taken":0,"max_hp_gain":0,"max_hp_loss":0,"event_name":"Liars Game","floor":2,"gold_loss":0,"cards_obtained":["Doubt"]},{"damage_healed":0,"gold_gain":0,"player_choice":"Entered Light","damage_taken":15,"max_hp_gain":0,"max_hp_loss":0,"event_name":"Shining Light","floor":3,"gold_loss":0,"cards_upgraded":["Strike_B","Strike_B"]}],"is_beta":false,"boss_relics":[],"items_purged_floors":[4],"is_endless":false,"potions_floor_spawned":[5,7,12,13],"killed_by":"Exordium Wildlife","ascension_level":2}