{"gold_per_floor":[118,133,148,223,223,223,234,248,248,258,275,303,320,320,320,421,421,435,435,435,453,467,467,467],"floor_reached":24,"playtime":1824,"items_purged":[],"score":217,"play_id":"4e1025db-fb9d-4401-ac40-f6cd54366f5e","local_time":"20180724001824","is_ascension_mode":false,"campfire_choices":[{"data":"Shrug It Off","floor":6,"key":"SMITH"},{"floor":15,"key":"REST"},{"data":"RitualDagger","floor":23,"key":"SMITH"}],"neow_cost":"FIFTY_PERCENT_DAMAGE","seed_source_timestamp":1020951285138483,"circlet_count":0,"master_deck":["Defend_R","Bash","Flex","Combust","Shrug It Off+1","Warcry","Heavy Blade","Bloodletting","Reaper","Flex","Rampage","Ghostly Armor","Demon Form","RitualDagger+1","Bite","Bite","Bite","Bite","Bite","Inflame","Armaments+1"],"relics":["Burning Blood","Anchor","Odd Mushroom","Dream Catcher","Velvet Choker"],"potions_floor_usage":[10,12,12,13,16,24],"damage_taken":[{"damage":5,"enemies":"Small Slimes","floor":1,"turns":3},{"damage":6,"enemies":"Jaw Worm","floor":2,"turns":3},{"damage":1,"enemies":"Cultist","floor":3,"turns":3},{"damage":14,"enemies":"3 Louse","floor":7,"turns":2},{"damage":10,"enemies":"Gremlin Gang","floor":8,"turns":4},{"damage":9,"enemies":"Exordium Wildlife","floor":10,"turns":3},{"damage":1,"enemies":"3 Louse","floor":11,"turns":3},{"damage":10,"floor":12,"turns":5},{"damage":0,"enemies":"Blue Slaver","floor":13,"turns":2},{"damage":23,"enemies":"Slime Boss","floor":16,"turns":10},{"damage":22,"enemies":"Spheric Guardian","floor":18,"turns":5},{"damage":25,"enemies":"Chosen","floor":21,"turns":5},{"damage":38,"enemies":"Snake Plant","floor":22,"turns":5},{"damage":50,"enemies":"Slavers","floor":24,"turns":4}],"seed_played":"3446483066960957070","potions_obtained":[{"floor":2,"key":"Dexterity Potion"},{"floor":3,"key":"SteroidPotion"},{"floor":10,"key":"Fire Potion"},{"floor":11,"key":"Regen Potion"},{"floor":13,"key":"Weak Potion"},{"floor":21,"key":"LiquidBronze"},{"floor":22,"key":"Energy Potion"}],"is_trial":false,"path_per_floor":["M","M","M","?","?","R","M","M","T","M","M","?","M","?","R","B",null,"M","?","?","M","M","R"],"character_chosen":"IRONCLAD","items_purchased":[],"campfire_rested":1,"item_purchase_floors":[],"current_hp_per_floor":[41,41,46,35,28,28,20,16,16,13,18,46,52,27,51,34,80,64,58,56,40,30,30,0],"gold":467,"neow_bonus":"REMOVE_TWO","is_prod":false,"is_daily":false,"chose_seed":false,"campfire_upgraded":2,"win_rate":0,"timestamp":1532355504,"path_taken":["M","M","M","?","?","R","M","?","T","M","M","?","M","?","R","BOSS","M","?","?","?","M","R","E"],"build_version":"2018-07-19v2","purchased_purges":0,"victory":false,"max_hp_per_floor":[80,80,80,80,80,80,80,80,80,80,80,80,80,80,80,80,80,80,80,56,56,56,56,56],"card_choices":[{"not_picked":["Clothesline","Rage"],"picked":"Flex","floor":1},{"not_picked":["Flex","Perfected Strike"],"picked":"Combust","floor":2},{"not_picked":["Heavy Blade","Anger"],"picked":"Shrug It Off","floor":3},{"not_picked":["Pommel Strike","Flex"],"picked":"Warcry","floor":7},{"not_picked":["Power Through","Iron Wave"],"picked":"Heavy Blade","floor":8},{"not_picked":["Headbutt","Heavy Blade"],"picked":"Bloodletting","floor":10},{"not_picked":["Warcry","Disarm"],"picked":"Reaper","floor":11},{"not_picked":["Sword Boomerang","Disarm"],"picked":"Flex","floor":12},{"not_picked":["Sword Boomerang","Cleave"],"picked":"Rampage","floor":13},{"not_picked":["Whirlwind","Body Slam"],"picked":"Ghostly Armor","floor":15},{"not_picked":["Juggernaut","Impervious"],"picked":"Demon Form","floor":16},{"not_picked":["Anger","Bloodletting","Body Slam+1"],"picked":"SKIP","floor":18},{"not_picked":["Shrug It Off+1","Iron Wave+1"],"picked":"Inflame","floor":21},{"not_picked":["Iron Wave","Thunderclap"],"picked":"Armaments+1","floor":22}],"player_experience":42749,"relics_obtained":[{"floor":9,"key":"Anchor"},{"floor":12,"key":"Odd Mushroom"}],"event_choices":[{"event_name":"World of Goop","player_choice":"Gather Gold","floor":4,"damage_taken":0},{"event_name":"Golden Wing","player_choice":"Card Removal","floor":5,"damage_taken":0},{"event_name":"Mushrooms","player_choice":"Fought Mushrooms","floor":12,"damage_taken":0},{"event_name":"Scrap Ooze","player_choice":"success","floor":14,"damage_taken":25},{"event_name":"Nest","player_choice":"Joined the Cult","floor":19,"damage_taken":0},{"event_name":"Vampires","player_choice":"Became a vampire","floor":20,"damage_taken":0}],"is_beta":false,"boss_relics":[{"not_picked":["Ectoplasm","Snecko Eye"],"picked":"Velvet Choker"}],"items_purged_floors":[],"is_endless":false,"potions_floor_spawned":[2,3,10,11,13,21,22],"killed_by":"Slavers","ascension_level":0}