{"gold_per_floor":[19,19,35,35,9,9,28,47,47,58,58,58,90,107,107,107],"floor_reached":16,"playtime":1016,"items_purged":[],"score":189,"play_id":"9ae671bf-4306-47e7-b4f4-413b806d36d9","local_time":"20190402002707","is_ascension_mode":true,"campfire_choices":[{"data":"Endless Agony","floor":6,"key":"SMITH"},{"data":"Prepared","floor":12,"key":"SMITH"},{"data":"Neutralize","floor":15,"key":"SMITH"}],"neow_cost":"NO_GOLD","seed_source_timestamp":523842079299280,"circlet_count":0,"master_deck":["AscendersBane","Defend_G","Defend_G","Defend_G","Defend_G","Strike_G","Strike_G","Strike_G","Strike_G","Survivor","Neutralize+1","Endless Agony+1","Prepared+1","Dagger Throw","Underhanded Strike","Die Die Die","Parasite","Expertise","Leg Sweep"],"relics":["Ring of the Snake","Darkstone Periapt","Molten Egg 2"],"potions_floor_usage":[10,13,13,16],"damage_taken":[{"damage":12,"enemies":"Jaw Worm","floor":1,"turns":7},{"damage":7,"enemies":"Small Slimes","floor":3,"turns":4},{"damage":0,"enemies":"Cultist","floor":7,"turns":3},{"damage":5,"enemies":"3 Louse","floor":8,"turns":4},{"damage":4,"enemies":"Exordium Wildlife","floor":10,"turns":4},{"damage":12,"enemies":"Lagavulin","floor":13,"turns":6},{"damage":2,"enemies":"2 Fungi Beasts","floor":14,"turns":3},{"damage":37,"enemies":"Hexaghost","floor":16,"turns":13}],"seed_played":"3696706755136841756","potions_obtained":[{"floor":1,"key":"Fire Potion"},{"floor":3,"key":"Weak Potion"},{"floor":10,"key":"FearPotion"},{"floor":14,"key":"Dexterity Potion"}],"is_trial":false,"path_per_floor":["M","?","M","?","$","R","M","M","T","M","?","R","E","M","R","B"],"character_chosen":"THE_SILENT","items_purchased":["Dagger Throw"],"campfire_rested":0,"item_purchase_floors":[5],"current_hp_per_floor":[47,47,40,40,40,40,40,35,35,31,53,53,41,39,39,2],"gold":107,"neow_bonus":"REMOVE_TWO","is_prod":false,"is_daily":false,"chose_seed":false,"campfire_upgraded":3,"win_rate":0,"timestamp":1554179227,"path_taken":["M","?","M","?","$","R","M","M","T","M","?","R","E","M","R","BOSS"],"build_version":"2019-01-23","purchased_purges":0,"victory":false,"max_hp_per_floor":[66,66,66,66,66,66,66,66,66,66,72,72,72,72,72,72],"card_choices":[{"not_picked":["Caltrops","Noxious Fumes"],"picked":"Endless Agony","floor":1},{"not_picked":["Cloak And Dagger","Sucker Punch"],"picked":"Prepared","floor":3},{"not_picked":["Quick Slash","Dagger Throw","Caltrops"],"picked":"SKIP","floor":7},{"not_picked":["Masterful Stab","Slice"],"picked":"Underhanded Strike","floor":8},{"not_picked":["Flying Knee","Deadly Poison"],"picked":"Die Die Die","floor":10},{"not_picked":["Backflip","Predator"],"picked":"Expertise","floor":13},{"not_picked":["Blade Dance","Underhanded Strike+1"],"picked":"Leg Sweep","floor":14}],"player_experience":910667,"relics_obtained":[{"floor":9,"key":"Darkstone Periapt"},{"floor":13,"key":"Molten Egg 2"}],"event_choices":[{"damage_healed":0,"gold_gain":0,"player_choice":"Fled","damage_taken":0,"max_hp_gain":0,"max_hp_loss":0,"event_name":"Scrap Ooze","floor":2,"gold_loss":0},{"damage_healed":0,"gold_gain":0,"player_choice":"Ignored","damage_taken":0,"max_hp_gain":0,"max_hp_loss":0,"event_name":"Golden Idol","floor":4,"gold_loss":0},{"damage_healed":16,"gold_gain":0,"player_choice":"Healed and dodged fight","damage_taken":0,"max_hp_gain":0,"max_hp_loss":0,"event_name":"Mushrooms","floor":11,"gold_loss":0,"cards_obtained":["Parasite"]}],"is_beta":false,"boss_relics":[],"items_purged_floors":[],"is_endless":false,"potions_floor_spawned":[1,3,10,14],"killed_by":"Hexaghost","ascension_level":17}