{"gold_per_floor":[117,117,33,50,50,50,65,85,85,120,120,139,139,214,214,285,285,301,301,216,216,141,141],"floor_reached":23,"playtime":1101,"items_purged":["Pain"],"score":374,"play_id":"9874acbc-cc0e-4c7b-9faa-1dd7a50af516","local_time":"20190118185344","is_ascension_mode":true,"campfire_choices":[{"data":"BootSequence","floor":6,"key":"SMITH"},{"data":"Barrage","floor":11,"key":"SMITH"},{"floor":15,"key":"REST"}],"neow_cost":"NONE","seed_source_timestamp":713555903990613,"circlet_count":0,"master_deck":["AscendersBane","Strike_B","Strike_B","Strike_B","Strike_B","Defend_B","Defend_B","Defend_B","Defend_B","Zap","Dualcast","Compile Driver","Ball Lightning","Glacier","BootSequence+1","Barrage+1","Coolheaded","Creative AI","Hologram"],"relics":["Cracked Core","WarpedTongs","Shuriken","Turnip","Sozu","PreservedInsect"],"potions_floor_usage":[8,10,16],"damage_taken":[{"damage":4,"enemies":"Jaw Worm","floor":1,"turns":3},{"damage":0,"enemies":"Cultist","floor":4,"turns":2},{"damage":0,"enemies":"2 Louse","floor":7,"turns":2},{"damage":0,"enemies":"Lots of Slimes","floor":8,"turns":2},{"damage":11,"enemies":"3 Sentries","floor":10,"turns":6},{"damage":8,"enemies":"Blue Slaver","floor":12,"turns":3},{"damage":23,"enemies":"Slime Boss","floor":16,"turns":11},{"damage":9,"enemies":"Spheric Guardian","floor":18,"turns":6},{"damage":29,"enemies":"Colosseum Slavers","floor":19,"turns":4},{"damage":24,"enemies":"Gremlin Leader","floor":23,"turns":2}],"seed_played":"-58003938493322221","potions_obtained":[{"floor":2,"key":"Fire Potion"},{"floor":2,"key":"Energy Potion"},{"floor":4,"key":"Explosive Potion"},{"floor":8,"key":"Weak Potion"},{"floor":16,"key":"SpeedPotion"}],"is_trial":false,"path_per_floor":["M","?","$","M","?","R","M","M","T","E","R","M","?","?","R","B",null,"M","?","?","?","$","E"],"character_chosen":"DEFECT","items_purchased":["Glacier"],"campfire_rested":1,"item_purchase_floors":[3],"current_hp_per_floor":[60,60,60,60,60,60,60,60,60,49,49,41,41,30,51,28,60,51,22,22,22,22,0],"gold":141,"neow_bonus":"THREE_CARDS","is_prod":false,"is_daily":false,"chose_seed":false,"campfire_upgraded":2,"win_rate":0,"timestamp":1547834024,"path_taken":["M","?","$","?","?","R","M","?","T","E","R","M","?","?","R","BOSS","M","?","?","?","?","E"],"build_version":"2019-01-16","purchased_purges":1,"victory":false,"max_hp_per_floor":[71,71,71,71,71,71,71,71,71,71,71,71,71,71,71,71,71,71,71,71,71,71,71],"card_choices":[{"not_picked":["Rebound","Conserve Battery"],"picked":"Compile Driver","floor":0},{"not_picked":["Steam","Rebound"],"picked":"Ball Lightning","floor":1},{"not_picked":["Compile Driver","Reprogram"],"picked":"BootSequence","floor":4},{"not_picked":["Beam Cell","Reprogram"],"picked":"Barrage","floor":7},{"not_picked":["Redo","Sweeping Beam","Melter"],"picked":"SKIP","floor":8},{"not_picked":["Barrage","Ball Lightning","Melter"],"picked":"SKIP","floor":10},{"not_picked":["Barrage","Ball Lightning","Melter"],"picked":"SKIP","floor":10},{"not_picked":["Stack","Redo"],"picked":"Coolheaded","floor":12},{"not_picked":["Biased Cognition","Reboot"],"picked":"Creative AI","floor":16},{"not_picked":["Double Energy","Blizzard"],"picked":"Hologram","floor":18}],"player_experience":508045,"relics_obtained":[{"floor":9,"key":"Shuriken"},{"floor":10,"key":"Turnip"}],"event_choices":[{"damage_healed":0,"gold_gain":0,"player_choice":"Got Potions","damage_taken":0,"max_hp_gain":0,"max_hp_loss":0,"event_name":"Lab","floor":2,"gold_loss":0},{"damage_healed":0,"gold_gain":0,"player_choice":"Rummage","damage_taken":0,"relics_obtained":["WarpedTongs"],"max_hp_gain":0,"max_hp_loss":0,"event_name":"Accursed Blacksmith","floor":5,"gold_loss":0,"cards_obtained":["Pain"]},{"damage_healed":0,"gold_gain":0,"player_choice":"Ignored","damage_taken":0,"max_hp_gain":0,"max_hp_loss":0,"event_name":"Shining Light","floor":13,"gold_loss":0},{"damage_healed":0,"gold_gain":75,"player_choice":"Gather Gold","damage_taken":11,"max_hp_gain":0,"max_hp_loss":0,"event_name":"World of Goop","floor":14,"gold_loss":0},{"damage_healed":0,"gold_gain":0,"player_choice":"Fight","damage_taken":0,"max_hp_gain":0,"max_hp_loss":0,"event_name":"Colosseum","floor":19,"gold_loss":0},{"damage_healed":0,"gold_gain":0,"player_choice":"Fled From Nobs","damage_taken":0,"max_hp_gain":0,"max_hp_loss":0,"event_name":"Colosseum","floor":19,"gold_loss":0},{"damage_healed":0,"gold_gain":0,"player_choice":"Obtained Relic","damage_taken":0,"relics_obtained":["PreservedInsect"],"max_hp_gain":0,"max_hp_loss":0,"event_name":"Addict","floor":20,"gold_loss":85},{"damage_healed":0,"gold_gain":0,"player_choice":"Ignored","damage_taken":0,"max_hp_gain":0,"max_hp_loss":0,"event_name":"Cursed Tome","floor":21,"gold_loss":0}],"is_beta":true,"boss_relics":[{"not_picked":["Runic Pyramid","Inserter"],"picked":"Sozu"}],"items_purged_floors":[22],"is_endless":false,"potions_floor_spawned":[4,7,8,16,18,19],"killed_by":"Gremlin Leader","ascension_level":20}