{"gold_per_floor":[116,128,16,16,26,26,26,26,26,38,38,56,56,69,69,169,169,184,201,132,132,57,57,57,67,146,146,146],"floor_reached":28,"playtime":1131,"items_purged":[],"score":208,"play_id":"b5f96e54-0411-48d3-9d54-b481f4b116fb","local_time":"20190316001704","is_ascension_mode":false,"campfire_choices":[{"data":"Anger","floor":6,"key":"SMITH"},{"data":"Bash","floor":8,"key":"SMITH"},{"data":"Whirlwind","floor":11,"key":"SMITH"},{"data":"Armaments","floor":15,"key":"SMITH"},{"data":"Flame Barrier","floor":23,"key":"SMITH"},{"data":"Intimidate","floor":27,"key":"SMITH"}],"neow_cost":"NONE","seed_source_timestamp":516539239671702,"circlet_count":0,"master_deck":["Strike_R","Strike_R","Strike_R","Strike_R","Defend_R","Defend_R","Defend_R","Defend_R","Bash+1","Thunderclap","Anger+1","Whirlwind+1","Spot Weakness","Battle Trance","Flex","Armaments+1","Twin Strike","Feed","Disarm","Dropkick","Flame Barrier+1","Intimidate+1"],"relics":["Eternal Feather"],"potions_floor_usage":[16,19,19,28],"damage_taken":[{"damage":1,"enemies":"Cultist","floor":1,"turns":3},{"damage":6,"enemies":"Jaw Worm","floor":2,"turns":3},{"damage":3,"enemies":"Small Slimes","floor":5,"turns":3},{"damage":4,"enemies":"Exordium Wildlife","floor":10,"turns":3},{"damage":2,"enemies":"Blue Slaver","floor":12,"turns":2},{"damage":0,"enemies":"Large Slime","floor":14,"turns":4},{"damage":27,"enemies":"The Guardian","floor":16,"turns":8},{"damage":5,"enemies":"Chosen","floor":18,"turns":4},{"damage":41,"enemies":"Spheric Guardian","floor":19,"turns":8},{"damage":23,"enemies":"3 Cultists","floor":25,"turns":5},{"damage":51,"enemies":"Cultist and Chosen","floor":28,"turns":5}],"seed_played":"3729119970162082239","potions_obtained":[{"floor":5,"key":"Strength Potion"},{"floor":10,"key":"EssenceOfSteel"},{"floor":14,"key":"BloodPotion"},{"floor":18,"key":"GamblersBrew"}],"is_trial":false,"path_per_floor":["M","M","$","?","M","R","$","R","T","M","R","M","?","M","R","B",null,"M","M","$","?","?","R","T","M","T","R","M"],"character_chosen":"IRONCLAD","items_purchased":["Whirlwind","Spot Weakness","Flame Barrier"],"campfire_rested":0,"item_purchase_floors":[3,3,20],"current_hp_per_floor":[79,73,73,73,70,79,79,80,80,76,80,78,78,78,80,53,80,78,37,37,37,37,49,49,26,26,38,0],"gold":146,"neow_bonus":"BOSS_RELIC","is_prod":false,"is_daily":false,"chose_seed":false,"campfire_upgraded":6,"win_rate":0,"timestamp":1552709824,"path_taken":["M","M","?","?","M","R","$","R","T","M","R","M","?","?","R","BOSS","M","M","$","?","?","R","?","M","T","R","M"],"build_version":"2019-01-23","purchased_purges":0,"victory":false,"max_hp_per_floor":[80,80,80,80,80,80,80,80,80,80,80,80,80,80,80,80,80,83,83,83,83,83,83,83,83,83,83,83],"card_choices":[{"not_picked":["Clothesline","Heavy Blade"],"picked":"Thunderclap","floor":1},{"not_picked":["Pommel Strike","Wild Strike"],"picked":"Anger","floor":2},{"not_picked":["Iron Wave","Brutality"],"picked":"Battle Trance","floor":5},{"not_picked":["Body Slam","Warcry"],"picked":"Flex","floor":10},{"not_picked":["Wild Strike","Anger"],"picked":"Armaments","floor":12},{"not_picked":["Fire Breathing","Thunderclap"],"picked":"Twin Strike","floor":14},{"not_picked":["Juggernaut","Impervious"],"picked":"Feed","floor":16},{"not_picked":["Entrench","Anger+1"],"picked":"Disarm","floor":18},{"not_picked":["Thunderclap","Power Through+1"],"picked":"Dropkick","floor":19},{"not_picked":["Armaments","Iron Wave"],"picked":"Intimidate","floor":25}],"player_experience":869398,"relics_obtained":[],"event_choices":[{"damage_healed":0,"gold_gain":0,"player_choice":"Ignored","damage_taken":0,"max_hp_gain":0,"max_hp_loss":0,"event_name":"Golden Idol","floor":4,"gold_loss":0},{"damage_healed":0,"gold_gain":0,"player_choice":"Searched \u00270\u0027 times","damage_taken":0,"max_hp_gain":0,"max_hp_loss":0,"event_name":"Dead Adventurer","floor":13,"gold_loss":0},{"cards_removed":["Strike_R"],"damage_healed":0,"gold_gain":0,"player_choice":"Gave Gold","damage_taken":0,"max_hp_gain":0,"max_hp_loss":0,"event_name":"Beggar","floor":22,"gold_loss":75}],"is_beta":false,"boss_relics":[{"not_picked":[]}],"items_purged_floors":[],"is_endless":false,"potions_floor_spawned":[5,10,14,18],"killed_by":"Cultist and Chosen","ascension_level":0}