{"gold_per_floor":[118,193,158,175,175,175,54,73,103,103,115,150,164,182,182,286,286,302,321,321,336,261,261,261,261,288,301,311,15,15],"floor_reached":30,"playtime":3655,"items_purged":[],"score":232,"play_id":"a41572a4-c179-4fb8-b126-4f3e6af0daec","local_time":"20190324180752","is_ascension_mode":false,"campfire_choices":[{"data":"Rainbow","floor":6,"key":"SMITH"},{"floor":10,"key":"REST"},{"floor":15,"key":"REST"},{"floor":23,"key":"REST"},{"floor":25,"key":"REST"}],"neow_cost":"NONE","seed_source_timestamp":14188010324214,"circlet_count":0,"master_deck":["Strike_B","Strike_B","Strike_B","Defend_B","Defend_B","Defend_B+1","Defend_B","Zap","Dualcast+1","Rainbow+1","Streamline","Rip and Tear","Lockon","Leap","Double Energy","Barrage","Capacitor","Self Repair","Loop","Electrodynamics","Turbo+1","Aggregate+1","Loop","Coolheaded","Conserve Battery"],"relics":["Cracked Core","Shuriken","Tiny Chest","War Paint","Nuclear Battery","Happy Flower","Torii"],"potions_floor_usage":[19,19,21],"damage_taken":[{"damage":0,"enemies":"Small Slimes","floor":1,"turns":3},{"damage":9,"enemies":"Jaw Worm","floor":4,"turns":2},{"damage":0,"enemies":"2 Louse","floor":8,"turns":1},{"damage":0,"enemies":"Exordium Wildlife","floor":11,"turns":2},{"damage":15,"enemies":"3 Sentries","floor":12,"turns":6},{"damage":2,"enemies":"Red Slaver","floor":13,"turns":2},{"damage":0,"enemies":"3 Louse","floor":14,"turns":2},{"damage":20,"enemies":"The Guardian","floor":16,"turns":9},{"damage":21,"enemies":"Chosen","floor":18,"turns":5},{"damage":12,"enemies":"Spheric Guardian","floor":19,"turns":4},{"damage":27,"enemies":"Shelled Parasite and Fungi","floor":21,"turns":4},{"damage":13,"enemies":"Centurion and Healer","floor":27,"turns":6},{"damage":59,"enemies":"Cultist and Chosen","floor":28,"turns":7},{"damage":14,"enemies":"Snake Plant","floor":30,"turns":1}],"seed_played":"-8529540069475312298","potions_obtained":[{"floor":4,"key":"SpeedPotion"},{"floor":11,"key":"Swift Potion"},{"floor":16,"key":"PowerPotion"},{"floor":27,"key":"Ancient Potion"}],"is_trial":false,"path_per_floor":["?","?","T","M","?","?","?","M"],"character_chosen":"DEFECT","items_purchased":["Lockon","Leap","Torii"],"campfire_rested":4,"item_purchase_floors":[7,7,29],"current_hp_per_floor":[75,64,75,66,66,66,66,66,66,75,75,60,58,58,75,62,75,54,42,42,22,22,44,44,66,66,60,8,8,0],"gold":15,"neow_bonus":"ONE_RANDOM_RARE_CARD","is_prod":false,"is_daily":false,"chose_seed":false,"campfire_upgraded":1,"win_rate":0.0,"timestamp":1553465272,"path_taken":["M","?","?","M","?","R","$","M","T","R","?","E","M","M","R","BOSS","M","M","?","M","?","R","?","R","T","M","?","$","M"],"build_version":"2019-01-23","purchased_purges":0,"victory":false,"max_hp_per_floor":[75,75,75,75,75,75,75,75,75,75,75,75,75,75,75,75,75,75,75,75,75,75,75,75,75,75,75,75,75,75],"card_choices":[{"not_picked":["Scrape","Gash"],"picked":"Streamline","floor":1},{"not_picked":["Hologram","Streamline"],"picked":"Rip and Tear","floor":4},{"not_picked":["Reprogram","Rebound"],"picked":"Double Energy","floor":8},{"not_picked":["Compile Driver","Fusion"],"picked":"Barrage","floor":11},{"not_picked":["Meteor Strike","Stack"],"picked":"Capacitor","floor":12},{"not_picked":["Compile Driver","Steam"],"picked":"Self Repair","floor":13},{"not_picked":["Capacitor","Ball Lightning"],"picked":"Loop","floor":14},{"not_picked":["Rainbow","Multi-Cast"],"picked":"Electrodynamics","floor":16},{"not_picked":["Stack+1","Coolheaded"],"picked":"Turbo+1","floor":18},{"not_picked":["Gash","Leap"],"picked":"Aggregate+1","floor":19},{"not_picked":["Reprogram+1","Hologram"],"picked":"Loop","floor":21},{"not_picked":["Turbo+1","Streamline"],"picked":"Coolheaded","floor":27},{"not_picked":["Hologram","Chaos"],"picked":"Conserve Battery","floor":28}],"player_experience":52580,"relics_obtained":[{"floor":5,"key":"Shuriken"},{"floor":9,"key":"Tiny Chest"},{"floor":12,"key":"War Paint"},{"floor":26,"key":"Happy Flower"}],"event_choices":[{"damage_healed":0,"gold_gain":75,"player_choice":"Gather Gold","damage_taken":11,"max_hp_gain":0,"max_hp_loss":0,"event_name":"World of Goop","floor":2,"gold_loss":0},{"damage_healed":18,"gold_gain":0,"player_choice":"Healed","damage_taken":0,"max_hp_gain":0,"max_hp_loss":0,"event_name":"The Cleric","floor":3,"gold_loss":35},{"damage_healed":0,"gold_gain":0,"player_choice":"Ignored","damage_taken":0,"max_hp_gain":0,"max_hp_loss":0,"event_name":"Ghosts","floor":20,"gold_loss":0},{"cards_removed":["Strike_B"],"damage_healed":0,"gold_gain":0,"player_choice":"Gave Gold","damage_taken":0,"max_hp_gain":0,"max_hp_loss":0,"event_name":"Beggar","floor":22,"gold_loss":75},{"damage_healed":0,"gold_gain":0,"player_choice":"Ignored","damage_taken":0,"max_hp_gain":0,"max_hp_loss":0,"event_name":"Vampires","floor":24,"gold_loss":0}],"is_beta":false,"boss_relics":[{"not_picked":["FrozenCore","Tiny House"],"picked":"Nuclear Battery"}],"items_purged_floors":[],"is_endless":false,"potions_floor_spawned":[4,11,16,27],"killed_by":"Snake Plant","ascension_level":0}