{"gold_per_floor":[119,132,207,217,392,392,27,41,97,125,149,149,160,10,10,113,113,79,28,28,43,43,43],"floor_reached":23,"playtime":898,"items_purged":["Doubt"],"score":189,"play_id":"450a52f3-3b1d-4772-af3b-1340c7526e83","local_time":"20181201193213","is_ascension_mode":false,"campfire_choices":[{"data":"Zap","floor":6,"key":"SMITH"},{"data":"Glacier","floor":12,"key":"SMITH"},{"floor":15,"key":"REST"}],"neow_cost":"NONE","seed_source_timestamp":1278866507653820,"circlet_count":0,"master_deck":["Strike_B+1","Strike_B+1","Strike_B+1","Strike_B+1","Defend_B+1","Defend_B+1","Defend_B+1","Defend_B+1","Zap+1","Dualcast","Auto Shields","Darkness","Go for the Eyes","Auto Shields","Glacier","Coolheaded","Cold Snap","Redo","Glacier+1","BootSequence","Machine Learning","Conserve Battery","Turbo","Stack","Flash of Steel"],"relics":["Cracked Core","PreservedInsect","Tiny Chest","DataDisk","Oddly Smooth Stone","Happy Flower","Black Star"],"potions_floor_usage":[16,23],"damage_taken":[{"damage":0,"enemies":"2 Louse","floor":1,"turns":2},{"damage":0,"enemies":"Jaw Worm","floor":2,"turns":3},{"damage":0,"enemies":"Cultist","floor":4,"turns":4},{"damage":7,"enemies":"Exordium Thugs","floor":8,"turns":5},{"damage":4,"enemies":"3 Sentries","floor":10,"turns":7},{"damage":0,"enemies":"Large Slime","floor":13,"turns":7},{"damage":6,"enemies":"The Guardian","floor":16,"turns":17},{"damage":15,"enemies":"2 Thieves","floor":18,"turns":5},{"damage":3,"enemies":"Chosen","floor":21,"turns":7},{"damage":57,"enemies":"Gremlin Leader","floor":23,"turns":8}],"seed_played":"6494963298246470486","potions_obtained":[{"floor":1,"key":"Fruit Juice"},{"floor":4,"key":"Strength Potion"}],"is_trial":false,"path_per_floor":["M","M","?","M","?","R","$","M","T","E","T","R","M","$","R","B",null,"M","$","?","M","?","E"],"character_chosen":"DEFECT","items_purchased":["PreservedInsect","Glacier","Coolheaded","Cold Snap","Happy Flower","Turbo"],"campfire_rested":1,"item_purchase_floors":[7,7,7,7,14,19],"current_hp_per_floor":[75,75,64,64,64,64,64,57,57,53,53,53,53,53,75,74,80,65,65,65,62,46,0],"gold":43,"neow_bonus":"THREE_CARDS","is_prod":false,"is_daily":false,"chose_seed":false,"campfire_upgraded":2,"win_rate":0.0,"timestamp":1543714333,"path_taken":["M","M","?","M","?","R","?","M","T","E","?","R","?","$","R","BOSS","M","$","?","M","?","E"],"build_version":"2018-11-15","purchased_purges":1,"victory":false,"max_hp_per_floor":[75,75,75,75,75,75,75,75,75,75,75,75,75,75,75,80,80,80,80,80,80,80,80],"card_choices":[{"not_picked":["Skim","Go for the Eyes"],"picked":"Auto Shields","floor":0},{"not_picked":["Go for the Eyes","Steam Power"],"picked":"Darkness","floor":1},{"not_picked":["Darkness","Recycle"],"picked":"Go for the Eyes","floor":2},{"not_picked":["White Noise","Barrage"],"picked":"Auto Shields","floor":4},{"not_picked":["Rebound","Go for the Eyes"],"picked":"Redo","floor":8},{"not_picked":["Self Repair","Aggregate"],"picked":"Glacier","floor":10},{"not_picked":["Leap","Beam Cell"],"picked":"BootSequence","floor":13},{"not_picked":["Electrodynamics","Amplify"],"picked":"Machine Learning","floor":16},{"not_picked":["Hologram","Gash"],"picked":"Conserve Battery","floor":18},{"not_picked":["Force Field","Leap"],"picked":"Stack","floor":21}],"player_experience":97622,"relics_obtained":[{"floor":9,"key":"Tiny Chest"},{"floor":10,"key":"DataDisk"},{"floor":11,"key":"Oddly Smooth Stone"}],"event_choices":[{"damage_healed":0,"gold_gain":75,"player_choice":"Gather Gold","damage_taken":11,"max_hp_gain":0,"max_hp_loss":0,"event_name":"World of Goop","floor":3,"gold_loss":0},{"damage_healed":0,"gold_gain":175,"player_choice":"AGREE","damage_taken":0,"max_hp_gain":0,"max_hp_loss":0,"event_name":"Liars Game","floor":5,"gold_loss":0,"cards_obtained":["Doubt"]},{"damage_healed":0,"gold_gain":0,"player_choice":"Simplicity","damage_taken":0,"max_hp_gain":0,"max_hp_loss":0,"event_name":"Back to Basics","floor":20,"gold_loss":0,"cards_upgraded":["Strike_B","Strike_B","Strike_B","Strike_B","Defend_B","Defend_B","Defend_B","Defend_B"]},{"damage_healed":0,"gold_gain":0,"player_choice":"CARD ","damage_taken":16,"max_hp_gain":0,"max_hp_loss":0,"event_name":"Knowing Skull","floor":22,"potions_obtained":[],"gold_loss":0,"cards_obtained":["Flash of Steel"]}],"is_beta":false,"boss_relics":[{"not_picked":["Snecko Eye","Runic Dome"],"picked":"Black Star"}],"items_purged_floors":[7],"is_endless":false,"potions_floor_spawned":[1,4],"killed_by":"Gremlin Leader","ascension_level":0}