{"gold_per_floor":[118,17,17,17,29,58,58,85,112,129,129,140,140,173,173,270,270,281,140,160,160,172,172,200,200,225,225,244,244,259,289,289,289],"floor_reached":33,"playtime":1365,"items_purged":["Defend_B","Defend_B"],"score":344,"play_id":"d207047f-c8d4-4683-8b01-d6fe69b0abbc","local_time":"20190412021738","is_ascension_mode":true,"campfire_choices":[{"data":"Zap","floor":7,"key":"SMITH"},{"data":"Steam","floor":13,"key":"SMITH"},{"data":"Dualcast","floor":15,"key":"SMITH"},{"data":"Self Repair","floor":23,"key":"SMITH"},{"data":"Rebound","floor":25,"key":"SMITH"},{"data":"Sweeping Beam","floor":27,"key":"SMITH"},{"floor":32,"key":"REST"}],"neow_cost":"NONE","seed_source_timestamp":24537954673181,"circlet_count":0,"master_deck":["Strike_B","Strike_B","Strike_B","Strike_B","Defend_B","Defend_B","Zap+1","Dualcast+1","Coolheaded","Cold Snap","Steam","Rebound+1","Coolheaded","Steam+1","Sweeping Beam+1","Redo","Core Surge","Go for the Eyes","Self Repair+1","Rebound+1","Double Energy+1","Redo+1"],"relics":["Cracked Core","NeowsBlessing","Omamori","Bag of Marbles","Anchor","Sundial","Busted Crown","Orichalcum","Oddly Smooth Stone","Bag of Preparation"],"potions_floor_usage":[24,31,31,31,33],"damage_taken":[{"damage":0,"enemies":"2 Louse","floor":1,"turns":1},{"damage":0,"enemies":"Small Slimes","floor":5,"turns":1},{"damage":0,"enemies":"Gremlin Nob","floor":6,"turns":1},{"damage":8,"enemies":"Lagavulin","floor":8,"turns":6},{"damage":0,"enemies":"Cultist","floor":10,"turns":3},{"damage":0,"enemies":"Looter","floor":12,"turns":2},{"damage":4,"enemies":"3 Sentries","floor":14,"turns":8},{"damage":27,"enemies":"Hexaghost","floor":16,"turns":14},{"damage":9,"enemies":"Spheric Guardian","floor":18,"turns":4},{"damage":0,"enemies":"3 Byrds","floor":20,"turns":6},{"damage":14,"enemies":"Snake Plant","floor":22,"turns":5},{"damage":21,"enemies":"Gremlin Leader","floor":24,"turns":8},{"damage":1,"enemies":"3 Cultists","floor":28,"turns":5},{"damage":10,"enemies":"Shelled Parasite and Fungi","floor":30,"turns":6},{"damage":52,"enemies":"Book of Stabbing","floor":31,"turns":9},{"damage":66,"enemies":"Automaton","floor":33,"turns":6}],"seed_played":"3852323899464594134","potions_obtained":[{"floor":5,"key":"SkillPotion"},{"floor":6,"key":"FearPotion"},{"floor":8,"key":"Fire Potion"},{"floor":24,"key":"FocusPotion"},{"floor":31,"key":"Regen Potion"}],"is_trial":false,"path_per_floor":["M","$","?","?","M","E","R","E","T","M","?","M","R","E","R","B",null,"M","$","M","?","M","R","E","R","T","R","M","?","M","E","R","B"],"character_chosen":"DEFECT","items_purchased":["Cold Snap","Self Repair"],"campfire_rested":1,"item_purchase_floors":[2,19],"current_hp_per_floor":[75,75,75,75,75,75,75,67,67,67,60,60,60,56,56,29,75,66,66,73,73,66,66,55,55,55,55,64,64,64,22,44,0],"gold":289,"neow_bonus":"THREE_ENEMY_KILL","is_prod":false,"is_daily":false,"chose_seed":false,"campfire_upgraded":6,"win_rate":0,"timestamp":1555053458,"path_taken":["M","$","?","?","M","E","R","E","T","M","?","M","R","E","R","BOSS","M","$","M","?","M","R","E","R","T","R","M","?","M","E","R","BOSS"],"build_version":"2019-01-23","purchased_purges":2,"victory":false,"max_hp_per_floor":[75,75,75,75,75,75,75,75,75,75,75,75,75,75,75,75,75,75,75,75,75,75,75,75,75,75,75,75,75,75,75,75,75],"card_choices":[{"not_picked":["Compile Driver","Chill"],"picked":"Coolheaded","floor":1},{"not_picked":["Conserve Battery","Recycle"],"picked":"Steam","floor":5},{"not_picked":["Lockon","White Noise"],"picked":"Rebound","floor":6},{"not_picked":["Echo Form","Hello World"],"picked":"Coolheaded","floor":8},{"not_picked":["Chill","Compile Driver"],"picked":"Steam","floor":10},{"not_picked":["Rip and Tear","Streamline"],"picked":"Sweeping Beam","floor":12},{"not_picked":["Reprogram","Aggregate"],"picked":"Redo","floor":14},{"not_picked":["Meteor Strike","Buffer"],"picked":"Core Surge","floor":16},{"not_picked":[],"picked":"Go for the Eyes","floor":18},{"not_picked":[],"picked":"Rebound+1","floor":20},{"not_picked":["Doom and Gloom"],"picked":"SKIP","floor":22},{"not_picked":[],"picked":"Double Energy+1","floor":24},{"not_picked":["Steam"],"picked":"SKIP","floor":28},{"not_picked":[],"picked":"Redo+1","floor":30},{"not_picked":["Melter"],"picked":"SKIP","floor":31}],"player_experience":151667,"relics_obtained":[{"floor":6,"key":"Omamori"},{"floor":8,"key":"Bag of Marbles"},{"floor":9,"key":"Anchor"},{"floor":14,"key":"Sundial"},{"floor":24,"key":"Orichalcum"},{"floor":26,"key":"Oddly Smooth Stone"},{"floor":31,"key":"Bag of Preparation"}],"event_choices":[{"damage_healed":0,"gold_gain":0,"player_choice":"Ignored","damage_taken":0,"max_hp_gain":0,"max_hp_loss":0,"event_name":"Liars Game","floor":3,"gold_loss":0},{"damage_healed":0,"gold_gain":0,"player_choice":"Ignored","damage_taken":0,"max_hp_gain":0,"max_hp_loss":0,"event_name":"Golden Idol","floor":4,"gold_loss":0},{"damage_healed":0,"gold_gain":0,"player_choice":"Damaged","damage_taken":7,"max_hp_gain":0,"max_hp_loss":0,"event_name":"Wheel of Change","floor":11,"gold_loss":0},{"damage_healed":0,"gold_gain":0,"player_choice":"Ignored","damage_taken":0,"max_hp_gain":0,"max_hp_loss":0,"event_name":"Ghosts","floor":21,"gold_loss":0},{"damage_healed":0,"gold_gain":0,"player_choice":"Leave","damage_taken":0,"max_hp_gain":0,"max_hp_loss":0,"event_name":"FaceTrader","floor":29,"gold_loss":0}],"is_beta":false,"boss_relics":[{"not_picked":["Snecko Eye","Fusion Hammer"],"picked":"Busted Crown"}],"items_purged_floors":[2,19],"is_endless":false,"potions_floor_spawned":[5,6,8,12,18,24,31],"killed_by":"Automaton","ascension_level":1}