{"gold_per_floor":[109,126,146,164,239,264,264,275,299,299,299,357,373,373],"floor_reached":14,"playtime":933,"items_purged":[],"score":112,"play_id":"80fbc9eb-f9f7-4aa8-85a4-8231c16338f1","local_time":"20190319234342","is_ascension_mode":true,"campfire_choices":[{"floor":7.0,"key":"REST"},{"data":"Neutralize","floor":10.0,"key":"SMITH"}],"neow_cost":"NONE","seed_source_timestamp":0,"circlet_count":0,"master_deck":["Defend_G","Defend_G","Defend_G","Defend_G","Defend_G","Strike_G","Strike_G","Strike_G","Strike_G","Strike_G","Survivor","Neutralize+1","Backflip","Well Laid Plans","Dodge and Roll","Noxious Fumes","Backflip","Poisoned Stab","Corpse Explosion","Poisoned Stab","Dagger Throw"],"special_seed":0,"relics":["Ring of the Snake","Bronze Scales","Dodecahedron","Pen Nib","Tiny Chest"],"potions_floor_usage":[12],"damage_taken":[{"damage":0.0,"enemies":"Cultist","floor":1.0,"turns":5.0},{"damage":0.0,"enemies":"2 Louse","floor":2.0,"turns":3.0},{"damage":0.0,"enemies":"Jaw Worm","floor":3.0,"turns":5.0},{"damage":7.0,"enemies":"3 Louse","floor":4.0,"turns":3.0},{"damage":40.0,"enemies":"Lagavulin","floor":6.0,"turns":13.0},{"damage":0.0,"enemies":"Red Slaver","floor":8.0,"turns":4.0},{"damage":35,"enemies":"Gremlin Nob","floor":12,"turns":6},{"damage":10,"enemies":"Exordium Thugs","floor":13,"turns":4},{"damage":4,"enemies":"Blue Slaver","floor":14,"turns":1}],"seed_played":"-3309492763475547579","potions_obtained":[{"floor":1.0,"key":"EntropicBrew"},{"floor":2.0,"key":"Fire Potion"},{"floor":4.0,"key":"Regen Potion"},{"floor":6.0,"key":"EssenceOfSteel"}],"is_trial":false,"path_per_floor":["M","M","M","M","?","E","R","M","T","R","?","E","M","M"],"character_chosen":"THE_SILENT","items_purchased":[],"campfire_rested":1,"item_purchase_floors":[],"current_hp_per_floor":[70,70,70,63,52,27,48,48,48,48,48,13,3,0],"gold":373,"neow_bonus":"RANDOM_COMMON_RELIC","is_prod":false,"is_daily":false,"chose_seed":false,"campfire_upgraded":1,"win_rate":0,"timestamp":1553057022,"path_taken":["M","M","?","M","?","E","R","M","T","R","?","E","?","M"],"build_version":"2019-01-23","purchased_purges":0,"victory":false,"max_hp_per_floor":[70,70,70,70,70,70,70,70,70,70,70,70,70,70],"card_choices":[{"not_picked":["Sucker Punch","Infinite Blades","Underhanded Strike"],"picked":"SKIP","floor":1.0},{"not_picked":["Blade Dance","Outmaneuver"],"picked":"Backflip","floor":2.0},{"not_picked":["Skewer","Catalyst"],"picked":"Well Laid Plans","floor":3.0},{"not_picked":["Backstab","Flying Knee"],"picked":"Dodge and Roll","floor":4.0},{"not_picked":["Deadly Poison","Flying Knee"],"picked":"Noxious Fumes","floor":6.0},{"not_picked":["All Out Attack","Acrobatics"],"picked":"Backflip","floor":8.0},{"not_picked":["Deadly Poison","Concentrate"],"picked":"Poisoned Stab","floor":12},{"not_picked":["Wraith Form v2","Riddle With Holes"],"picked":"Dagger Throw","floor":13}],"player_experience":81075,"relics_obtained":[{"floor":6.0,"key":"Dodecahedron"},{"floor":9.0,"key":"Pen Nib"},{"floor":12,"key":"Tiny Chest"}],"event_choices":[{"damage_healed":0.0,"max_hp_gain":0.0,"max_hp_loss":0.0,"gold_gain":75.0,"event_name":"World of Goop","player_choice":"Gather Gold","floor":5.0,"gold_loss":0.0,"damage_taken":11.0},{"damage_healed":0.0,"max_hp_gain":0.0,"max_hp_loss":0.0,"gold_gain":0.0,"event_name":"Match and Keep!","player_choice":"2 cards matched","floor":11.0,"gold_loss":0.0,"damage_taken":0.0,"cards_obtained":["Poisoned Stab","Corpse Explosion"]},{"damage_healed":0.0,"max_hp_gain":0.0,"max_hp_loss":0.0,"gold_gain":0.0,"event_name":"Match and Keep!","player_choice":"2 cards matched","floor":11.0,"gold_loss":0.0,"damage_taken":0.0,"cards_obtained":["Poisoned Stab","Corpse Explosion"]}],"is_beta":false,"boss_relics":[],"items_purged_floors":[],"is_endless":false,"potions_floor_spawned":[1,2,4,6],"killed_by":"Blue Slaver","ascension_level":2}