{"path_per_floor":["M","$","M","M","?","E","R","E","T","M","?","M","M","M","R","B",null,"M"],"character_chosen":"DEFECT","items_purchased":["Genetic Algorithm"],"gold_per_floor":[112,35,53,73,73,105,105,138,138,155,155,168,179,197,197,299,299,314,269],"floor_reached":19,"campfire_rested":0,"playtime":1472,"item_purchase_floors":[],"current_hp_per_floor":[66,66,65,65,50,36,36,17,17,17,42,42,42,38,38,7,58,7,0],"items_purged":[],"gold":269,"score":235,"play_id":"2e75c127-f03f-496e-aa12-50f811eeb260","local_time":"20180522001218","is_prod":false,"is_daily":false,"chose_seed":false,"is_ascension_mode":true,"campfire_upgraded":2,"timestamp":1526940738,"campfire_choices":[{"data":"Reinforced Body","floor":7.0,"key":"SMITH"},{"data":"Zap","floor":15.0,"key":"SMITH"}],"path_taken":["M","$","M","M","?","E","R","E","T","M","?","?","M","M","R","BOSS","M","M"],"build_version":"2018-05-18","seed_source_timestamp":0,"purchased_purges":0,"victory":false,"master_deck":["Strike_B","Strike_B","Strike_B","Defend_B+1","Defend_B","Defend_B","Defend_B","Zap+1","Dualcast","Cold Snap","Genetic Algorithm+1","Reinforced Body+1","Go for the Eyes","Turbo","Skim","Steam","Beam Cell","Skim","Skim","Hyperbeam"],"max_hp_per_floor":[75,75,75,75,75,75,75,75,75,75,75,75,75,75,75,75,75,80,80],"relics":["Cracked Core","Bag of Preparation","Letter Opener","Question Card","Snecko Eye"],"card_choices":[{"not_picked":["Leap","Capacitor"],"picked":"Cold Snap","floor":1.0},{"not_picked":["Coolheaded","White Noise"],"picked":"Reinforced Body","floor":3.0},{"not_picked":["Steam","Scrape"],"picked":"Go for the Eyes","floor":4.0},{"not_picked":["Reinforced Body","Rip and Tear"],"picked":"Turbo","floor":6.0},{"not_picked":["Hello World","Aggregate"],"picked":"Skim","floor":8.0},{"not_picked":["Barrage","Coolheaded","Defragment"],"picked":"Steam","floor":10.0},{"not_picked":["Lockon","Leap","Recycle"],"picked":"Beam Cell","floor":12.0},{"not_picked":["Cold Snap","Go for the Eyes","Streamline"],"picked":"Skim","floor":13.0},{"not_picked":["Axe Kick","Leap","Streamline"],"picked":"Skim","floor":14.0},{"not_picked":["Amplify","Reboot","Nova"],"picked":"Hyperbeam","floor":16.0},{"not_picked":["Steam+1","Barrage","Rebound","Cold Snap"],"picked":"SKIP","floor":18.0}],"player_experience":68521,"potions_floor_usage":[],"damage_taken":[{"damage":2.0,"enemies":"2 Louse","floor":1.0,"turns":3.0},{"damage":1.0,"enemies":"Jaw Worm","floor":3.0,"turns":3.0},{"damage":0.0,"enemies":"Small Slimes","floor":4.0,"turns":3.0},{"damage":14.0,"enemies":"Gremlin Nob","floor":6.0,"turns":4.0},{"damage":19.0,"enemies":"3 Sentries","floor":8.0,"turns":10.0},{"damage":0.0,"enemies":"Large Slime","floor":10.0,"turns":4.0},{"damage":0.0,"enemies":"3 Louse","floor":12.0,"turns":2.0},{"damage":0.0,"enemies":"Red Slaver","floor":13.0,"turns":3.0},{"damage":4.0,"enemies":"Large Slime","floor":14.0,"turns":5.0},{"damage":41.0,"enemies":"Hexaghost","floor":16.0,"turns":16.0},{"damage":56.0,"enemies":"Shell Parasite","floor":18.0,"turns":9.0},{"damage":11,"enemies":"2 Thieves","floor":19,"turns":2}],"relics_obtained":[{"floor":6.0,"key":"Bag of Preparation"},{"floor":8.0,"key":"Letter Opener"},{"floor":9.0,"key":"Question Card"}],"event_choices":[{"event_name":"Shining Light","player_choice":"Entered Light","floor":5.0,"damage_taken":0.0},{"event_name":"Big Fish","player_choice":"Banana","floor":11.0,"damage_taken":0.0}],"boss_relics":[],"items_purged_floors":[],"potions_floor_spawned":[4,8,10,13,16],"seed_played":"8142885978538894529","killed_by":"2 Thieves","ascension_level":6,"potions_obtained":[{"floor":4.0,"key":"Strength Potion"},{"floor":8.0,"key":"EssenceOfSteel"},{"floor":10.0,"key":"FairyPotion"},{"floor":13.0,"key":"EssenceOfSteel"},{"floor":16.0,"key":"Fruit Juice"}],"is_trial":false}