{"gold_per_floor":[114,124,124,136,136,136,169,187,187,187],"floor_reached":10,"playtime":964,"items_purged":[],"score":78,"play_id":"b59428d9-7e0e-46ec-9d87-fca3388980ca","local_time":"20180727051628","is_ascension_mode":true,"campfire_choices":[{"data":"Neutralize","floor":6,"key":"SMITH"}],"neow_cost":"","seed_source_timestamp":213878119277615,"circlet_count":0,"master_deck":["Defend_G","Defend_G","Defend_G","Defend_G+1","Defend_G","Strike_G","Strike_G","Strike_G+1","Strike_G","Strike_G","Survivor","Neutralize+1","Dash","Sucker Punch","Predator","Decay","Caltrops","Masterful Stab"],"relics":["Ring of the Snake","Paper Crane","The Specimen"],"potions_floor_usage":[10],"damage_taken":[{"damage":5,"enemies":"Jaw Worm","floor":1,"turns":6},{"damage":0,"enemies":"2 Louse","floor":2,"turns":4},{"damage":0,"enemies":"Cultist","floor":4,"turns":3},{"damage":14,"enemies":"3 Sentries","floor":7,"turns":10},{"damage":19,"enemies":"Lots of Slimes","floor":8,"turns":5},{"damage":26,"enemies":"Lagavulin","floor":10,"turns":8}],"seed_played":"-2799829481393474701","potions_obtained":[{"floor":1,"key":"SmokeBomb"},{"floor":2,"key":"PowerPotion"},{"floor":7,"key":"GhostInAJar"}],"is_trial":false,"path_per_floor":["M","M","?","M","?","R","E","M","T"],"character_chosen":"THE_SILENT","items_purchased":[],"campfire_rested":0,"item_purchase_floors":[],"current_hp_per_floor":[65,65,51,51,51,51,37,18,18,0],"gold":187,"neow_bonus":"","is_prod":false,"is_daily":false,"chose_seed":false,"campfire_upgraded":1,"win_rate":0,"timestamp":1532632588,"path_taken":["M","M","?","?","?","R","E","M","T","E"],"build_version":"2018-07-19v2","purchased_purges":0,"victory":false,"max_hp_per_floor":[70,70,70,70,70,70,70,70,70,70],"card_choices":[{"not_picked":["Bane","Deflect"],"picked":"Dash","floor":1},{"not_picked":["Bouncing Flask","Underhanded Strike"],"picked":"Sucker Punch","floor":2},{"not_picked":["Tactician","Calculated Gamble"],"picked":"Predator","floor":4},{"not_picked":["Dodge and Roll","Setup"],"picked":"Caltrops","floor":7},{"not_picked":["Riddle With Holes","Slice"],"picked":"Masterful Stab","floor":8}],"player_experience":151249,"relics_obtained":[{"floor":7,"key":"Paper Crane"},{"floor":9,"key":"The Specimen"}],"event_choices":[{"event_name":"Shining Light","player_choice":"Entered Light","floor":3,"damage_taken":0},{"event_name":"Wheel of Change","player_choice":"Curse","floor":5,"damage_taken":0}],"is_beta":false,"boss_relics":[],"items_purged_floors":[],"is_endless":false,"potions_floor_spawned":[1,2,7],"killed_by":"Lagavulin","ascension_level":3}