{"gold_per_floor":[110,125,138,138,7,7,39,39,39,4,4,17,74,94,94,168,168,188,188,188,202,202,202,237,254,254,271,57,57,89,101,101,174,174,186,186,239,251,19,45,45,78,78,106,106,119,130,130,130,130,130,130,5,30,30],"floor_reached":55,"playtime":7739,"items_purged":["Injury","Strike_G","Strike_G"],"score":1719,"play_id":"b94d9ad3-f22f-47a3-a891-da3962d3d6f1","local_time":"20190417194952","is_ascension_mode":true,"campfire_choices":[{"data":"Noxious Fumes","floor":6.0,"key":"SMITH"},{"data":"Footwork","floor":8.0,"key":"SMITH"},{"data":"Leg Sweep","floor":15.0,"key":"SMITH"},{"data":"Malaise","floor":23.0,"key":"SMITH"},{"data":"Dodge and Roll","floor":29.0,"key":"SMITH"},{"data":"Dagger Spray","floor":32.0,"key":"SMITH"},{"data":"Noxious Fumes","floor":41,"key":"SMITH"},{"data":"Well Laid Plans","floor":45,"key":"SMITH"},{"floor":49,"key":"RECALL"},{"data":"Catalyst","floor":52,"key":"SMITH"}],"neow_cost":"NONE","seed_source_timestamp":0,"circlet_count":0,"master_deck":["AscendersBane","Defend_G","Defend_G","Defend_G","Defend_G","Strike_G","Survivor","Neutralize+1","Noxious Fumes+1","Blur","Poisoned Stab","Footwork+1","Cloak And Dagger","Dodge and Roll+1","Leg Sweep+1","Crippling Poison","Malaise+1","Catalyst+1","Slice","Cloak And Dagger","Dagger Spray+1","Dagger Throw","Blade Dance+1","Leg Sweep+1","Escape Plan+1","Well Laid Plans+1","Dodge and Roll+1","Blur+1","Burst+1","Bandage Up+1","Blind+1","Blur+1","Expertise+1","Noxious Fumes+1","Cloak And Dagger+1","Doppelganger+1","Writhe","Deflect+1","Catalyst+1","Decay"],"special_seed":0,"relics":["Ring of the Snake","Thread and Needle","Letter Opener","Snake Skull","Cursed Key","Dream Catcher","Pocketwatch","Toxic Egg 2","Mummified Hand","Coffee Dripper","Nunchaku","Lantern","Calipers","Blue Candle","Bottled Lightning","Shuriken"],"potions_floor_usage":[40,40,42,55,55],"damage_taken":[{"damage":3.0,"enemies":"2 Louse","floor":1.0,"turns":4.0},{"damage":3.0,"enemies":"Small Slimes","floor":2.0,"turns":5.0},{"damage":0.0,"enemies":"Jaw Worm","floor":3.0,"turns":6.0},{"damage":8.0,"enemies":"Lagavulin","floor":7.0,"turns":7.0},{"damage":0.0,"enemies":"Large Slime","floor":12.0,"turns":7.0},{"damage":16.0,"enemies":"Lagavulin Event","floor":13.0,"turns":5.0},{"damage":0.0,"enemies":"3 Louse","floor":14.0,"turns":4.0},{"damage":0.0,"enemies":"Hexaghost","floor":16.0,"turns":10.0},{"damage":0.0,"enemies":"Chosen","floor":18.0,"turns":7.0},{"damage":0.0,"enemies":"Shell Parasite","floor":21.0,"turns":7.0},{"damage":0.0,"enemies":"Book of Stabbing","floor":24.0,"turns":9.0},{"damage":0.0,"enemies":"3 Cultists","floor":25.0,"turns":5.0},{"damage":4.0,"enemies":"Chosen and Byrds","floor":27.0,"turns":7.0},{"damage":10.0,"enemies":"Gremlin Leader","floor":30.0,"turns":7.0},{"damage":0.0,"enemies":"Cultist and Chosen","floor":31.0,"turns":7.0},{"damage":0.0,"enemies":"Automaton","floor":33.0,"turns":11.0},{"damage":28.0,"enemies":"3 Darklings","floor":35.0,"turns":4.0},{"damage":58,"enemies":"2 Orb Walkers","floor":37,"turns":7},{"damage":0,"enemies":"Orb Walker","floor":38,"turns":4},{"damage":0,"enemies":"Reptomancer","floor":40,"turns":6},{"damage":0,"enemies":"Nemesis","floor":42,"turns":9},{"damage":1,"enemies":"Reptomancer","floor":44,"turns":7},{"damage":0,"enemies":"Writhing Mass","floor":46,"turns":7},{"damage":1,"enemies":"Sphere and 2 Shapes","floor":47,"turns":5},{"damage":4,"enemies":"Awakened One","floor":50,"turns":19},{"damage":10,"enemies":"Shield and Spear","floor":54,"turns":5},{"damage":58,"enemies":"The Heart","floor":55,"turns":5}],"seed_played":"1977167006186548930","potions_obtained":[{"floor":3.0,"key":"AttackPotion"},{"floor":7.0,"key":"Poison Potion"},{"floor":12.0,"key":"SteroidPotion"},{"floor":13.0,"key":"Ancient Potion"},{"floor":30.0,"key":"GamblersBrew"},{"floor":31.0,"key":"Dexterity Potion"},{"floor":35.0,"key":"FairyPotion"},{"floor":38,"key":"AttackPotion"},{"floor":40,"key":"Regen Potion"},{"floor":46,"key":"SpeedPotion"},{"floor":47,"key":"Strength Potion"}],"is_trial":false,"path_per_floor":["M","M","M","?","$","R","E","R","T","?","$","M","?","M","R","B",null,"M","?","?","M","?","R","E","M","T","M","$","R","E","M","R","B",null,"M","?","?","M","$","E","R","E","T","E","R","M","M","T","R","B",null,"R","$","E","B"],"character_chosen":"THE_SILENT","items_purchased":["Footwork","Cloak And Dagger","Escape Plan+1","Well Laid Plans","Noxious Fumes","Poison Potion"],"campfire_rested":0,"item_purchase_floors":[5,5,28,28,39,39],"current_hp_per_floor":[56,53,53,46,46,46,38,38,38,54,54,54,38,38,38,38,59,59,59,59,59,59,59,59,59,59,55,55,55,45,45,45,45,61,33,28,6,6,6,12,12,33,33,38,38,44,49,49,49,57,64,64,64,58,0],"gold":30,"neow_bonus":"UPGRADE_CARD","is_prod":false,"is_daily":false,"chose_seed":false,"campfire_upgraded":9,"win_rate":0,"timestamp":1555494592,"path_taken":["M","M","M","?","$","R","E","R","T","?","$","M","?","M","R","BOSS","M","?","?","M","?","R","E","?","T","M","$","R","E","M","R","BOSS","M","?","?","M","$","E","R","E","T","E","R","M","M","?","R","BOSS","R","$","E","BOSS"],"build_version":"2019-01-23","purchased_purges":3,"victory":false,"max_hp_per_floor":[66,66,66,66,66,66,66,66,66,66,66,66,66,66,66,66,66,66,66,66,66,66,66,66,66,66,66,66,66,66,66,66,66,66,66,66,66,66,66,66,66,66,66,66,66,66,66,66,66,66,66,66,66,66,66],"card_choices":[{"not_picked":["Slice","Underhanded Strike"],"picked":"Noxious Fumes","floor":1.0},{"not_picked":["Poisoned Stab","Flying Knee"],"picked":"Blur","floor":2.0},{"not_picked":["Flying Knee","Concentrate"],"picked":"Poisoned Stab","floor":3.0},{"not_picked":["Underhanded Strike","Blade Dance","Reflex"],"picked":"SKIP","floor":7.0},{"not_picked":["Infinite Blades","Acrobatics"],"picked":"Dodge and Roll","floor":12.0},{"not_picked":["Blur","Caltrops"],"picked":"Leg Sweep","floor":13.0},{"not_picked":["Bouncing Flask","Sucker Punch"],"picked":"Crippling Poison","floor":14.0},{"not_picked":["Grand Finale","Adrenaline"],"picked":"Malaise","floor":16.0},{"not_picked":["Poisoned Stab","Heel Hook"],"picked":"Catalyst","floor":18.0},{"not_picked":["Accuracy","Flying Knee","Leg Sweep"],"picked":"SKIP","floor":21.0},{"not_picked":["Concentrate+1","Deflect"],"picked":"Dagger Throw","floor":24.0},{"not_picked":["Dagger Spray","Leg Sweep"],"picked":"Blade Dance+1","floor":25.0},{"not_picked":["Slice","Poisoned Stab"],"picked":"Leg Sweep+1","floor":27.0},{"not_picked":["Well Laid Plans","Dash"],"picked":"Dodge and Roll+1","floor":30.0},{"not_picked":["Acrobatics+1","Blade Dance+1"],"picked":"Blur+1","floor":31.0},{"not_picked":["A Thousand Cuts","After Image"],"picked":"Burst+1","floor":33.0},{"not_picked":["Flying Knee","Sucker Punch","Dagger Spray+1"],"picked":"SKIP","floor":35.0},{"not_picked":["Magnetism","Enlightenment+1"],"picked":"Bandage Up+1","floor":36.0},{"not_picked":["Impatience+1","Trip+1"],"picked":"Blind+1","floor":36.0},{"not_picked":["Sucker Punch","Crippling Poison+1"],"picked":"Blur+1","floor":37},{"not_picked":["Predator+1","Finisher"],"picked":"Expertise+1","floor":38},{"not_picked":["Reflex+1","Expertise+1"],"picked":"Cloak And Dagger+1","floor":40},{"not_picked":["Prepared+1","Infinite Blades"],"picked":"Doppelganger+1","floor":42},{"not_picked":["Dagger Throw","Predator"],"picked":"Deflect+1","floor":44},{"not_picked":["PiercingWail+1","Eviscerate","Calculated Gamble+1"],"picked":"SKIP","floor":46},{"not_picked":["Quick Slash","Outmaneuver+1"],"picked":"Catalyst+1","floor":47},{"not_picked":["Cloak And Dagger+1","Bane","Quick Slash"],"picked":"SKIP","floor":54}],"player_experience":638187,"relics_obtained":[{"floor":7.0,"key":"Thread and Needle"},{"floor":9.0,"key":"Letter Opener"},{"floor":22.0,"key":"Dream Catcher"},{"floor":24.0,"key":"Pocketwatch"},{"floor":26.0,"key":"Toxic Egg 2"},{"floor":30.0,"key":"Mummified Hand"},{"floor":37,"key":"Nunchaku"},{"floor":40,"key":"Lantern"},{"floor":42,"key":"Calipers"},{"floor":44,"key":"Blue Candle"},{"floor":48,"key":"Bottled Lightning"},{"floor":54,"key":"Shuriken"}],"event_choices":[{"cards_removed":["Defend_G"],"damage_healed":0.0,"max_hp_gain":0.0,"max_hp_loss":0.0,"gold_gain":0.0,"event_name":"Golden Wing","player_choice":"Card Removal","floor":4.0,"gold_loss":0.0,"damage_taken":7.0},{"damage_healed":16.0,"max_hp_gain":0.0,"max_hp_loss":0.0,"gold_gain":0.0,"event_name":"The Cleric","player_choice":"Healed","floor":10.0,"gold_loss":35.0,"damage_taken":0.0},{"damage_healed":0.0,"max_hp_gain":0.0,"max_hp_loss":0.0,"gold_gain":0.0,"event_name":"Dead Adventurer","player_choice":"Searched \u00273\u0027 times","floor":13.0,"gold_loss":0.0,"damage_taken":0.0,"relics_obtained":["Snake Skull"]},{"damage_healed":0.0,"max_hp_gain":0.0,"max_hp_loss":0.0,"gold_gain":0.0,"cards_transformed":["Strike_G","Strike_G"],"event_name":"Drug Dealer","player_choice":"Became Test Subject","floor":19.0,"gold_loss":0.0,"damage_taken":0.0,"cards_obtained":["Slice","Cloak And Dagger"]},{"damage_healed":0.0,"max_hp_gain":0.0,"max_hp_loss":0.0,"gold_gain":0.0,"event_name":"The Library","player_choice":"Read","floor":20.0,"gold_loss":0.0,"damage_taken":0.0,"cards_obtained":["Dagger Spray"]},{"damage_healed":0.0,"max_hp_gain":0.0,"max_hp_loss":0.0,"gold_gain":0.0,"event_name":"Wheel of Change","player_choice":"Relic","floor":22.0,"gold_loss":0.0,"damage_taken":0.0},{"damage_healed":0.0,"max_hp_gain":0.0,"max_hp_loss":0.0,"gold_gain":0.0,"event_name":"SensoryStone","player_choice":"Memory 2","floor":36.0,"gold_loss":0.0,"damage_taken":5.0},{"damage_healed":0,"gold_gain":0,"player_choice":"Fight","damage_taken":0,"max_hp_gain":0,"max_hp_loss":0,"event_name":"Mysterious Sphere","floor":37,"gold_loss":0}],"is_beta":false,"boss_relics":[{"not_picked":["Astrolabe","Pandora\u0027s Box"],"picked":"Cursed Key"},{"not_picked":["Fusion Hammer","Runic Dome"],"picked":"Coffee Dripper"}],"items_purged_floors":[28,39,53],"is_endless":false,"potions_floor_spawned":[3,7,12,13,30,31,35,38,40,46,47,54],"killed_by":"The Heart","ascension_level":15}