{"gold_per_floor":[10,26,42,42,11,11,21,21,21,21,40,40,55,55,55,129,129,139,159,3,3],"floor_reached":21,"playtime":2482,"items_purged":["Strike_G"],"score":320,"play_id":"36e64402-3657-49f4-91cf-ea8309d8a738","local_time":"20190328232629","is_ascension_mode":true,"campfire_choices":[{"data":"Underhanded Strike","floor":6,"key":"SMITH"},{"data":"Survivor","floor":8,"key":"SMITH"},{"data":"Prepared","floor":10,"key":"SMITH"},{"data":"Dagger Spray","floor":12,"key":"SMITH"},{"data":"Well Laid Plans","floor":15,"key":"SMITH"}],"neow_cost":"NO_GOLD","seed_source_timestamp":173129060913559,"circlet_count":0,"master_deck":["AscendersBane","Defend_G","Defend_G","Defend_G","Defend_G","Defend_G","Strike_G","Strike_G","Strike_G","Strike_G","Survivor+1","Neutralize","Unload+1","Prepared+1","Dagger Throw","Cloak And Dagger","Underhanded Strike+1","Dagger Throw","Dagger Spray+1","Well Laid Plans+1","Neutralize","Tools of the Trade","Crippling Poison+1","Eviscerate","Concentrate"],"relics":["Ring of the Snake","Ornamental Fan","Runic Pyramid"],"potions_floor_usage":[16,18,19],"damage_taken":[{"damage":1,"enemies":"Small Slimes","floor":1,"turns":4},{"damage":0,"enemies":"Cultist","floor":2,"turns":3},{"damage":4,"enemies":"Jaw Worm","floor":3,"turns":4},{"damage":22,"enemies":"Exordium Thugs","floor":5,"turns":5},{"damage":1,"enemies":"2 Fungi Beasts","floor":7,"turns":3},{"damage":0,"enemies":"Blue Slaver","floor":11,"turns":3},{"damage":0,"enemies":"Looter","floor":13,"turns":2},{"damage":3,"enemies":"The Guardian","floor":16,"turns":17},{"damage":4,"enemies":"Spheric Guardian","floor":18,"turns":5},{"damage":1,"enemies":"3 Byrds","floor":19,"turns":3},{"damage":56,"enemies":"Centurion and Healer","floor":21,"turns":9}],"seed_played":"-6159343332206343946","potions_obtained":[{"floor":5,"key":"EssenceOfSteel"},{"floor":7,"key":"LiquidBronze"},{"floor":16,"key":"Block Potion"}],"is_trial":false,"path_per_floor":["M","M","M","?","M","R","M","R","T","R","M","R","M","?","R","B",null,"M","M","$","M"],"character_chosen":"THE_SILENT","items_purchased":["Concentrate"],"campfire_rested":0,"item_purchase_floors":[20],"current_hp_per_floor":[58,58,54,54,32,32,31,31,31,31,31,31,31,31,31,28,57,53,52,52,0],"gold":3,"neow_bonus":"THREE_RARE_CARDS","is_prod":false,"is_daily":false,"chose_seed":false,"campfire_upgraded":5,"win_rate":0,"timestamp":1553829989,"path_taken":["M","M","M","?","?","R","M","R","T","R","M","R","M","?","R","BOSS","M","M","$","M"],"build_version":"2019-01-23","purchased_purges":1,"victory":false,"max_hp_per_floor":[66,66,66,66,66,66,66,66,66,66,66,66,66,66,66,66,66,66,66,66,66],"card_choices":[{"not_picked":["Doppelganger","Night Terror"],"picked":"Unload","floor":0},{"not_picked":["Sucker Punch","Bane"],"picked":"Prepared","floor":1},{"not_picked":["Blade Dance","Footwork"],"picked":"Dagger Throw","floor":2},{"not_picked":["Dodge and Roll","Blade Dance"],"picked":"Cloak And Dagger","floor":3},{"not_picked":["Flying Knee","Backstab"],"picked":"Underhanded Strike","floor":5},{"not_picked":["Prepared","Deflect"],"picked":"Dagger Throw","floor":7},{"not_picked":["Setup","Slice"],"picked":"Dagger Spray","floor":11},{"not_picked":["Cloak And Dagger","Crippling Poison"],"picked":"Well Laid Plans","floor":13},{"not_picked":["Venomology","Burst"],"picked":"Tools of the Trade","floor":16},{"not_picked":["Catalyst","Choke"],"picked":"Crippling Poison+1","floor":18},{"not_picked":["Bouncing Flask","Predator"],"picked":"Eviscerate","floor":19}],"player_experience":901575,"relics_obtained":[{"floor":9,"key":"Ornamental Fan"}],"event_choices":[{"damage_healed":0,"gold_gain":0,"player_choice":"Forge","damage_taken":0,"max_hp_gain":0,"max_hp_loss":0,"event_name":"Accursed Blacksmith","floor":4,"gold_loss":0,"cards_upgraded":["Unload"]},{"damage_healed":0,"gold_gain":0,"player_choice":"1 cards matched","damage_taken":0,"max_hp_gain":0,"max_hp_loss":0,"event_name":"Match and Keep!","floor":14,"gold_loss":0,"cards_obtained":["Neutralize"]}],"is_beta":false,"boss_relics":[{"not_picked":["Busted Crown","Ectoplasm"],"picked":"Runic Pyramid"}],"items_purged_floors":[20],"is_endless":false,"potions_floor_spawned":[5,7,13,16],"killed_by":"Centurion and Healer","ascension_level":17}