{"gold_per_floor":[110,110,122,150,175,187,199,211,249,280,373,385,422,455,467,607,619,645,670,682,719,749,761,793,805,817,829,312,328,60,81,81,212,212,232,232,232,245,18,18,33,33,115,448,465,477,477,511,511,511],"floor_reached":51,"playtime":80360,"items_purged":["Defend_B"],"score":646,"play_id":"ebcc2a34-8b24-4303-a571-3630617ca948","local_time":"20181223211551","is_ascension_mode":false,"campfire_choices":[{"floor":6,"key":"REST"},{"data":"Coolheaded","floor":8,"key":"SMITH"},{"floor":12,"key":"REST"},{"floor":15,"key":"REST"},{"floor":23,"key":"REST"},{"floor":25,"key":"REST"},{"data":"Loop","floor":27,"key":"SMITH"},{"floor":32,"key":"REST"},{"data":"Conserve Battery","floor":40,"key":"SMITH"},{"data":"Rainbow","floor":42,"key":"SMITH"},{"data":"Conserve Battery","floor":47,"key":"SMITH"},{"floor":49,"key":"REST"}],"neow_cost":"NONE","seed_source_timestamp":165793713818635,"circlet_count":0,"master_deck":["Strike_B","Strike_B","Defend_B+1","Defend_B","Defend_B","Zap+1","Dualcast","Coolheaded+1","Loop+1","Glacier","Ball Lightning","Machine Learning","Conserve Battery+1","Defragment+1","Self Repair+1","Machine Learning+1","FTL","Rainbow+1","FTL","Conserve Battery+1","Creative AI+1","Loop+1"],"relics":["Cracked Core","MawBank","Orichalcum","Ancient Tea Set","White Beast Statue","GremlinMask","Frozen Egg 2","Anchor","StoneCalendar","TheAbacus","Velvet Choker","Boot","Letter Opener","Juzu Bracelet"],"potions_floor_usage":[11,16,21,21,21,24,24,33,48],"damage_taken":[{"damage":3,"enemies":"Small Slimes","floor":1,"turns":3},{"damage":0,"enemies":"2 Louse","floor":4,"turns":3},{"damage":1,"enemies":"Jaw Worm","floor":5,"turns":4},{"damage":0,"enemies":"Large Slime","floor":10,"turns":6},{"damage":30,"enemies":"Gremlin Nob","floor":11,"turns":6},{"damage":0,"enemies":"3 Louse","floor":13,"turns":3},{"damage":5,"enemies":"Looter","floor":14,"turns":3},{"damage":45,"enemies":"Hexaghost","floor":16,"turns":16},{"damage":0,"enemies":"Shell Parasite","floor":18,"turns":8},{"damage":11,"enemies":"3 Byrds","floor":19,"turns":7},{"damage":49,"enemies":"3 Cultists","floor":21,"turns":8},{"damage":4,"enemies":"Snecko","floor":22,"turns":9},{"damage":6,"enemies":"Centurion and Healer","floor":24,"turns":8},{"damage":13,"enemies":"3 Cultists","floor":29,"turns":7},{"damage":3,"enemies":"Shelled Parasite and Fungi","floor":31,"turns":6},{"damage":51,"enemies":"Automaton","floor":33,"turns":14},{"damage":11,"enemies":"3 Darklings","floor":35,"turns":7},{"damage":11,"enemies":"3 Shapes","floor":38,"turns":4},{"damage":0,"enemies":"Sphere and 2 Shapes","floor":41,"turns":6},{"damage":0,"enemies":"Transient","floor":45,"turns":5},{"damage":7,"enemies":"Spire Growth","floor":46,"turns":5},{"damage":28,"enemies":"Giant Head","floor":48,"turns":10},{"damage":12,"enemies":"Donu and Deca","floor":50,"turns":13}],"seed_played":"-6413172143532502484","potions_obtained":[{"floor":4,"key":"Fire Potion"},{"floor":10,"key":"SteroidPotion"},{"floor":11,"key":"Regen Potion"},{"floor":14,"key":"Swift Potion"},{"floor":18,"key":"Fire Potion"},{"floor":19,"key":"Weak Potion"},{"floor":21,"key":"Strength Potion"},{"floor":22,"key":"AttackPotion"},{"floor":24,"key":"Strength Potion"},{"floor":29,"key":"Ancient Potion"},{"floor":31,"key":"GamblersBrew"},{"floor":33,"key":"Strength Potion"},{"floor":35,"key":"FairyPotion"},{"floor":38,"key":"Weak Potion"},{"floor":46,"key":"Energy Potion"},{"floor":48,"key":"Dexterity Potion"}],"is_trial":false,"path_per_floor":["M","?","?","M","M","R","?","R","T","M","?","R","M","M","R","B",null,"M","M","?","M","M","R","M","R","T","R","$","M","$","M","R","B",null,"M","?","?","M","$","R","M","R","T","?","M","M","R","E","R","B",null],"character_chosen":"DEFECT","items_purchased":["Anchor","StoneCalendar","Self Repair+1","TheAbacus","FTL","Boot"],"campfire_rested":7,"item_purchase_floors":[28,28,28,30,30,39],"current_hp_per_floor":[72,65,50,50,49,71,53,53,53,53,23,45,45,40,62,32,75,75,64,64,15,11,33,27,49,49,49,49,46,46,53,75,34,75,74,74,74,73,73,73,75,75,75,75,75,75,75,57,75,73],"gold":511,"neow_bonus":"REMOVE_CARD","is_prod":false,"is_daily":false,"chose_seed":false,"campfire_upgraded":5,"win_rate":0.0,"timestamp":1545628551,"path_taken":["M","?","?","M","?","R","?","R","T","M","?","R","M","M","R","BOSS","M","M","?","M","M","R","M","R","T","R","$","M","$","M","R","BOSS","M","?","?","M","$","R","?","R","T","?","M","M","R","E","R","BOSS"],"build_version":"2018-12-20","purchased_purges":1,"victory":true,"max_hp_per_floor":[75,75,75,75,75,75,75,75,75,75,75,75,75,75,75,75,75,75,75,75,75,75,75,75,75,75,75,75,75,75,75,75,75,75,75,75,75,75,75,75,75,75,75,75,75,75,75,75,75,75],"card_choices":[{"not_picked":["Go for the Eyes","Leap"],"picked":"Coolheaded","floor":1},{"not_picked":["Leap","Go for the Eyes"],"picked":"Loop","floor":4},{"not_picked":["Reprogram","Rebound","Chill"],"picked":"SKIP","floor":5},{"not_picked":["Melter","Rebound"],"picked":"Glacier","floor":10},{"not_picked":["Go for the Eyes","Heatsinks"],"picked":"Ball Lightning","floor":11},{"not_picked":["Redo","Blizzard","Leap"],"picked":"SKIP","floor":13},{"not_picked":["Hologram","Barrage","Static Discharge"],"picked":"SKIP","floor":14},{"not_picked":["Echo Form","Thunder Strike"],"picked":"Machine Learning","floor":16},{"not_picked":["Leap","Rebound","Gash"],"picked":"SKIP","floor":18},{"not_picked":["Gash","Chill+1"],"picked":"Conserve Battery","floor":19},{"not_picked":["Gash","Go for the Eyes","Chill"],"picked":"SKIP","floor":21},{"not_picked":["Hologram","Gash","Scrape"],"picked":"SKIP","floor":22},{"not_picked":["Fusion","Coolheaded+1"],"picked":"Defragment+1","floor":24},{"not_picked":["Heatsinks+1","Go for the Eyes"],"picked":"Machine Learning+1","floor":29},{"not_picked":["Go for the Eyes","Cold Snap+1","Streamline+1"],"picked":"SKIP","floor":31},{"not_picked":["Fission","Amplify"],"picked":"Rainbow","floor":33},{"not_picked":["Stack+1","Hologram+1"],"picked":"FTL","floor":35},{"not_picked":["Stack","Darkness+1"],"picked":"Conserve Battery","floor":38},{"not_picked":["Consume","Gash"],"picked":"Creative AI+1","floor":41},{"not_picked":["Sweeping Beam","Steam Power+1","Ball Lightning"],"picked":"SKIP","floor":45},{"not_picked":["Reprogram","Go for the Eyes+1","Ball Lightning"],"picked":"SKIP","floor":46},{"not_picked":["Rebound+1","Undo+1"],"picked":"Loop+1","floor":48}],"player_experience":204445,"relics_obtained":[{"floor":9,"key":"Orichalcum"},{"floor":11,"key":"Ancient Tea Set"},{"floor":26,"key":"Frozen Egg 2"},{"floor":43,"key":"Letter Opener"},{"floor":48,"key":"Juzu Bracelet"}],"event_choices":[{"damage_healed":0,"gold_gain":0,"player_choice":"Success","damage_taken":7,"relics_obtained":["MawBank"],"max_hp_gain":0,"max_hp_loss":0,"event_name":"Scrap Ooze","floor":2,"gold_loss":0},{"damage_healed":0,"gold_gain":0,"player_choice":"Entered Light","damage_taken":15,"max_hp_gain":0,"max_hp_loss":0,"event_name":"Shining Light","floor":3,"gold_loss":0,"cards_upgraded":["Zap","Defend_B"]},{"damage_healed":0,"gold_gain":0,"player_choice":"Take Damage","damage_taken":18,"relics_obtained":["Golden Idol"],"max_hp_gain":0,"max_hp_loss":0,"event_name":"Golden Idol","floor":7,"gold_loss":0},{"damage_healed":0,"gold_gain":0,"player_choice":"Searched \u00271\u0027 times","damage_taken":0,"max_hp_gain":0,"max_hp_loss":0,"event_name":"Dead Adventurer","floor":11,"gold_loss":0},{"damage_healed":0,"gold_gain":0,"player_choice":"Trade","damage_taken":0,"relics_obtained":["GremlinMask"],"max_hp_gain":0,"max_hp_loss":0,"event_name":"FaceTrader","floor":20,"gold_loss":0},{"cards_removed":["Strike_B"],"damage_healed":0,"gold_gain":0,"player_choice":"Removed Attack","damage_taken":0,"max_hp_gain":0,"max_hp_loss":0,"event_name":"Falling","floor":36,"gold_loss":0},{"damage_healed":0,"gold_gain":0,"player_choice":"Bought 0 Potions","damage_taken":0,"max_hp_gain":0,"max_hp_loss":0,"event_name":"The Woman in Blue","floor":37,"gold_loss":0},{"damage_healed":0,"gold_gain":333,"player_choice":"Gave Idol","damage_taken":0,"max_hp_gain":0,"max_hp_loss":0,"event_name":"The Moai Head","floor":44,"relics_lost":["Golden Idol"],"gold_loss":0}],"is_beta":false,"boss_relics":[{"not_picked":["Cursed Key","Sozu"],"picked":"White Beast Statue"},{"not_picked":["Runic Pyramid","Lizard Tail"],"picked":"Velvet Choker"}],"items_purged_floors":[39],"is_endless":false,"potions_floor_spawned":[4,10,11,14,18,19,21,22,24,29,31,33,35,38,41,45,46,48],"ascension_level":0}