{"gold_per_floor":[114,64,64,83,94,129,129,160,160,70,96,96,161,173,173,276,276,290,11,27,27,27,27,46,58,110,110,123,123,149,181,181,181],"floor_reached":33,"playtime":2567,"items_purged":["Strike_G"],"score":518,"play_id":"26d0b4fe-7959-42b0-98c7-7c65f2d20059","local_time":"20180801021752","is_ascension_mode":true,"campfire_choices":[{"data":"Neutralize","floor":7.0,"key":"SMITH"},{"floor":12.0,"key":"REST"},{"data":"Noxious Fumes","floor":15.0,"key":"SMITH"},{"floor":23.0,"key":"REST"},{"data":"Wraith Form v2","floor":27,"key":"SMITH"},{"data":"Leg Sweep","floor":29,"key":"SMITH"},{"data":"Crippling Poison","floor":32,"key":"SMITH"}],"neow_cost":"NONE","seed_source_timestamp":633385652266401,"circlet_count":0,"master_deck":["Defend_G","Defend_G","Defend_G","Defend_G","Defend_G","Strike_G","Strike_G","Strike_G","Survivor","Neutralize+1","AscendersBane","Poisoned Stab","Poisoned Stab","Dagger Spray","Unload","Noxious Fumes+1","Crippling Poison+1","Wraith Form v2+1","PiercingWail","Leg Sweep+1","Cloak And Dagger","Leg Sweep"],"special_seed":0,"relics":["Ring of the Snake","Calipers","Singing Bowl","Thread and Needle","The Specimen","Philosopher\u0027s Stone","Blood Vial","Potion Belt","Red Mask","Bottled Tornado"],"potions_floor_usage":[31,33],"damage_taken":[{"damage":0.0,"enemies":"Cultist","floor":1.0,"turns":4.0},{"damage":0.0,"enemies":"Jaw Worm","floor":4.0,"turns":4.0},{"damage":1.0,"enemies":"Small Slimes","floor":5.0,"turns":5.0},{"damage":33.0,"enemies":"3 Sentries","floor":6.0,"turns":11.0},{"damage":25.0,"enemies":"Gremlin Nob","floor":8.0,"turns":4.0},{"damage":4.0,"enemies":"Lagavulin","floor":11.0,"turns":8.0},{"damage":0.0,"enemies":"Looter","floor":14.0,"turns":3.0},{"damage":28.0,"enemies":"Slime Boss","floor":16.0,"turns":10.0},{"damage":37.0,"enemies":"3 Byrds","floor":18.0,"turns":4.0},{"damage":11.0,"enemies":"Shell Parasite","floor":20.0,"turns":6.0},{"damage":0.0,"enemies":"Centurion and Healer","floor":24.0,"turns":6.0},{"damage":0,"enemies":"Snake Plant","floor":25,"turns":6},{"damage":6,"enemies":"Slaver and Parasite","floor":28,"turns":7},{"damage":20,"floor":30,"turns":6},{"damage":0,"enemies":"Slavers","floor":31,"turns":6},{"damage":88,"enemies":"Champ","floor":33,"turns":14}],"seed_played":"2741598434465554350","potions_obtained":[{"floor":5.0,"key":"SmokeBomb"},{"floor":11.0,"key":"Strength Potion"},{"floor":14.0,"key":"FairyPotion"},{"floor":16.0,"key":"Strength Potion"},{"floor":28,"key":"FairyPotion"},{"floor":30,"key":"FearPotion"}],"is_trial":false,"path_per_floor":["M","?","?","M","M","E","R","E","T","$","E","R","?","M","R","B",null,"M","$","M","?","?","R","M","M","T","R","M","R","?","E","R"],"character_chosen":"THE_SILENT","items_purchased":["Noxious Fumes","Strength Potion","Blood Vial","Strength Potion"],"campfire_rested":2,"item_purchase_floors":[10,10,19,19],"current_hp_per_floor":[63,63,68,68,67,34,34,11,11,11,9,32,32,32,32,4,60,23,23,16,16,16,40,44,48,48,48,44,44,26,28,28,0],"gold":181,"neow_bonus":"THREE_CARDS","is_prod":false,"is_daily":false,"chose_seed":false,"campfire_upgraded":5,"win_rate":0,"timestamp":1533053872,"path_taken":["M","?","?","M","M","E","R","E","T","$","E","R","?","?","R","BOSS","M","$","M","?","?","R","M","?","T","R","M","R","?","E","R","BOSS"],"build_version":"2018-07-26","purchased_purges":1,"victory":false,"max_hp_per_floor":[70,70,75,75,75,75,75,77,77,77,79,79,79,79,79,79,79,79,79,81,81,81,81,83,85,85,85,85,85,85,85,85,85],"card_choices":[{"not_picked":["Deadly Poison","Sucker Punch"],"picked":"Poisoned Stab","floor":0.0},{"not_picked":["Deadly Poison","PiercingWail"],"picked":"Poisoned Stab","floor":1.0},{"not_picked":["Flechettes","Tactician","Bane"],"picked":"SKIP","floor":4.0},{"not_picked":["Escape Plan","Cloak And Dagger"],"picked":"Dagger Spray","floor":5.0},{"not_picked":["All Out Attack","Bouncing Flask"],"picked":"Unload","floor":6.0},{"not_picked":["Choke","Bane","Deadly Poison"],"picked":"Singing Bowl","floor":8.0},{"not_picked":["Prepared","Slice","Underhanded Strike"],"picked":"Singing Bowl","floor":11.0},{"not_picked":["Slice","Distraction"],"picked":"Crippling Poison","floor":14.0},{"not_picked":["Doppelganger","Grand Finale"],"picked":"Wraith Form v2","floor":16.0},{"not_picked":["Dagger Spray","Sucker Punch"],"picked":"PiercingWail","floor":18.0},{"not_picked":["Blade Dance","Flechettes","Deflect"],"picked":"Singing Bowl","floor":20.0},{"not_picked":["Accuracy","All Out Attack","Sucker Punch"],"picked":"Singing Bowl","floor":24.0},{"not_picked":["Quick Slash","Poisoned Stab","Dagger Throw"],"picked":"Singing Bowl","floor":25},{"not_picked":["Prepared","Calculated Gamble"],"picked":"Leg Sweep","floor":28},{"not_picked":["Expertise","Outmaneuver"],"picked":"Cloak And Dagger","floor":30},{"not_picked":["Bouncing Flask","Dodge and Roll"],"picked":"Leg Sweep","floor":31}],"player_experience":311778,"relics_obtained":[{"floor":6.0,"key":"Calipers"},{"floor":8.0,"key":"Singing Bowl"},{"floor":9.0,"key":"Thread and Needle"},{"floor":11.0,"key":"The Specimen"},{"floor":26,"key":"Potion Belt"},{"floor":30,"key":"Red Mask"},{"floor":31,"key":"Bottled Tornado"}],"event_choices":[{"event_name":"The Cleric","player_choice":"Card Removal","floor":2.0,"damage_taken":0.0},{"event_name":"Big Fish","player_choice":"Donut","floor":3.0,"damage_taken":0.0},{"event_name":"Golden Wing","player_choice":"Gained Gold","floor":13.0,"damage_taken":0.0},{"event_name":"Beggar","player_choice":"Ignored","floor":21.0,"damage_taken":0.0},{"event_name":"Drug Dealer","player_choice":"Ignored","floor":22.0,"damage_taken":0.0},{"event_name":"Masked Bandits","player_choice":"Fought over 123 gold","floor":30,"damage_taken":0}],"is_beta":false,"boss_relics":[{"not_picked":["Lizard Tail","Calling Bell"],"picked":"Philosopher\u0027s Stone"}],"items_purged_floors":[19],"is_endless":false,"potions_floor_spawned":[5,11,14,16,20,24,28,30],"killed_by":"Champ","ascension_level":12}