{"gold_per_floor":[17,37,52,52,52,82,161,161,161,161,161,199,214,235,235,326,326,339,464,464,444],"floor_reached":21,"playtime":1207,"items_purged":[],"score":374,"play_id":"82af05b0-fecf-46d0-8290-ef52d9b16c55","local_time":"20190117143257","is_ascension_mode":true,"campfire_choices":[{"floor":8,"key":"REST"},{"data":"Tempest","floor":10,"key":"SMITH"},{"floor":15,"key":"REST"}],"neow_cost":"NO_GOLD","seed_source_timestamp":611401266759964,"circlet_count":0,"master_deck":["AscendersBane","Strike_B","Defend_B","Defend_B+1","Defend_B","Zap+1","Dualcast","Streamline+1","Tempest+1","Electrodynamics","Hologram","Tempest","Conserve Battery","Seek","Turbo","Chaos","Force Field"],"relics":["Cracked Core","Smiling Mask","Matryoshka","The Courier","Mercury Hourglass","Golden Idol","Symbiotic Virus","Runic Pyramid","Torii","Sundial"],"potions_floor_usage":[6,6,6,14,16,19],"damage_taken":[{"damage":1,"enemies":"Cultist","floor":1,"turns":3},{"damage":0,"enemies":"Small Slimes","floor":2,"turns":2},{"damage":9,"enemies":"Jaw Worm","floor":3,"turns":3},{"damage":17,"enemies":"3 Sentries","floor":6,"turns":6},{"damage":22,"enemies":"Lagavulin","floor":12,"turns":5},{"damage":5,"enemies":"Blue Slaver","floor":13,"turns":2},{"damage":7,"enemies":"3 Louse","floor":14,"turns":2},{"damage":31,"enemies":"Hexaghost","floor":16,"turns":9},{"damage":0,"enemies":"Chosen","floor":18,"turns":3},{"damage":22,"enemies":"Colosseum Slavers","floor":19,"turns":3},{"damage":28,"enemies":"Colosseum Nobs","floor":19,"turns":3},{"damage":11,"enemies":"2 Thieves","floor":21,"turns":1}],"seed_played":"-151104722825155373","potions_obtained":[{"floor":2,"key":"EntropicBrew"},{"floor":3,"key":"SteroidPotion"},{"floor":13,"key":"Regen Potion"},{"floor":14,"key":"Dexterity Potion"},{"floor":18,"key":"Fruit Juice"}],"is_trial":false,"path_per_floor":["M","M","M","?","?","E","T","R","T","R","?","E","M","M","R","B",null,"M","?","?","M"],"character_chosen":"DEFECT","items_purchased":[],"campfire_rested":2,"item_purchase_floors":[],"current_hp_per_floor":[63,63,54,54,33,16,16,37,37,37,37,15,10,3,22,6,50,50,5,5,0],"gold":444,"neow_bonus":"REMOVE_TWO","is_prod":false,"is_daily":false,"chose_seed":false,"campfire_upgraded":1,"win_rate":0,"timestamp":1547731977,"path_taken":["M","M","?","?","?","E","?","R","T","R","?","E","M","?","R","BOSS","M","?","?","M"],"build_version":"2019-01-10","purchased_purges":0,"victory":false,"max_hp_per_floor":[71,71,71,71,71,71,71,71,71,71,64,64,64,64,64,64,64,64,69,69,69],"card_choices":[{"not_picked":["Stack","Sweeping Beam","Hello World"],"picked":"SKIP","floor":1},{"not_picked":["Cold Snap","Stack"],"picked":"Streamline","floor":2},{"not_picked":["Redo","Sweeping Beam"],"picked":"Tempest","floor":3},{"not_picked":["Stack","Redo"],"picked":"Electrodynamics","floor":6},{"not_picked":["Loop","Redo"],"picked":"Hologram","floor":12},{"not_picked":["Storm","Compile Driver"],"picked":"Tempest","floor":13},{"not_picked":["Go for the Eyes","Leap"],"picked":"Conserve Battery","floor":14},{"not_picked":["Amplify","Hyperbeam"],"picked":"Seek","floor":16},{"not_picked":["Scrape","Redo"],"picked":"Turbo","floor":18}],"player_experience":477250,"relics_obtained":[{"floor":6,"key":"Smiling Mask"},{"floor":7,"key":"Matryoshka"},{"floor":9,"key":"The Courier"},{"floor":9,"key":"Mercury Hourglass"},{"floor":12,"key":"Symbiotic Virus"},{"floor":19,"key":"Torii"},{"floor":19,"key":"Sundial"}],"event_choices":[{"damage_healed":0,"gold_gain":0,"player_choice":"Grow","damage_taken":0,"max_hp_gain":0,"max_hp_loss":0,"event_name":"Living Wall","floor":4,"gold_loss":0,"cards_upgraded":["Streamline"]},{"damage_healed":0,"gold_gain":0,"player_choice":"Entered Light","damage_taken":21,"max_hp_gain":0,"max_hp_loss":0,"event_name":"Shining Light","floor":5,"gold_loss":0,"cards_upgraded":["Defend_B","Zap"]},{"damage_healed":0,"gold_gain":0,"player_choice":"Lose Max HP","damage_taken":0,"relics_obtained":["Golden Idol"],"max_hp_gain":0,"max_hp_loss":7,"event_name":"Golden Idol","floor":11,"gold_loss":0},{"damage_healed":0,"gold_gain":0,"player_choice":"Fight","damage_taken":0,"max_hp_gain":0,"max_hp_loss":0,"event_name":"Colosseum","floor":19,"gold_loss":0},{"damage_healed":0,"gold_gain":0,"player_choice":"Fought Nobs","damage_taken":0,"max_hp_gain":0,"max_hp_loss":0,"event_name":"Colosseum","floor":19,"gold_loss":0},{"damage_healed":0,"gold_gain":0,"cards_transformed":["Strike_B","Strike_B"],"player_choice":"Became Test Subject","damage_taken":0,"max_hp_gain":0,"max_hp_loss":0,"event_name":"Drug Dealer","floor":20,"gold_loss":0,"cards_obtained":["Chaos","Force Field"]}],"is_beta":false,"boss_relics":[{"not_picked":["Black Star","Orrery"],"picked":"Runic Pyramid"}],"items_purged_floors":[],"is_endless":false,"potions_floor_spawned":[2,3,13,14,18],"killed_by":"2 Thieves","ascension_level":20}