{"path_per_floor":["M","M","M","M","?","R","$","R","T","E","?","M","?","E","R","B",null,"M","M","?","M","$","R","M","R","T","E","M","M","R","M","R","B",null,"M","M","?","M","M","R","$","R","T","?","?","R","?","?","R","B"],"character_chosen":"IRONCLAD","items_purchased":["Vajra","Bronze Scales","Shrug It Off","Letter Opener"],"gold_per_floor":[112,127,142,153,153,153,10,10,10,50,50,65,65,105,105,224,224,247,267,267,292,10,10,31,31,31,71,86,100,100,121,121,244,244,268,282,345,359,380,380,19,19,19,19,0,0,0,0,30,30],"floor_reached":51,"campfire_rested":2,"playtime":1601,"current_hp_per_floor":[78,80,80,58,38,38,38,62,62,49,54,59,59,63,63,20,85,77,62,62,60,60,60,41,41,41,35,37,33,33,28,53,21,85,85,88,85,91,94,94,94,94,94,94,94,94,82,82,82,39],"items_purged":["Strike_R","Strike_R"],"gold":30,"score":677,"play_id":"e048675f-7e4f-4ad8-9677-89711889352c","local_time":"20180324203006","is_prod":false,"is_daily":false,"is_ascension_mode":false,"campfire_upgraded":5,"timestamp":1521919806,"path_taken":["M","M","M","M","?","R","$","R","T","E","?","M","?","E","R","BOSS","M","M","?","M","$","R","M","R","T","E","M","M","R","M","R","BOSS","M","M","?","M","M","R","$","R","T","?","?","R","?","?","R","BOSS"],"build_version":"2018-03-22v2","purchased_purges":2,"victory":true,"master_deck":["Strike_R","Strike_R","Defend_R","Defend_R+1","Defend_R+1","Defend_R","Body Slam+1","Cleave","Evolve+1","Headbutt","Body Slam+1","Inflame+1","Shrug It Off","Battle Trance+1","Disarm+1","Shockwave+1","Feed","Shrug It Off+1","Demon Form+1","Whirlwind","Madness","Madness"],"max_hp_per_floor":[80,80,80,80,80,80,80,80,80,80,85,85,85,85,85,85,85,85,85,85,85,85,85,85,85,85,85,85,85,85,85,85,85,85,85,88,91,91,94,94,94,94,94,94,94,94,94,94,94,94],"relics":["Burning Blood","Golden Idol","Vajra","Torii","Toolbox","Pen Nib","Runic Dome","Bronze Scales","Shovel","Bottled Flame","War Paint","Mark of Pain","Peace Pipe","Letter Opener","Smiling Mask","Bag of Marbles","Red Mask","Pantograph","Tiny Chest"],"card_choices":[{"not_picked":["Iron Wave","Clash"],"picked":"Body Slam","floor":1},{"not_picked":["Sentinel","Heavy Blade"],"picked":"Cleave","floor":3},{"not_picked":["Dark Embrace","Cleave"],"picked":"Evolve","floor":14},{"not_picked":["Combust","Corruption"],"picked":"Headbutt","floor":19},{"not_picked":["Clash","Blood for Blood"],"picked":"Inflame","floor":21},{"not_picked":["Sword Boomerang","Armaments"],"picked":"Battle Trance","floor":24},{"not_picked":["True Grit","Spot Weakness"],"picked":"Disarm","floor":27},{"not_picked":["Pummel","Cleave"],"picked":"Shockwave","floor":28},{"not_picked":["Juggernaut","Immolate"],"picked":"Feed","floor":33},{"not_picked":["Armaments","Second Wind"],"picked":"Shrug It Off","floor":36},{"not_picked":["Body Slam","True Grit"],"picked":"Demon Form","floor":37},{"not_picked":["True Grit","Combust"],"picked":"Whirlwind","floor":38}],"player_experience":198516,"potions_floor_usage":[14,16,27,28,29,33,33,37,37,50],"damage_taken":[{"damage":8,"enemies":"Small Slimes","floor":1,"turns":3},{"damage":2,"enemies":"2 Louse","floor":2,"turns":3},{"damage":6,"enemies":"Jaw Worm","floor":3,"turns":5},{"damage":28,"enemies":"Large Slime","floor":4,"turns":7},{"damage":19,"enemies":"3 Sentries","floor":10,"turns":9},{"damage":1,"enemies":"Looter","floor":12,"turns":2},{"damage":2,"enemies":"Gremlin Nob","floor":14,"turns":4},{"damage":49,"enemies":"The Guardian","floor":16,"turns":10},{"damage":14,"enemies":"Chosen","floor":18,"turns":4},{"damage":21,"enemies":"Shell Parasite","floor":19,"turns":6},{"damage":8,"enemies":"Snecko","floor":21,"turns":5},{"damage":25,"enemies":"Centurion and Healer","floor":24,"turns":4},{"damage":12,"enemies":"Book of Stabbing","floor":27,"turns":3},{"damage":4,"enemies":"Snake Plant","floor":28,"turns":4},{"damage":10,"enemies":"3 Cultists","floor":29,"turns":5},{"damage":11,"enemies":"Slaver and Parasite","floor":31,"turns":5},{"damage":42,"enemies":"Automaton","floor":33,"turns":9},{"damage":1,"enemies":"Orb Walker","floor":35,"turns":3},{"damage":0,"enemies":"3 Shapes","floor":36,"turns":4},{"damage":12,"enemies":"Mysterious Sphere","floor":37,"turns":4},{"damage":0,"enemies":"3 Darklings","floor":38,"turns":3},{"damage":5,"enemies":"4 Shapes","floor":39,"turns":4},{"damage":61,"enemies":"Time Eater","floor":50,"turns":9}],"event_choices":[{"event_name":"Golden Idol","player_choice":"Take Damage","floor":5,"damage_taken":0},{"event_name":"Big Fish","player_choice":"Donut","floor":11,"damage_taken":0},{"event_name":"Purifier","player_choice":"One Purge","floor":13,"damage_taken":0},{"event_name":"Duplicator","player_choice":"One dupe","floor":20,"damage_taken":0},{"event_name":"Mysterious Sphere","player_choice":"Fight","floor":37,"damage_taken":0},{"event_name":"The Moai Head","player_choice":"Ignored","floor":44,"damage_taken":0},{"event_name":"Tomb of Lord Red Mask","player_choice":"Paid","floor":45,"damage_taken":0},{"event_name":"Winding Halls","player_choice":"Embrace Madness","floor":47,"damage_taken":0}],"boss_relics":[{"not_picked":["Question Card","Black Blood"],"picked":"Runic Dome"},{"not_picked":["Philosopher\u0027s Stone","Astrolabe"],"picked":"Mark of Pain"}],"potions_floor_spawned":[4,10,14,16,21,27,31,33,35,36,38],"seed_played":"4695804726580752970","ascension_level":0,"is_trial":false}