{"gold_per_floor":[114,114,114,129,144,174,174,189,189,204,22,52,52,67,67,167,167,182,497,512,527,542,554,581,623,635,662,674,686,713,740,752,864,876,903,930,942,154,199,229,229,179,254,254,269,284,299,299,299,299],"floor_reached":51,"playtime":3431,"items_purged":["Defend_R","Strike_R"],"score":842,"play_id":"e8a28b7d-8ba2-4fad-b7f7-7ab05ffa93c8","local_time":"20190404001054","daily_mods":["Specialized","Vintage","Binary"],"is_ascension_mode":false,"campfire_choices":[{"data":"Ghostly Armor","floor":7,"key":"SMITH"},{"data":"Apotheosis","floor":15,"key":"SMITH"},{"data":"1","floor":32,"key":"LIFT"},{"data":"2","floor":41,"key":"LIFT"},{"data":"3","floor":49,"key":"LIFT"}],"neow_cost":"","seed_source_timestamp":0,"circlet_count":0,"master_deck":["Strike_R","Strike_R","Strike_R","Strike_R","Defend_R","Defend_R","Defend_R","Bash+1","Warcry+1","Warcry","Warcry","Ghostly Armor+1","Apotheosis+1","Perfected Strike","Feed","Ghostly Armor+1","Cleave","Double Tap+1","Madness+1","Madness+1"],"special_seed":17990,"relics":["Burning Blood","Vajra","Smiling Mask","Gremlin Horn","Question Card","Bronze Scales","Self Forming Clay","Blood Vial","Regal Pillow","Pen Nib","Sozu","Incense Burner","Old Coin","Turnip","Mummified Hand","MawBank","Paper Frog","Matryoshka","Bag of Preparation","Toxic Egg 2","Centennial Puzzle","Ornamental Fan","Girya","Empty Cage","Ancient Tea Set","Dodecahedron","Charon\u0027s Ashes","Sling","Sundial","Tiny Chest","Bottled Flame","Art of War","Bottled Lightning","Lantern","Mango","Ice Cream","Orichalcum"],"potions_floor_usage":[6,6,8,16],"damage_taken":[{"damage":1,"enemies":"Jaw Worm","floor":1,"turns":6},{"damage":0,"enemies":"Cultist","floor":4,"turns":2},{"damage":5,"enemies":"2 Louse","floor":5,"turns":3},{"damage":16,"enemies":"Lagavulin","floor":6,"turns":5},{"damage":11,"enemies":"Lots of Slimes","floor":8,"turns":5},{"damage":0,"enemies":"Looter","floor":10,"turns":3},{"damage":29,"enemies":"Gremlin Nob","floor":12,"turns":6},{"damage":9,"enemies":"Gremlin Gang","floor":14,"turns":3},{"damage":28,"enemies":"Hexaghost","floor":16,"turns":8},{"damage":6,"enemies":"Shell Parasite","floor":18,"turns":4},{"damage":0,"enemies":"Chosen","floor":19,"turns":3},{"damage":10,"enemies":"Shelled Parasite and Fungi","floor":20,"turns":3},{"damage":16,"enemies":"Snake Plant","floor":21,"turns":3},{"damage":0,"enemies":"Snecko","floor":22,"turns":3},{"damage":8,"enemies":"Shelled Parasite and Fungi","floor":24,"turns":5},{"damage":2,"enemies":"Book of Stabbing","floor":25,"turns":4},{"damage":3,"enemies":"Centurion and Healer","floor":27,"turns":4},{"damage":5,"enemies":"Cultist and Chosen","floor":30,"turns":4},{"damage":0,"enemies":"Snake Plant","floor":31,"turns":4},{"damage":49,"enemies":"Champ","floor":33,"turns":10},{"damage":7,"enemies":"3 Shapes","floor":35,"turns":2},{"damage":12,"enemies":"3 Darklings","floor":36,"turns":3},{"damage":28,"enemies":"Writhing Mass","floor":39,"turns":4},{"damage":0,"enemies":"Reptomancer","floor":40,"turns":3},{"damage":3,"enemies":"Sphere and 2 Shapes","floor":45,"turns":3},{"damage":0,"enemies":"4 Shapes","floor":46,"turns":2},{"damage":3,"enemies":"Spire Growth","floor":47,"turns":2},{"damage":26,"enemies":"Awakened One","floor":50,"turns":9}],"seed_played":"-293968740941532516","potions_obtained":[{"floor":1,"key":"Regen Potion"},{"floor":4,"key":"Fire Potion"},{"floor":5,"key":"Weak Potion"},{"floor":14,"key":"Weak Potion"}],"is_trial":false,"path_per_floor":["M","?","?","M","M","E","R","M","T","M","$","E","?","M","R","B",null,"M","M","M","M","M","?","M","E","T","M","$","?","M","M","R","B",null,"M","M","?","$","M","E","R","$","T","?","M","M","M","T","R","B",null],"character_chosen":"IRONCLAD","items_purchased":["Apotheosis","Charon\u0027s Ashes","Sling","Sundial"],"campfire_rested":0,"item_purchase_floors":[11,38,38,38],"current_hp_per_floor":[80,80,80,80,80,70,70,79,79,80,80,57,57,56,56,36,80,84,84,84,76,84,84,87,91,91,94,94,75,82,90,90,49,103,106,101,88,88,68,76,76,76,76,76,85,111,116,116,116,102],"gold":299,"neow_bonus":"","is_prod":false,"is_daily":true,"chose_seed":false,"campfire_upgraded":2,"win_rate":0,"timestamp":1554361854,"path_taken":["M","?","?","M","?","E","R","M","T","M","?","E","?","M","R","BOSS","M","?","M","M","M","?","?","E","T","M","?","?","M","M","R","BOSS","M","M","?","$","M","E","R","$","T","?","M","M","M","?","R","BOSS"],"build_version":"2019-01-23","purchased_purges":2,"victory":true,"max_hp_per_floor":[80,80,80,80,80,80,80,80,80,80,80,80,80,80,80,80,80,84,84,88,88,88,88,91,91,91,94,94,99,103,103,103,103,103,107,107,107,107,107,107,107,107,107,107,111,129,129,129,129,133],"card_choices":[{"not_picked":["Carnage"],"picked":"Ghostly Armor","floor":6},{"not_picked":["Anger","Twin Strike"],"picked":"Perfected Strike","floor":12},{"not_picked":["Limit Break","Reaper"],"picked":"Feed","floor":16},{"not_picked":["Sentinel","Body Slam"],"picked":"Cleave","floor":25},{"not_picked":["Barricade","Offering+1"],"picked":"Double Tap+1","floor":33},{"not_picked":["Power Through+1","True Grit+1","Shrug It Off+1"],"picked":"SKIP","floor":40}],"player_experience":1431791,"relics_obtained":[{"floor":1,"key":"Vajra"},{"floor":4,"key":"Smiling Mask"},{"floor":5,"key":"Gremlin Horn"},{"floor":6,"key":"Question Card"},{"floor":8,"key":"Bronze Scales"},{"floor":9,"key":"Self Forming Clay"},{"floor":10,"key":"Blood Vial"},{"floor":12,"key":"Regal Pillow"},{"floor":14,"key":"Pen Nib"},{"floor":18,"key":"Incense Burner"},{"floor":19,"key":"Old Coin"},{"floor":20,"key":"Turnip"},{"floor":21,"key":"Mummified Hand"},{"floor":22,"key":"MawBank"},{"floor":24,"key":"Paper Frog"},{"floor":25,"key":"Matryoshka"},{"floor":26,"key":"Bag of Preparation"},{"floor":26,"key":"Toxic Egg 2"},{"floor":27,"key":"Centennial Puzzle"},{"floor":30,"key":"Ornamental Fan"},{"floor":31,"key":"Girya"},{"floor":35,"key":"Ancient Tea Set"},{"floor":36,"key":"Dodecahedron"},{"floor":39,"key":"Tiny Chest"},{"floor":40,"key":"Bottled Flame"},{"floor":43,"key":"Art of War"},{"floor":43,"key":"Bottled Lightning"},{"floor":45,"key":"Lantern"},{"floor":46,"key":"Mango"},{"floor":47,"key":"Ice Cream"},{"floor":48,"key":"Orichalcum"}],"event_choices":[{"damage_healed":0,"gold_gain":0,"player_choice":"Grow","damage_taken":0,"max_hp_gain":0,"max_hp_loss":0,"event_name":"Living Wall","floor":2,"gold_loss":0,"cards_upgraded":["Bash"]},{"damage_healed":0,"gold_gain":0,"player_choice":"Forge","damage_taken":0,"max_hp_gain":0,"max_hp_loss":0,"event_name":"Accursed Blacksmith","floor":3,"gold_loss":0,"cards_upgraded":["Warcry"]},{"damage_healed":0,"gold_gain":0,"player_choice":"0 cards matched","damage_taken":0,"max_hp_gain":0,"max_hp_loss":0,"event_name":"Match and Keep!","floor":13,"gold_loss":0,"cards_obtained":[]},{"damage_healed":0,"gold_gain":0,"player_choice":"Copied","damage_taken":0,"max_hp_gain":0,"max_hp_loss":0,"event_name":"Duplicator","floor":23,"gold_loss":0,"cards_obtained":["Ghostly Armor"]},{"damage_healed":0,"gold_gain":0,"player_choice":"Shed Blood","damage_taken":24,"max_hp_gain":5,"max_hp_loss":0,"event_name":"Forgotten Altar","floor":29,"gold_loss":0},{"damage_healed":0,"gold_gain":0,"player_choice":"Embrace Madness","damage_taken":13,"max_hp_gain":0,"max_hp_loss":0,"event_name":"Winding Halls","floor":37,"gold_loss":0,"cards_obtained":["Madness","Madness"]},{"damage_healed":0,"gold_gain":0,"player_choice":"Memory 1","damage_taken":0,"max_hp_gain":0,"max_hp_loss":0,"event_name":"SensoryStone","floor":44,"gold_loss":0}],"is_beta":false,"boss_relics":[{"not_picked":["Runic Dome","Velvet Choker"],"picked":"Sozu"},{"not_picked":["Tiny House","Lizard Tail"],"picked":"Empty Cage"}],"items_purged_floors":[38,42],"is_endless":false,"potions_floor_spawned":[1,4,5,14,20,22,25,30,31,33,36,39,45],"ascension_level":0}