{"gold_per_floor":[17,37,2,13,13,13,45,61,108,108,137,159,204,216,228,329,341,378,413,443,119,135,135,155,155,155,189,21,21,33,33,33,110,110,122,134,154,173,185,185,195,227,254,270,183,216,196,107,107,107,107],"floor_reached":52,"playtime":7846,"items_purged":["Consume"],"score":1996,"play_id":"1747c644-c60f-419c-af00-1047947ff6fd","local_time":"20190120220116","is_ascension_mode":true,"campfire_choices":[{"data":"Consume","floor":6.0,"key":"SMITH"},{"data":"Zap","floor":15.0,"key":"SMITH"},{"floor":23.0,"key":"REST"},{"data":"Dualcast","floor":25.0,"key":"SMITH"},{"floor":32.0,"key":"REST"},{"data":"Coolheaded","floor":40.0,"key":"SMITH"},{"data":"Capacitor","floor":49,"key":"SMITH"}],"neow_cost":"NO_GOLD","seed_source_timestamp":0,"circlet_count":0,"master_deck":["AscendersBane","Zap+1","Dualcast+1","Consume+1","Coolheaded+1","Seek","Ball Lightning","Coolheaded","Genetic Algorithm+1","Core Surge","Hologram","Self Repair","Turbo","Coolheaded","Leap+1","Glacier","BootSequence","Glacier","Double Energy+1","Recycle+1","Chaos+1","Capacitor+1","Chill+1","Defragment"],"special_seed":0,"relics":["Cracked Core","Bottled Lightning","Boot","MawBank","Cables","Bloody Idol","Pandora\u0027s Box","DataDisk","Mercury Hourglass","Bird Faced Urn","War Paint","Runic Pyramid","Pen Nib","Bag of Preparation","Pantograph"],"potions_floor_usage":[51],"damage_taken":[{"damage":7.0,"enemies":"Small Slimes","floor":1.0,"turns":3.0},{"damage":7.0,"enemies":"Jaw Worm","floor":2.0,"turns":3.0},{"damage":0.0,"enemies":"2 Louse","floor":4.0,"turns":2.0},{"damage":20.0,"enemies":"3 Sentries","floor":7.0,"turns":23.0},{"damage":6.0,"enemies":"2 Fungi Beasts","floor":8.0,"turns":3.0},{"damage":6.0,"enemies":"Red Slaver","floor":11.0,"turns":3.0},{"damage":1.0,"enemies":"Blue Slaver","floor":12.0,"turns":3.0},{"damage":6.0,"enemies":"Gremlin Nob","floor":13.0,"turns":3.0},{"damage":20.0,"enemies":"Hexaghost","floor":16.0,"turns":9.0},{"damage":29.0,"enemies":"2 Thieves","floor":18.0,"turns":5.0},{"damage":11.0,"enemies":"Chosen","floor":19.0,"turns":4.0},{"damage":19.0,"enemies":"Shelled Parasite and Fungi","floor":20.0,"turns":8.0},{"damage":0.0,"enemies":"Chosen and Byrds","floor":22.0,"turns":5.0},{"damage":2.0,"enemies":"3 Cultists","floor":24.0,"turns":5.0},{"damage":18.0,"enemies":"Slavers","floor":27.0,"turns":8.0},{"damage":14.0,"enemies":"Cultist and Chosen","floor":30.0,"turns":9.0},{"damage":20.0,"enemies":"Automaton","floor":33.0,"turns":16.0},{"damage":0.0,"enemies":"3 Shapes","floor":35.0,"turns":5.0},{"damage":0.0,"enemies":"3 Darklings","floor":36.0,"turns":6.0},{"damage":2.0,"enemies":"Jaw Worm Horde","floor":37.0,"turns":5.0},{"damage":14.0,"enemies":"Sphere and 2 Shapes","floor":38.0,"turns":5.0},{"damage":0.0,"enemies":"Spire Growth","floor":39.0,"turns":5.0},{"damage":14.0,"enemies":"Writhing Mass","floor":41.0,"turns":4.0},{"damage":4.0,"enemies":"Nemesis","floor":42.0,"turns":9.0},{"damage":4,"enemies":"3 Darklings","floor":44,"turns":4},{"damage":0,"enemies":"Giant Head","floor":46,"turns":9},{"damage":4,"enemies":"Donu and Deca","floor":50,"turns":12},{"damage":0,"enemies":"Awakened One","floor":51,"turns":17}],"seed_played":"-3842479900531596931","potions_obtained":[{"floor":1.0,"key":"Energy Potion"},{"floor":4.0,"key":"Regen Potion"},{"floor":8.0,"key":"Strength Potion"},{"floor":16.0,"key":"FocusPotion"},{"floor":18.0,"key":"FocusPotion"},{"floor":27.0,"key":"FocusPotion"},{"floor":37.0,"key":"Weak Potion"},{"floor":38.0,"key":"FearPotion"},{"floor":46,"key":"GamblersBrew"},{"floor":47,"key":"Regen Potion"}],"is_trial":false,"path_per_floor":["M","M","?","M","?","R","E","M","T","?","M","M","E","?","R","B",null,"M","M","M","$","M","R","M","R","T","E","$","?","M","?","R","B",null,"M","M","M","M","M","R","M","E","T","M","$","E","?","$","R","B","B",null],"character_chosen":"DEFECT","items_purchased":["BootSequence","DataDisk","War Paint","Capacitor","Defragment"],"campfire_rested":2,"item_purchase_floors":[21,21,28,45,48],"current_hp_per_floor":[57,50,67,67,60,60,55,49,49,38,32,31,25,25,25,5,49,27,23,11,11,18,37,35,35,35,24,24,24,24,24,43,37,57,64,64,64,64,64,64,64,64,64,64,64,64,64,64,64,64,64],"gold":107,"neow_bonus":"REMOVE_TWO","is_prod":false,"is_daily":false,"chose_seed":false,"campfire_upgraded":5,"win_rate":0,"timestamp":1548018076,"path_taken":["M","M","?","M","?","R","E","M","T","?","M","M","E","?","R","BOSS","M","M","M","$","M","R","M","R","T","E","$","?","M","?","R","BOSS","M","M","M","M","M","R","M","E","T","M","$","E","?","$","R","BOSS","BOSS"],"build_version":"2019-01-19","purchased_purges":1,"victory":true,"max_hp_per_floor":[71,71,71,71,71,71,71,71,71,71,71,71,71,64,64,64,64,64,64,64,64,64,64,64,64,64,64,64,64,64,64,64,64,64,64,64,64,64,64,64,64,64,64,64,64,64,64,64,64,64,64],"card_choices":[{"not_picked":["Beam Cell","Defragment"],"picked":"Consume","floor":1.0},{"not_picked":["Steam","Compile Driver","Rebound"],"picked":"SKIP","floor":2.0},{"not_picked":["Steam","Rebound"],"picked":"Coolheaded","floor":4.0},{"not_picked":["Defragment","Reprogram"],"picked":"Seek","floor":7.0},{"not_picked":["Compile Driver","Redo"],"picked":"Ball Lightning","floor":8.0},{"not_picked":["Steam","Barrage","Defragment"],"picked":"SKIP","floor":11.0},{"not_picked":["Conserve Battery","Turbo"],"picked":"Coolheaded","floor":12.0},{"not_picked":["Cold Snap","Redo"],"picked":"Genetic Algorithm","floor":13.0},{"not_picked":["Creative AI","Echo Form"],"picked":"Core Surge","floor":16.0},{"not_picked":["Barrage+1","Beam Cell"],"picked":"Leap","floor":18.0},{"not_picked":["Stack","Conserve Battery"],"picked":"Glacier","floor":19.0},{"not_picked":["Melter","Go for the Eyes","Chaos"],"picked":"SKIP","floor":20.0},{"not_picked":["Ball Lightning","Undo"],"picked":"Glacier","floor":22.0},{"not_picked":["Hello World","Chaos","Stack"],"picked":"SKIP","floor":24.0},{"not_picked":["Turbo","Stack"],"picked":"Double Energy+1","floor":27.0},{"not_picked":["Chill","Steam","Go for the Eyes"],"picked":"SKIP","floor":30.0},{"not_picked":["Gash","Ball Lightning","FTL"],"picked":"SKIP","floor":35.0},{"not_picked":["Leap","Turbo+1"],"picked":"Recycle+1","floor":36.0},{"not_picked":["Coolheaded","Force Field","Glacier"],"picked":"SKIP","floor":37.0},{"not_picked":["Coolheaded","Force Field","Glacier"],"picked":"SKIP","floor":37.0},{"not_picked":["Lockon+1","Conserve Battery","Sweeping Beam"],"picked":"SKIP","floor":38.0},{"not_picked":["Lockon+1","Conserve Battery","Sweeping Beam"],"picked":"SKIP","floor":38.0},{"not_picked":["Lockon+1","Conserve Battery","Sweeping Beam"],"picked":"SKIP","floor":38.0},{"not_picked":["Doom and Gloom","Reprogram","Steam Power"],"picked":"SKIP","floor":39.0},{"not_picked":["Sweeping Beam","Cold Snap"],"picked":"Chaos+1","floor":41.0},{"not_picked":["Rebound+1","Heatsinks","Redo"],"picked":"SKIP","floor":42.0},{"not_picked":["Force Field+1","Barrage+1","Ball Lightning"],"picked":"SKIP","floor":44},{"not_picked":["Auto Shields","Turbo"],"picked":"Chill+1","floor":46}],"player_experience":569320,"relics_obtained":[{"floor":7.0,"key":"Bottled Lightning"},{"floor":9.0,"key":"Boot"},{"floor":13.0,"key":"Cables"},{"floor":26.0,"key":"Mercury Hourglass"},{"floor":27.0,"key":"Bird Faced Urn"},{"floor":42.0,"key":"Pen Nib"},{"floor":43.0,"key":"Bag of Preparation"},{"floor":46,"key":"Pantograph"}],"event_choices":[{"damage_healed":17.0,"max_hp_gain":0.0,"max_hp_loss":0.0,"gold_gain":0.0,"event_name":"The Cleric","player_choice":"Healed","floor":3.0,"gold_loss":35.0,"damage_taken":0.0},{"cards_removed":["Defend_B"],"damage_healed":0.0,"max_hp_gain":0.0,"max_hp_loss":0.0,"gold_gain":0.0,"event_name":"Golden Wing","player_choice":"Card Removal","floor":5.0,"gold_loss":0.0,"damage_taken":7.0},{"damage_healed":0.0,"max_hp_gain":0.0,"max_hp_loss":0.0,"gold_gain":0.0,"event_name":"Scrap Ooze","player_choice":"Success","floor":10.0,"gold_loss":0.0,"damage_taken":11.0,"relics_obtained":["MawBank"]},{"damage_healed":0.0,"max_hp_gain":0.0,"max_hp_loss":7.0,"gold_gain":0.0,"event_name":"Golden Idol","player_choice":"Lose Max HP","floor":14.0,"gold_loss":0.0,"damage_taken":0.0,"relics_obtained":["Golden Idol"]},{"damage_healed":0.0,"max_hp_gain":0.0,"max_hp_loss":0.0,"gold_gain":0.0,"event_name":"Forgotten Altar","player_choice":"Gave Idol","floor":29.0,"relics_lost":["Golden Idol"],"gold_loss":0.0,"damage_taken":0.0,"relics_obtained":["Bloody Idol"]},{"damage_healed":0.0,"max_hp_gain":0.0,"max_hp_loss":0.0,"gold_gain":0.0,"event_name":"Beggar","player_choice":"Ignored","floor":31.0,"gold_loss":0.0,"damage_taken":0.0},{"damage_healed":0,"gold_gain":0,"player_choice":"Bought 1 Potion","damage_taken":0,"max_hp_gain":0,"max_hp_loss":0,"event_name":"The Woman in Blue","floor":47,"gold_loss":0}],"is_beta":true,"boss_relics":[{"not_picked":["FrozenCore","Snecko Eye"],"picked":"Pandora\u0027s Box"},{"not_picked":["Eternal Feather","Calling Bell"],"picked":"Runic Pyramid"}],"items_purged_floors":[21],"is_endless":false,"potions_floor_spawned":[1,4,8,16,18,19,27,37,38,41,46],"ascension_level":20}