{"gold_per_floor":[111,111,0,15,28,60,70,70,119,119,119,119,69,84,84,184,184,195,110,129,129,140,140,140],"floor_reached":24,"playtime":1275,"items_purged":["Decay","Regret"],"score":196,"play_id":"a960db02-9d51-4fd4-8b17-81b53d5c36c6","local_time":"20190324163357","is_ascension_mode":false,"campfire_choices":[{"floor":8,"key":"REST"},{"data":"White Noise","floor":10,"key":"SMITH"},{"data":"Zap","floor":12,"key":"SMITH"},{"data":"Auto Shields","floor":15,"key":"SMITH"},{"floor":23,"key":"REST"}],"neow_cost":"NONE","seed_source_timestamp":10931508103022,"circlet_count":0,"master_deck":["Strike_B","Strike_B","Strike_B","Strike_B","Defend_B","Defend_B","Defend_B","Defend_B","Zap+1","Dualcast","White Noise+1","Doom and Gloom","Auto Shields+1","Ball Lightning","FTL","FTL","Streamline","Electrodynamics","BootSequence","Redo","Ball Lightning+1","Seek","Storm+1"],"relics":["Cracked Core","Letter Opener","Regal Pillow","Smiling Mask","Black Star","Prayer Wheel","Anchor"],"potions_floor_usage":[16,24,24],"damage_taken":[{"damage":6,"enemies":"Jaw Worm","floor":1,"turns":4},{"damage":1,"enemies":"Cultist","floor":4,"turns":3},{"damage":0,"enemies":"2 Louse","floor":5,"turns":2},{"damage":17,"enemies":"3 Sentries","floor":6,"turns":5},{"damage":0,"enemies":"Looter","floor":7,"turns":3},{"damage":0,"enemies":"Large Slime","floor":14,"turns":4},{"damage":17,"enemies":"Slime Boss","floor":16,"turns":9},{"damage":14,"enemies":"Spheric Guardian","floor":18,"turns":4},{"damage":0,"enemies":"3 Byrds","floor":20,"turns":2},{"damage":49,"enemies":"3 Cultists","floor":22,"turns":5},{"damage":52,"enemies":"Gremlin Leader","floor":24,"turns":6}],"seed_played":"-705753391473396694","potions_obtained":[{"floor":0,"key":"SkillPotion"},{"floor":0,"key":"Block Potion"},{"floor":0,"key":"LiquidBronze"},{"floor":1,"key":"FocusPotion"},{"floor":5,"key":"FocusPotion"},{"floor":18,"key":"EntropicBrew"}],"is_trial":false,"path_per_floor":["?","M","?","?","?"],"character_chosen":"DEFECT","items_purchased":["Doom and Gloom"],"campfire_rested":2,"item_purchase_floors":[3],"current_hp_per_floor":[69,69,69,68,68,51,51,73,73,73,73,73,73,73,73,56,75,61,61,61,61,12,49,0],"gold":140,"neow_bonus":"THREE_SMALL_POTIONS","is_prod":false,"is_daily":false,"chose_seed":false,"campfire_upgraded":3,"win_rate":0.0,"timestamp":1553459637,"path_taken":["M","?","$","?","M","E","M","R","T","R","?","R","$","M","R","BOSS","M","?","M","?","M","R","E"],"build_version":"2019-01-23","purchased_purges":2,"victory":false,"max_hp_per_floor":[75,75,75,75,75,75,75,75,75,75,75,75,75,75,75,75,75,75,75,75,75,75,75,75],"card_choices":[{"not_picked":["Leap","Redo"],"picked":"White Noise","floor":1},{"not_picked":["Hologram","Conserve Battery"],"picked":"Auto Shields","floor":4},{"not_picked":["Conserve Battery","Storm"],"picked":"Ball Lightning","floor":5},{"not_picked":["Gash","Blizzard"],"picked":"FTL","floor":6},{"not_picked":["Blizzard","Compile Driver"],"picked":"FTL","floor":7},{"not_picked":["All For One","Compile Driver"],"picked":"Streamline","floor":14},{"not_picked":["Fission","Rainbow"],"picked":"Electrodynamics","floor":16},{"not_picked":["Defragment","Tempest"],"picked":"BootSequence","floor":18},{"not_picked":["Beam Cell","Barrage"],"picked":"Redo","floor":20},{"not_picked":["FTL","Streamline"],"picked":"Ball Lightning+1","floor":20},{"not_picked":["Stack","Cold Snap"],"picked":"Seek","floor":22},{"not_picked":["Rebound","Blizzard"],"picked":"Storm+1","floor":22}],"player_experience":49350,"relics_obtained":[{"floor":6,"key":"Letter Opener"},{"floor":9,"key":"Regal Pillow"}],"event_choices":[{"damage_healed":0,"gold_gain":0,"player_choice":"Cursed","damage_taken":0,"max_hp_gain":0,"max_hp_loss":0,"event_name":"Wheel of Change","floor":2,"gold_loss":0,"cards_obtained":["Decay"]},{"damage_healed":0,"gold_gain":0,"player_choice":"Box","damage_taken":0,"relics_obtained":["Smiling Mask"],"max_hp_gain":0,"max_hp_loss":0,"event_name":"Big Fish","floor":11,"gold_loss":0,"cards_obtained":["Regret"]},{"damage_healed":0,"gold_gain":0,"player_choice":"Obtained Relic","damage_taken":0,"relics_obtained":["Prayer Wheel"],"max_hp_gain":0,"max_hp_loss":0,"event_name":"Addict","floor":19,"gold_loss":85},{"damage_healed":0,"gold_gain":0,"player_choice":"Gave Potion","damage_taken":0,"relics_obtained":["Anchor"],"max_hp_gain":0,"max_hp_loss":0,"event_name":"WeMeetAgain","floor":21,"gold_loss":0}],"is_beta":false,"boss_relics":[{"not_picked":["Runic Dome","Velvet Choker"],"picked":"Black Star"}],"items_purged_floors":[3,13],"is_endless":false,"potions_floor_spawned":[1,5,14,18,20],"killed_by":"Gremlin Leader","ascension_level":0}