{"gold_per_floor":[213,163,103,121,46,46,73,87,134,134,148,174,174,186,186,284,284,299,113,165,176,189,189],"floor_reached":23,"playtime":1844,"items_purged":["Defend_G"],"score":274,"play_id":"79284c96-7d8c-4919-94c9-5528b0e455a3","local_time":"20190414114342","is_ascension_mode":true,"campfire_choices":[{"data":"Neutralize","floor":6,"key":"SMITH"},{"data":"Poisoned Stab","floor":10,"key":"SMITH"},{"floor":13,"key":"REST"},{"data":"Deadly Poison","floor":15,"key":"SMITH"}],"neow_cost":"NONE","seed_source_timestamp":754868480945809,"circlet_count":0,"master_deck":["Defend_G","Defend_G","Strike_G","Strike_G","Strike_G","Survivor","Neutralize+1","Backflip","Poisoned Stab+1","Heel Hook","Dagger Throw","Slice","Poisoned Stab","Deadly Poison+1","Adrenaline","Deflect+1","A Thousand Cuts+1","PiercingWail+1","Underhanded Strike+1","HandOfGreed","Footwork+1","Well Laid Plans"],"relics":["Ring of the Snake","Blood Vial","Peace Pipe","Juzu Bracelet","Ancient Tea Set","Astrolabe"],"potions_floor_usage":[16,18,21,23,23],"damage_taken":[{"damage":0,"enemies":"Jaw Worm","floor":1,"turns":6},{"damage":1,"enemies":"Small Slimes","floor":4,"turns":4},{"damage":21,"enemies":"Lagavulin","floor":7,"turns":9},{"damage":0,"enemies":"Cultist","floor":8,"turns":3},{"damage":1,"enemies":"Red Slaver","floor":11,"turns":3},{"damage":11,"enemies":"Gremlin Nob","floor":12,"turns":4},{"damage":0,"enemies":"Blue Slaver","floor":14,"turns":2},{"damage":28,"enemies":"The Guardian","floor":16,"turns":8},{"damage":13,"enemies":"Spheric Guardian","floor":18,"turns":4},{"damage":20,"enemies":"3 Byrds","floor":20,"turns":4},{"damage":10,"enemies":"Snecko","floor":21,"turns":4},{"damage":17,"enemies":"Cultist and Chosen","floor":22,"turns":6},{"damage":17,"enemies":"Slavers","floor":23,"turns":3}],"seed_played":"-2407338610964043487","potions_obtained":[{"floor":8,"key":"Swift Potion"},{"floor":11,"key":"LiquidBronze"},{"floor":16,"key":"SkillPotion"},{"floor":18,"key":"Swift Potion"},{"floor":20,"key":"Explosive Potion"}],"is_trial":false,"path_per_floor":["M","?","?","M","$","R","E","M","T","R","M","E","R","M","R","B",null,"M","$","M","M","M","E"],"character_chosen":"THE_SILENT","items_purchased":["HandOfGreed"],"campfire_rested":1,"item_purchase_floors":[19],"current_hp_per_floor":[63,63,63,64,64,64,45,47,47,47,48,39,60,62,62,36,62,51,51,33,25,10,0],"gold":189,"neow_bonus":"HUNDRED_GOLD","is_prod":false,"is_daily":false,"chose_seed":false,"campfire_upgraded":3,"win_rate":0,"timestamp":1555267422,"path_taken":["M","?","?","?","?","R","E","M","T","R","M","E","R","M","R","BOSS","M","$","M","M","M","E"],"build_version":"2019-01-23","purchased_purges":1,"victory":false,"max_hp_per_floor":[70,70,70,70,70,70,70,70,70,70,70,70,70,70,70,70,70,70,70,70,70,70,70],"card_choices":[{"not_picked":["Underhanded Strike","Prepared"],"picked":"Backflip","floor":1},{"not_picked":["Flying Knee","Outmaneuver"],"picked":"Poisoned Stab","floor":4},{"not_picked":["Underhanded Strike","Acrobatics"],"picked":"Heel Hook","floor":7},{"not_picked":["Setup","Slice"],"picked":"Dagger Throw","floor":8},{"not_picked":["Prepared","Outmaneuver"],"picked":"Slice","floor":11},{"not_picked":["Acrobatics","Envenom"],"picked":"Poisoned Stab","floor":12},{"not_picked":["Prepared","Eviscerate"],"picked":"Deadly Poison","floor":14},{"not_picked":["Burst","Wraith Form v2"],"picked":"Adrenaline","floor":16},{"not_picked":["Quick Slash","Dagger Spray"],"picked":"Underhanded Strike+1","floor":18},{"not_picked":["Acrobatics+1","Finisher+1"],"picked":"Footwork+1","floor":20},{"not_picked":["Calculated Gamble","Backflip","Acrobatics+1"],"picked":"SKIP","floor":21},{"not_picked":["Caltrops","Choke"],"picked":"Well Laid Plans","floor":22}],"player_experience":2145052,"relics_obtained":[{"floor":7,"key":"Peace Pipe"},{"floor":9,"key":"Juzu Bracelet"},{"floor":12,"key":"Ancient Tea Set"}],"event_choices":[{"cards_removed":["Defend_G"],"damage_healed":0,"gold_gain":0,"player_choice":"Card Removal","damage_taken":0,"max_hp_gain":0,"max_hp_loss":0,"event_name":"The Cleric","floor":2,"gold_loss":50},{"damage_healed":0,"gold_gain":0,"player_choice":"Paid Gold","damage_taken":0,"relics_obtained":["Blood Vial"],"max_hp_gain":0,"max_hp_loss":0,"event_name":"WeMeetAgain","floor":3,"gold_loss":60}],"is_beta":false,"boss_relics":[{"not_picked":["Cursed Key","Runic Pyramid"],"picked":"Astrolabe"}],"items_purged_floors":[5],"is_endless":false,"potions_floor_spawned":[8,11,16,18,20],"killed_by":"Slavers","ascension_level":7}