{"gold_per_floor":[114,39,50,60,37,37,68,68,115,129,149,149,160,191,191,264,264,264,264,264,264,264,264,264,264,264,264,264,264,264,264,264,264],"floor_reached":33,"playtime":3680,"items_purged":[],"score":590,"play_id":"98db299f-f105-4569-bf1b-14ac83c1daac","local_time":"20190416013743","is_ascension_mode":true,"campfire_choices":[{"data":"Leg Sweep","floor":6,"key":"SMITH"},{"data":"Dagger Spray","floor":8,"key":"SMITH"},{"data":"Neutralize","floor":12,"key":"SMITH"},{"data":"Adrenaline","floor":15,"key":"SMITH"},{"floor":24,"key":"REST"},{"data":"Wraith Form v2","floor":27,"key":"SMITH"},{"floor":32,"key":"REST"}],"neow_cost":"NONE","seed_source_timestamp":22744161192800,"circlet_count":0,"master_deck":["AscendersBane","Defend_G","Defend_G","Defend_G","Defend_G","Defend_G","Strike_G","Strike_G","Strike_G","Strike_G","Survivor","Neutralize+1","Leg Sweep+1","Footwork","Quick Slash","Dodge and Roll","Dagger Throw","Dagger Spray+1","Slice","Footwork","Adrenaline+1","Wraith Form v2+1","Cloak And Dagger","Dagger Spray","Deflect","Heel Hook","PiercingWail+1","Poisoned Stab+1","Dodge and Roll+1","Slice+1","Deadly Poison+1"],"relics":["Ring of the Snake","Lantern","Bronze Scales","Centennial Puzzle","Ectoplasm","Toxic Egg 2","Molten Egg 2","Bottled Flame","Smiling Mask","Red Mask","Sundial"],"potions_floor_usage":[7,14,16,23,25,30,31,33],"damage_taken":[{"damage":1,"enemies":"2 Louse","floor":1,"turns":3},{"damage":0,"enemies":"Cultist","floor":3,"turns":7},{"damage":0,"enemies":"Jaw Worm","floor":4,"turns":7},{"damage":29,"enemies":"Gremlin Nob","floor":7,"turns":6},{"damage":3,"enemies":"Looter","floor":10,"turns":3},{"damage":1,"enemies":"Red Slaver","floor":11,"turns":3},{"damage":0,"enemies":"Exordium Thugs","floor":13,"turns":5},{"damage":2,"enemies":"3 Sentries","floor":14,"turns":5},{"damage":8,"enemies":"The Guardian","floor":16,"turns":10},{"damage":9,"enemies":"Chosen","floor":18,"turns":5},{"damage":4,"enemies":"Shell Parasite","floor":19,"turns":7},{"damage":4,"enemies":"Centurion and Healer","floor":21,"turns":12},{"damage":15,"enemies":"Snake Plant","floor":22,"turns":7},{"damage":11,"enemies":"Gremlin Leader","floor":23,"turns":7},{"damage":9,"enemies":"Book of Stabbing","floor":25,"turns":6},{"damage":15,"enemies":"Gremlin Leader","floor":28,"turns":10},{"damage":2,"enemies":"Chosen and Byrds","floor":29,"turns":7},{"damage":0,"enemies":"Masked Bandits","floor":30,"turns":4},{"damage":2,"enemies":"Book of Stabbing","floor":31,"turns":5},{"damage":20,"enemies":"Collector","floor":33,"turns":5}],"seed_played":"7978467351817432254","potions_obtained":[{"floor":1,"key":"PowerPotion"},{"floor":11,"key":"GamblersBrew"},{"floor":14,"key":"FearPotion"},{"floor":18,"key":"GamblersBrew"},{"floor":20,"key":"Energy Potion"},{"floor":20,"key":"LiquidBronze"},{"floor":22,"key":"Strength Potion"},{"floor":23,"key":"Strength Potion"},{"floor":29,"key":"Ancient Potion"},{"floor":30,"key":"Fire Potion"}],"is_trial":false,"path_per_floor":["M","$","M","M","$","R","E","R","T","M","M","R","M","E","R","B",null,"M","M","?","M","M","E","R","E","T","R","E","M","?","E","R","B"],"character_chosen":"THE_SILENT","items_purchased":["Footwork","Dagger Throw"],"campfire_rested":2,"item_purchase_floors":[2,5],"current_hp_per_floor":[58,58,58,58,58,58,29,29,29,26,25,25,25,23,23,15,53,44,40,40,36,21,10,29,20,20,20,5,3,3,1,20,0],"gold":264,"neow_bonus":"REMOVE_CARD","is_prod":false,"is_daily":false,"chose_seed":false,"campfire_upgraded":5,"win_rate":0,"timestamp":1555342663,"path_taken":["M","$","M","M","$","R","E","R","T","M","M","R","M","E","R","BOSS","M","M","?","M","M","E","R","E","T","R","E","?","?","E","R","BOSS"],"build_version":"2019-01-23","purchased_purges":0,"victory":false,"max_hp_per_floor":[66,66,66,66,66,66,66,66,66,66,66,66,66,66,66,66,66,66,66,66,66,66,66,66,66,66,66,66,66,66,66,66,66],"card_choices":[{"not_picked":["Backflip","Dagger Throw"],"picked":"Leg Sweep","floor":1},{"not_picked":["Deflect","Acrobatics"],"picked":"Quick Slash","floor":3},{"not_picked":["Deadly Poison","Caltrops"],"picked":"Dodge and Roll","floor":4},{"not_picked":["Crippling Poison","Bane"],"picked":"Dagger Spray","floor":7},{"not_picked":["Prepared","Bane"],"picked":"Slice","floor":10},{"not_picked":["Underhanded Strike","Accuracy"],"picked":"Footwork","floor":11},{"not_picked":["Expertise","Deflect"],"picked":"Adrenaline","floor":13},{"not_picked":["Corpse Explosion","Accuracy","Deadly Poison"],"picked":"SKIP","floor":14},{"not_picked":["Phantasmal Killer","Tools of the Trade"],"picked":"Wraith Form v2","floor":16},{"not_picked":["Blade Dance","Accuracy+1"],"picked":"Cloak And Dagger","floor":18},{"not_picked":["Backflip","Sucker Punch"],"picked":"Dagger Spray","floor":19},{"not_picked":["Poisoned Stab","Blade Dance"],"picked":"Deflect","floor":21},{"not_picked":["Prepared+1","Poisoned Stab","Flying Knee"],"picked":"SKIP","floor":22},{"not_picked":["PiercingWail","Deflect"],"picked":"Heel Hook","floor":23},{"not_picked":["Sucker Punch+1","Choke"],"picked":"PiercingWail+1","floor":25},{"not_picked":["Predator+1","Underhanded Strike+1"],"picked":"Poisoned Stab+1","floor":28},{"not_picked":["Eviscerate+1","Unload+1"],"picked":"Dodge and Roll+1","floor":29},{"not_picked":["Dagger Throw+1","Dagger Spray+1"],"picked":"Slice+1","floor":30},{"not_picked":["Deflect+1","Expertise+1"],"picked":"Deadly Poison+1","floor":31}],"player_experience":622299,"relics_obtained":[{"floor":7,"key":"Lantern"},{"floor":9,"key":"Bronze Scales"},{"floor":14,"key":"Centennial Puzzle"},{"floor":23,"key":"Toxic Egg 2"},{"floor":25,"key":"Molten Egg 2"},{"floor":26,"key":"Bottled Flame"},{"floor":28,"key":"Smiling Mask"},{"floor":30,"key":"Red Mask"},{"floor":31,"key":"Sundial"}],"event_choices":[{"damage_healed":0,"gold_gain":0,"player_choice":"Got Potions","damage_taken":0,"max_hp_gain":0,"max_hp_loss":0,"event_name":"Lab","floor":20,"gold_loss":0},{"damage_healed":0,"gold_gain":0,"player_choice":"Fought Bandits","damage_taken":0,"max_hp_gain":0,"max_hp_loss":0,"event_name":"Masked Bandits","floor":30,"gold_loss":0}],"is_beta":false,"boss_relics":[{"not_picked":["Lizard Tail","Cursed Key"],"picked":"Ectoplasm"}],"items_purged_floors":[],"is_endless":false,"potions_floor_spawned":[1,11,14,18,22,23,29,30],"killed_by":"Collector","ascension_level":15}