{"gold_per_floor":[20,34,53,71,84,84,103,119,119,119,139,174,59,59,59,162,162,172,192,72,72,87,87,87,106,106,106,106],"floor_reached":28,"playtime":2249,"items_purged":["Defend_B"],"score":237,"play_id":"750b09ee-3dcb-431f-a584-008e2cd2d562","local_time":"20190218012630","is_ascension_mode":true,"campfire_choices":[{"data":"Echo Form","floor":6,"key":"SMITH"},{"data":"Rebound","floor":10,"key":"SMITH"},{"floor":15,"key":"REST"},{"floor":24,"key":"REST"},{"floor":27,"key":"REST"}],"neow_cost":"NO_GOLD","seed_source_timestamp":769684931943085,"circlet_count":0,"master_deck":["Strike_B","Strike_B","Strike_B","Strike_B","Defend_B","Defend_B","Defend_B","Zap","Dualcast","Echo Form+1","Conserve Battery","BootSequence","Rebound+1","Heatsinks","Force Field","White Noise","White Noise","Hello World","Creative AI","Fusion","Consume","Streamline","Dark Shackles"],"relics":["Cracked Core","Ornamental Fan","Question Card","Dodecahedron","Snecko Eye","Sundial"],"potions_floor_usage":[8,11,16,23,28,28],"damage_taken":[{"damage":3,"enemies":"Small Slimes","floor":1,"turns":3},{"damage":0,"enemies":"Cultist","floor":2,"turns":3},{"damage":0,"enemies":"2 Louse","floor":3,"turns":1},{"damage":0,"enemies":"Looter","floor":4,"turns":4},{"damage":1,"enemies":"Red Slaver","floor":5,"turns":4},{"damage":1,"enemies":"2 Fungi Beasts","floor":7,"turns":5},{"damage":3,"enemies":"Large Slime","floor":8,"turns":5},{"damage":0,"enemies":"Lots of Slimes","floor":11,"turns":1},{"damage":25,"enemies":"3 Sentries","floor":12,"turns":9},{"damage":23,"enemies":"Slime Boss","floor":16,"turns":11},{"damage":24,"enemies":"3 Byrds","floor":18,"turns":5},{"damage":10,"enemies":"Spheric Guardian","floor":19,"turns":6},{"damage":10,"enemies":"Snecko","floor":22,"turns":6},{"damage":2,"enemies":"Sentry and Sphere","floor":23,"turns":4},{"damage":22,"enemies":"Snake Plant","floor":25,"turns":6},{"damage":15,"enemies":"Colosseum Slavers","floor":28,"turns":5},{"damage":49,"enemies":"Colosseum Nobs","floor":28,"turns":3}],"seed_played":"5053793682512109630","potions_obtained":[{"floor":2,"key":"Explosive Potion"},{"floor":5,"key":"FearPotion"},{"floor":7,"key":"Poison Potion"},{"floor":8,"key":"SmokeBomb"},{"floor":22,"key":"FocusPotion"},{"floor":25,"key":"EssenceOfSteel"}],"is_trial":false,"path_per_floor":["M","M","M","M","M","R","M","M","T","R","M","E","$","?","R","B",null,"M","M","$","?","M","M","R","M","T","R","?"],"character_chosen":"DEFECT","items_purchased":["White Noise","Hello World","Streamline"],"campfire_rested":3,"item_purchase_floors":[13,13,20],"current_hp_per_floor":[72,72,72,72,71,71,70,67,67,67,67,42,42,17,39,16,75,51,41,41,27,17,15,37,15,15,37,0],"gold":106,"neow_bonus":"THREE_RARE_CARDS","is_prod":false,"is_daily":false,"chose_seed":false,"campfire_upgraded":2,"win_rate":0,"timestamp":1550471190,"path_taken":["M","M","M","M","M","R","M","M","T","R","M","E","$","?","R","BOSS","M","M","$","?","?","M","R","M","T","R","?"],"build_version":"2019-01-23","purchased_purges":1,"victory":false,"max_hp_per_floor":[75,75,75,75,75,75,75,75,75,75,75,75,75,75,75,75,75,75,75,75,75,75,75,75,75,75,75,75],"card_choices":[{"not_picked":["Thunder Strike","Machine Learning"],"picked":"Echo Form","floor":0},{"not_picked":["Beam Cell","Auto Shields"],"picked":"Conserve Battery","floor":1},{"not_picked":["Scrape","Beam Cell"],"picked":"BootSequence","floor":2},{"not_picked":["Gash","Auto Shields","Steam"],"picked":"SKIP","floor":3},{"not_picked":["Rip and Tear","Storm"],"picked":"Rebound","floor":4},{"not_picked":["Undo","Turbo"],"picked":"Heatsinks","floor":5},{"not_picked":["Ball Lightning","Turbo","Coolheaded"],"picked":"SKIP","floor":7},{"not_picked":["Recycle","Barrage"],"picked":"Force Field","floor":8},{"not_picked":["Compile Driver","Steam"],"picked":"White Noise","floor":11},{"not_picked":["Tempest","Glacier","Aggregate"],"picked":"SKIP","floor":12},{"not_picked":["Buffer","Reboot","All For One"],"picked":"Creative AI","floor":16},{"not_picked":["Cold Snap","Streamline","Consume"],"picked":"Fusion","floor":18},{"not_picked":["Sunder","Undo","Ball Lightning+1"],"picked":"Consume","floor":19},{"not_picked":["Go for the Eyes","Turbo+1","Sweeping Beam","Reboot"],"picked":"SKIP","floor":22},{"not_picked":["Rebound","Leap","Darkness","Cold Snap"],"picked":"SKIP","floor":25}],"player_experience":806316,"relics_obtained":[{"floor":9,"key":"Ornamental Fan"},{"floor":12,"key":"Question Card"},{"floor":26,"key":"Sundial"}],"event_choices":[{"damage_healed":0,"gold_gain":0,"player_choice":"Success","damage_taken":25,"relics_obtained":["Dodecahedron"],"max_hp_gain":0,"max_hp_loss":0,"event_name":"Scrap Ooze","floor":14,"gold_loss":0},{"damage_healed":0,"gold_gain":0,"player_choice":"CARD ","damage_taken":14,"max_hp_gain":0,"max_hp_loss":0,"event_name":"Knowing Skull","floor":21,"potions_obtained":[],"gold_loss":0,"cards_obtained":["Dark Shackles"]},{"damage_healed":0,"gold_gain":0,"player_choice":"Fight","damage_taken":0,"max_hp_gain":0,"max_hp_loss":0,"event_name":"Colosseum","floor":28,"gold_loss":0},{"damage_healed":0,"gold_gain":0,"player_choice":"Fought Nobs","damage_taken":0,"max_hp_gain":0,"max_hp_loss":0,"event_name":"Colosseum","floor":28,"gold_loss":0}],"is_beta":false,"boss_relics":[{"not_picked":["FrozenCore","Lizard Tail"],"picked":"Snecko Eye"}],"items_purged_floors":[20],"is_endless":false,"potions_floor_spawned":[2,5,7,8,22,25,28],"killed_by":"Colosseum Nobs","ascension_level":1}