{"gold_per_floor":[116,136,154,154,121,121,155,171,171,171],"floor_reached":10,"playtime":393,"items_purged":[],"score":70,"play_id":"5425f6dc-0a8a-4d95-810d-c5b2a473cea2","local_time":"20190419234322","is_ascension_mode":false,"campfire_choices":[{"data":"Dualcast","floor":6,"key":"SMITH"}],"neow_cost":"NONE","seed_source_timestamp":615387556336200,"circlet_count":0,"master_deck":["Strike_B","Strike_B","Strike_B","Strike_B","Defend_B","Defend_B","Defend_B","Defend_B","Zap","Dualcast+1","Loop","Storm","Chaos"],"relics":["Cracked Core","NeowsBlessing","Question Card","Mummified Hand","Sundial"],"potions_floor_usage":[7,10],"damage_taken":[{"damage":0,"enemies":"Cultist","floor":1,"turns":1},{"damage":0,"enemies":"Jaw Worm","floor":2,"turns":1},{"damage":0,"enemies":"Small Slimes","floor":3,"turns":1},{"damage":21,"enemies":"Exordium Thugs","floor":5,"turns":5},{"damage":36,"enemies":"Lagavulin","floor":7,"turns":8},{"damage":10,"enemies":"Looter","floor":8,"turns":3},{"damage":11,"enemies":"Gremlin Gang","floor":10,"turns":2}],"seed_played":"-2243614877407146876","potions_obtained":[{"floor":2,"key":"LiquidBronze"},{"floor":7,"key":"Energy Potion"},{"floor":8,"key":"FearPotion"}],"is_trial":false,"path_per_floor":["M","M","M","?","M","R","E","M","T","M"],"character_chosen":"DEFECT","items_purchased":[],"campfire_rested":0,"item_purchase_floors":[],"current_hp_per_floor":[75,75,75,75,54,54,18,8,8,0],"gold":171,"neow_bonus":"THREE_ENEMY_KILL","is_prod":false,"is_daily":false,"chose_seed":false,"campfire_upgraded":1,"win_rate":0.0,"timestamp":1555710202,"path_taken":["M","?","M","?","?","R","E","M","T","M"],"build_version":"2019-01-23","purchased_purges":0,"victory":false,"max_hp_per_floor":[75,75,75,75,75,75,75,75,75,75],"card_choices":[{"not_picked":["Compile Driver","Gash","Stack"],"picked":"SKIP","floor":1},{"not_picked":["Barrage","Steam","Stack"],"picked":"SKIP","floor":2},{"not_picked":["Steam","Sweeping Beam","Static Discharge"],"picked":"SKIP","floor":3},{"not_picked":["Barrage","Leap","Amplify"],"picked":"Loop","floor":5},{"not_picked":["Compile Driver","Chaos","Go for the Eyes"],"picked":"Storm","floor":7},{"not_picked":["Steam Power","Redo","Barrage"],"picked":"Chaos","floor":8}],"player_experience":206816,"relics_obtained":[{"floor":4,"key":"Question Card"},{"floor":7,"key":"Mummified Hand"},{"floor":9,"key":"Sundial"}],"event_choices":[{"damage_healed":0,"gold_gain":0,"player_choice":"Relic","damage_taken":0,"max_hp_gain":0,"max_hp_loss":0,"event_name":"Wheel of Change","floor":4,"gold_loss":0}],"is_beta":false,"boss_relics":[],"items_purged_floors":[],"is_endless":false,"potions_floor_spawned":[2,7,8],"killed_by":"Gremlin Gang","ascension_level":0}