{"gold_per_floor":[144,144,189,234,279,279,279,324,374,419,464,464,509,554,554,854,854,899,944,989,1034,494,584,629,674,699,744,744,374,419,419,419,719,719,764,809,854,629,674,674,764,764,764,305,305,350,395,440,440,440],"floor_reached":51,"playtime":23767,"items_purged":["Strike_B","Strike_B","Defend_B","Defend_B"],"score":828,"play_id":"b69a8d1d-8d6c-423c-af23-ad0b9b890bb4","local_time":"20190418163105","daily_mods":["Specialized","Vintage","Midas"],"is_ascension_mode":false,"campfire_choices":[{"floor":6,"key":"REST"},{"floor":12,"key":"REST"},{"floor":15,"key":"REST"},{"floor":32,"key":"REST"},{"floor":40,"key":"REST"},{"data":"1","floor":45,"key":"LIFT"},{"data":"2","floor":49,"key":"LIFT"}],"neow_cost":"","seed_source_timestamp":0,"circlet_count":0,"master_deck":["Strike_B+1","Strike_B+1","Defend_B","Zap","Dualcast","Rebound","Rebound","Rebound","Rebound","Rebound","Electrodynamics","Conserve Battery+1","Loop","Deep Breath+1","Redo+1","White Noise+1","Creative AI","Redo+1","Capacitor+1","Defragment"],"special_seed":18004,"relics":["Cracked Core","Dodecahedron","Blood Vial","Shuriken","Meat on the Bone","Bottled Lightning","Boot","Regal Pillow","Ancient Tea Set","Happy Flower","Centennial Puzzle","Velvet Choker","Toxic Egg 2","Molten Egg 2","Pen Nib","Girya","Anchor","Membership Card","Kunai","Pear","Mango","Smiling Mask","Dream Catcher","Omamori","Nilry\u0027s Codex","Oddly Smooth Stone","Bag of Marbles","Sling","Sundial","Bag of Preparation","Nuclear Battery","Gremlin Horn","FossilizedHelix","Ginger","DollysMirror","Strawberry","Incense Burner","Art of War","Ornamental Fan","Mummified Hand","Mercury Hourglass","Toolbox","Bottled Tornado","Blue Candle","Cables"],"potions_floor_usage":[10,11,18,21,23,33,33,39,50,50],"damage_taken":[{"damage":2,"enemies":"Small Slimes","floor":1,"turns":3},{"damage":0,"enemies":"2 Louse","floor":3,"turns":2},{"damage":6,"enemies":"Jaw Worm","floor":4,"turns":2},{"damage":1,"enemies":"2 Fungi Beasts","floor":5,"turns":3},{"damage":4,"enemies":"Gremlin Gang","floor":8,"turns":3},{"damage":15,"enemies":"Exordium Wildlife","floor":10,"turns":3},{"damage":13,"enemies":"Lots of Slimes","floor":11,"turns":4},{"damage":13,"enemies":"Red Slaver","floor":13,"turns":2},{"damage":10,"enemies":"Large Slime","floor":14,"turns":4},{"damage":47,"enemies":"The Guardian","floor":16,"turns":9},{"damage":2,"enemies":"3 Byrds","floor":18,"turns":3},{"damage":0,"enemies":"Chosen","floor":19,"turns":3},{"damage":15,"enemies":"Snecko","floor":20,"turns":4},{"damage":27,"enemies":"3 Cultists","floor":21,"turns":4},{"damage":8,"enemies":"Gremlin Leader","floor":23,"turns":4},{"damage":7,"enemies":"Centurion and Healer","floor":24,"turns":4},{"damage":10,"enemies":"Sentry and Sphere","floor":25,"turns":4},{"damage":0,"enemies":"Cultist and Chosen","floor":27,"turns":6},{"damage":0,"enemies":"Snake Plant","floor":30,"turns":3},{"damage":6,"enemies":"Champ","floor":33,"turns":8},{"damage":22,"enemies":"3 Darklings","floor":35,"turns":4},{"damage":0,"enemies":"3 Shapes","floor":36,"turns":2},{"damage":0,"enemies":"Transient","floor":37,"turns":5},{"damage":22,"enemies":"Sphere and 2 Shapes","floor":39,"turns":4},{"damage":0,"enemies":"Giant Head","floor":41,"turns":7},{"damage":0,"enemies":"3 Darklings","floor":46,"turns":3},{"damage":0,"enemies":"Spire Growth","floor":47,"turns":5},{"damage":0,"enemies":"Jaw Worm Horde","floor":48,"turns":2},{"damage":28,"enemies":"Donu and Deca","floor":50,"turns":4}],"seed_played":"-4024911570082513858","potions_obtained":[{"floor":3,"key":"SkillPotion"},{"floor":8,"key":"Regen Potion"},{"floor":11,"key":"FocusPotion"},{"floor":14,"key":"SpeedPotion"},{"floor":16,"key":"Dexterity Potion"},{"floor":20,"key":"Dexterity Potion"},{"floor":21,"key":"Explosive Potion"},{"floor":23,"key":"Weak Potion"},{"floor":24,"key":"Energy Potion"},{"floor":33,"key":"PowerPotion"},{"floor":36,"key":"FearPotion"},{"floor":41,"key":"Regen Potion"}],"is_trial":false,"path_per_floor":["M","?","M","M","M","R","?","M","T","M","M","R","M","M","R","B",null,"M","M","M","M","$","E","M","M","T","M","?","$","M","?","R","B",null,"M","M","M","$","M","R","E","?","T","$","R","M","M","M","R","B",null],"character_chosen":"DEFECT","items_purchased":["Anchor","Membership Card","Kunai","Conserve Battery+1","Deep Breath+1","Redo+1","Oddly Smooth Stone","Bag of Marbles","Sling","DollysMirror","Strawberry","Mummified Hand","Mercury Hourglass","Toolbox","Defragment","Block Potion"],"campfire_rested":5,"item_purchase_floors":[22,22,22,22,29,29,29,29,29,38,38,44,44,44,44,44],"current_hp_per_floor":[73,58,58,54,55,75,75,71,71,58,59,75,62,54,75,40,75,73,75,60,47,47,51,60,52,52,54,38,38,52,52,96,92,99,77,79,81,88,68,106,106,106,106,106,106,106,106,106,106,78],"gold":440,"neow_bonus":"","is_prod":false,"is_daily":true,"chose_seed":false,"campfire_upgraded":0,"win_rate":0,"timestamp":1555630265,"path_taken":["M","?","M","M","M","R","?","M","T","M","M","R","M","M","R","BOSS","M","M","M","M","$","E","M","M","T","M","?","$","M","?","R","BOSS","M","M","?","$","M","R","E","?","T","$","R","M","M","M","R","BOSS"],"build_version":"2019-01-23","purchased_purges":4,"victory":true,"max_hp_per_floor":[75,75,75,75,75,75,75,75,75,75,75,75,75,75,75,75,75,75,75,75,75,75,85,99,99,99,99,99,99,99,99,99,99,99,99,99,99,106,106,106,106,106,106,106,106,106,106,106,106,106],"card_choices":[{"not_picked":["Machine Learning","Fission"],"picked":"Electrodynamics","floor":16},{"not_picked":["Ball Lightning+1","Melter+1"],"picked":"Loop","floor":23},{"not_picked":["Gash+1","Recycle+1"],"picked":"White Noise+1","floor":32},{"not_picked":["Machine Learning","Multi-Cast+1"],"picked":"Creative AI","floor":33},{"not_picked":["Core Surge+1","Beam Cell+1"],"picked":"Capacitor+1","floor":41}],"player_experience":2146896,"relics_obtained":[{"floor":1,"key":"Dodecahedron"},{"floor":3,"key":"Blood Vial"},{"floor":4,"key":"Shuriken"},{"floor":5,"key":"Meat on the Bone"},{"floor":8,"key":"Bottled Lightning"},{"floor":9,"key":"Boot"},{"floor":10,"key":"Regal Pillow"},{"floor":11,"key":"Ancient Tea Set"},{"floor":13,"key":"Happy Flower"},{"floor":14,"key":"Centennial Puzzle"},{"floor":18,"key":"Toxic Egg 2"},{"floor":19,"key":"Molten Egg 2"},{"floor":20,"key":"Pen Nib"},{"floor":21,"key":"Girya"},{"floor":23,"key":"Pear"},{"floor":24,"key":"Mango"},{"floor":25,"key":"Smiling Mask"},{"floor":26,"key":"Dream Catcher"},{"floor":27,"key":"Omamori"},{"floor":28,"key":"Nilry\u0027s Codex"},{"floor":30,"key":"Sundial"},{"floor":31,"key":"Bag of Preparation"},{"floor":35,"key":"Gremlin Horn"},{"floor":36,"key":"FossilizedHelix"},{"floor":37,"key":"Ginger"},{"floor":39,"key":"Incense Burner"},{"floor":41,"key":"Art of War"},{"floor":43,"key":"Ornamental Fan"},{"floor":46,"key":"Bottled Tornado"},{"floor":47,"key":"Blue Candle"},{"floor":48,"key":"Cables"}],"event_choices":[{"damage_healed":0,"gold_gain":0,"player_choice":"Entered Light","damage_taken":15,"max_hp_gain":0,"max_hp_loss":0,"event_name":"Shining Light","floor":2,"gold_loss":0,"cards_upgraded":["Strike_B","Strike_B"]},{"damage_healed":0,"gold_gain":0,"player_choice":"Fled","damage_taken":0,"max_hp_gain":0,"max_hp_loss":0,"event_name":"Scrap Ooze","floor":7,"gold_loss":0},{"damage_healed":0,"gold_gain":0,"player_choice":"Obtained Book","damage_taken":16,"max_hp_gain":0,"max_hp_loss":0,"event_name":"Cursed Tome","floor":28,"gold_loss":0},{"damage_healed":0,"gold_gain":0,"player_choice":"Relic","damage_taken":0,"max_hp_gain":0,"max_hp_loss":0,"event_name":"Wheel of Change","floor":31,"gold_loss":0},{"cards_removed":["Defend_B"],"damage_healed":0,"gold_gain":0,"player_choice":"Purged","damage_taken":0,"max_hp_gain":0,"max_hp_loss":0,"event_name":"Purifier","floor":42,"gold_loss":0}],"is_beta":false,"boss_relics":[{"not_picked":["Philosopher\u0027s Stone","Empty Cage"],"picked":"Velvet Choker"},{"not_picked":["Black Star","Pandora\u0027s Box"],"picked":"Nuclear Battery"}],"items_purged_floors":[22,29,38,44],"is_endless":false,"potions_floor_spawned":[3,8,11,14,16,20,21,23,24,33,36,37,41],"ascension_level":0}