{"path_per_floor":["M","M","M","$","M","R","?","R","T","M","$","R","M","?","R","B",null,"M","?","M","M","?","R","?"],"character_chosen":"IRONCLAD","items_purchased":["True Grit"],"gold_per_floor":[111,130,149,24,39,39,139,139,139,149,49,49,65,140,140,245,245,255,255,266,276,276,276,276],"floor_reached":25,"campfire_rested":1,"playtime":945,"current_hp_per_floor":[80,80,80,80,80,80,80,80,80,76,76,76,80,69,69,17,80,64,64,48,41,1,25,25],"items_purged":["Strike_R","Strike_R"],"gold":276,"score":193,"play_id":"3ed91b9f-e17d-466a-b8d5-37f193ebac75","is_prod":false,"is_daily":false,"is_ascension_mode":false,"campfire_upgraded":4,"path_taken":["M","M","M","$","M","R","?","R","T","M","$","R","M","?","R","BOSS","M","?","?","M","?","R","?","M"],"build_version":"2018-02-15-PROD1","purchased_purges":2,"victory":false,"master_deck":["Defend_R","Defend_R","Defend_R","Defend_R","Bash","Body Slam+1","Inflame+1","Demon Form","True Grit+1","Iron Wave","Entrench+1","Warcry","Shockwave","Shrug It Off","Mind Blast","Madness","Bandage Up","Trip"],"max_hp_per_floor":[80,80,80,80,80,80,80,80,80,80,80,80,80,80,80,80,80,80,80,80,80,80,80,80],"relics":["Burning Blood","Bronze Scales","Philosopher\u0027s Stone"],"card_choices":[{"not_picked":["Combust","Metallicize"],"picked":"Body Slam"},{"not_picked":["True Grit","Headbutt"],"picked":"Inflame"},{"not_picked":["Cleave","Seeing Red"],"picked":"Demon Form"},{"not_picked":["Thunderclap","Reckless Charge"],"picked":"Iron Wave"},{"not_picked":["Combust","Sentinel"],"picked":"Entrench"},{"not_picked":["Feel No Pain","Rupture"],"picked":"Warcry"},{"not_picked":["Rampage","Twin Strike"],"picked":"Shockwave"},{"not_picked":["Pommel Strike","Anger"],"picked":"Shrug It Off"}],"player_experience":150212,"potions_floor_usage":[18,21],"damage_taken":[{"damage":2,"enemies":"2 Louse","floor":1,"turns":3},{"damage":1,"enemies":"Cultist","floor":2,"turns":4},{"damage":2,"enemies":"Jaw Worm","floor":3,"turns":6},{"damage":5,"enemies":"Looter","floor":5,"turns":4},{"damage":10,"enemies":"Large Slime","floor":10,"turns":6},{"damage":0,"enemies":"Blue Slaver","floor":13,"turns":4},{"damage":58,"enemies":"Slime Boss","floor":16,"turns":10},{"damage":22,"enemies":"Chosen","floor":18,"turns":6},{"damage":22,"enemies":"3 Byrds","floor":20,"turns":4},{"damage":13,"enemies":"Snake Plant","floor":21,"turns":3},{"damage":38,"enemies":"Sentry and Sphere","floor":25,"turns":5}],"event_choices":[{"event_name":"Golden Shrine","player_choice":"Pray","floor":7,"damage_taken":0},{"event_name":"World of Goop","player_choice":"Gather Gold","floor":14,"damage_taken":0},{"event_name":"Purifier","player_choice":"One Purge","floor":19,"damage_taken":0},{"event_name":"Knowing Skull","player_choice":"CARD CARD CARD CARD ","floor":22,"damage_taken":0},{"event_name":"Back to Basics","player_choice":"Elegance","floor":24,"damage_taken":0}],"boss_relics":[{"not_picked":["Astrolabe","Lizard Tail"],"picked":"Philosopher\u0027s Stone"}],"potions_floor_spawned":[1,3,16,18,20],"seed_played":"7392929905839388942","killed_by":"Sentry and Sphere","ascension_level":0,"is_trial":false}