{"gold_per_floor":[112,132,132,132,307,307,326,342,342,361,375,375,450,469,469,589,589,603,36,54,179,193,193,208,228,274,293,316,357,272,285,285,285],"floor_reached":33,"playtime":3240,"items_purged":["Doubt"],"score":340,"play_id":"227c9547-3685-4512-b351-ffb7f76d37ae","local_time":"20190331145331","is_ascension_mode":false,"campfire_choices":[{"floor":6,"key":"REST"},{"floor":15,"key":"REST"},{"floor":23,"key":"REST"},{"floor":32,"key":"REST"}],"neow_cost":"NONE","seed_source_timestamp":491244476546008,"circlet_count":0,"master_deck":["Strike_R","Strike_R","Strike_R","Strike_R","Strike_R","Defend_R","Defend_R","Defend_R","Defend_R","Cleave+1","Anger","Doubt","Wild Strike","Ghostly Armor","Injury","Armaments","Immolate","Clumsy","Clumsy","Iron Wave","Rage","Iron Wave","Cleave+1","Anger","Cleave+1","Iron Wave","Pommel Strike+1","Pommel Strike+1","Anger","Cleave","Impervious"],"relics":["Burning Blood","Self Forming Clay","Golden Idol","Calling Bell","Bronze Scales","The Courier","Thread and Needle","Strawberry","Dream Catcher","Bag of Marbles","Lantern","Pocketwatch","Gremlin Horn","Bag of Preparation","Dodecahedron","Happy Flower"],"potions_floor_usage":[11,16,16,21,22,25,28,33,33],"damage_taken":[{"damage":2,"enemies":"Small Slimes","floor":1,"turns":6},{"damage":9,"enemies":"2 Louse","floor":2,"turns":2},{"damage":6,"enemies":"Jaw Worm","floor":7,"turns":3},{"damage":11,"enemies":"3 Louse","floor":8,"turns":4},{"damage":20,"enemies":"Exordium Thugs","floor":10,"turns":4},{"damage":7,"enemies":"Blue Slaver","floor":11,"turns":4},{"damage":9,"enemies":"Looter","floor":14,"turns":4},{"damage":76,"enemies":"The Guardian","floor":16,"turns":15},{"damage":0,"enemies":"3 Byrds","floor":18,"turns":3},{"damage":6,"enemies":"Shell Parasite","floor":20,"turns":8},{"damage":0,"enemies":"Colosseum Slavers","floor":21,"turns":1},{"damage":84,"enemies":"Colosseum Nobs","floor":21,"turns":7},{"damage":0,"enemies":"Cultist and Chosen","floor":22,"turns":5},{"damage":1,"enemies":"Snecko","floor":24,"turns":5},{"damage":20,"enemies":"Centurion and Healer","floor":25,"turns":4},{"damage":5,"enemies":"Shelled Parasite and Fungi","floor":27,"turns":3},{"damage":6,"enemies":"Snecko","floor":28,"turns":6},{"damage":0,"enemies":"Slavers","floor":29,"turns":1},{"damage":7,"enemies":"Cultist and Chosen","floor":31,"turns":6},{"damage":47,"enemies":"Automaton","floor":33,"turns":12}],"seed_played":"4156740668336608261","potions_obtained":[{"floor":8,"key":"BloodPotion"},{"floor":11,"key":"AttackPotion"},{"floor":14,"key":"Strength Potion"},{"floor":16,"key":"SteroidPotion"},{"floor":21,"key":"EssenceOfSteel"},{"floor":22,"key":"SpeedPotion"},{"floor":24,"key":"AttackPotion"},{"floor":27,"key":"Weak Potion"},{"floor":28,"key":"Weak Potion"}],"is_trial":false,"path_per_floor":["M","M","?","?","?","R","M","M","T","M","M","?","?","M","R","B",null,"M","$","M","?","M","R","M","M","T","M","M","E","?","M","R","B"],"character_chosen":"IRONCLAD","items_purchased":["Strawberry","Dream Catcher","Bag of Marbles","Lantern","Rage"],"campfire_rested":4,"item_purchase_floors":[19,19,19,19,19],"current_hp_per_floor":[88,85,78,78,78,88,88,83,83,69,76,76,65,62,88,18,88,88,95,95,17,23,51,56,42,42,43,43,49,49,48,76,29],"gold":285,"neow_bonus":"TEN_PERCENT_HP_BONUS","is_prod":false,"is_daily":false,"chose_seed":false,"campfire_upgraded":0,"win_rate":0,"timestamp":1554058411,"path_taken":["M","M","?","?","?","R","M","M","T","M","M","?","?","M","R","BOSS","M","$","M","?","M","R","M","M","T","M","M","E","?","M","R","BOSS"],"build_version":"2019-01-23","purchased_purges":1,"victory":false,"max_hp_per_floor":[88,88,88,88,88,88,88,88,88,88,88,88,88,88,88,88,88,88,95,95,95,95,95,95,95,95,95,95,95,95,95,95,95],"card_choices":[{"not_picked":["True Grit","Flex"],"picked":"Cleave","floor":1},{"not_picked":["Havoc","Offering"],"picked":"Anger","floor":2},{"not_picked":["Metallicize","Sword Boomerang","Flame Barrier"],"picked":"SKIP","floor":7},{"not_picked":["Shockwave","Sword Boomerang"],"picked":"Wild Strike","floor":8},{"not_picked":["Corruption","Heavy Blade"],"picked":"Ghostly Armor","floor":10},{"not_picked":["Blood for Blood","Feel No Pain","Sword Boomerang"],"picked":"SKIP","floor":11},{"not_picked":["Sentinel","Sword Boomerang"],"picked":"Armaments","floor":14},{"not_picked":["Demon Form","Brutality"],"picked":"Immolate","floor":16},{"not_picked":["Infernal Blade","Thunderclap"],"picked":"Iron Wave","floor":18},{"not_picked":["Body Slam","Havoc+1","Clothesline"],"picked":"SKIP","floor":20},{"not_picked":["Shockwave","Battle Trance"],"picked":"Iron Wave","floor":21},{"not_picked":["Flex","True Grit"],"picked":"Cleave+1","floor":22},{"not_picked":["Power Through","Juggernaut"],"picked":"Anger","floor":23},{"not_picked":["Clash","Wild Strike"],"picked":"Cleave+1","floor":24},{"not_picked":["Dual Wield","Corruption"],"picked":"Iron Wave","floor":25},{"not_picked":["Iron Wave+1","Metallicize"],"picked":"Pommel Strike+1","floor":27},{"not_picked":["Armaments","Flame Barrier"],"picked":"Pommel Strike+1","floor":28},{"not_picked":["Warcry","Rampage"],"picked":"Anger","floor":29},{"not_picked":["Havoc+1","Iron Wave"],"picked":"Cleave","floor":31},{"not_picked":["Shrug It Off","Havoc"],"picked":"Impervious","floor":32}],"player_experience":326325,"relics_obtained":[{"floor":9,"key":"Self Forming Clay"},{"floor":17,"key":"Bronze Scales"},{"floor":17,"key":"The Courier"},{"floor":17,"key":"Thread and Needle"},{"floor":21,"key":"Pocketwatch"},{"floor":21,"key":"Gremlin Horn"},{"floor":26,"key":"Bag of Preparation"},{"floor":29,"key":"Dodecahedron"}],"event_choices":[{"cards_removed":["Bash"],"damage_healed":0,"gold_gain":0,"player_choice":"Card Removal","damage_taken":7,"max_hp_gain":0,"max_hp_loss":0,"event_name":"Golden Wing","floor":3,"gold_loss":0},{"damage_healed":0,"gold_gain":0,"player_choice":"Grow","damage_taken":0,"max_hp_gain":0,"max_hp_loss":0,"event_name":"Living Wall","floor":4,"gold_loss":0,"cards_upgraded":["Cleave"]},{"damage_healed":0,"gold_gain":175,"player_choice":"AGREE","damage_taken":0,"max_hp_gain":0,"max_hp_loss":0,"event_name":"Liars Game","floor":5,"gold_loss":0,"cards_obtained":["Doubt"]},{"damage_healed":0,"gold_gain":0,"player_choice":"Take Wound","damage_taken":0,"relics_obtained":["Golden Idol"],"max_hp_gain":0,"max_hp_loss":0,"event_name":"Golden Idol","floor":12,"gold_loss":0,"cards_obtained":["Injury"]},{"damage_healed":0,"gold_gain":75,"player_choice":"Gather Gold","damage_taken":11,"max_hp_gain":0,"max_hp_loss":0,"event_name":"World of Goop","floor":13,"gold_loss":0},{"damage_healed":0,"gold_gain":0,"player_choice":"Fight","damage_taken":0,"max_hp_gain":0,"max_hp_loss":0,"event_name":"Colosseum","floor":21,"gold_loss":0},{"damage_healed":0,"gold_gain":0,"player_choice":"Fought Nobs","damage_taken":0,"max_hp_gain":0,"max_hp_loss":0,"event_name":"Colosseum","floor":21,"gold_loss":0},{"damage_healed":0,"gold_gain":0,"player_choice":"Obtained Relic","damage_taken":0,"relics_obtained":["Happy Flower"],"max_hp_gain":0,"max_hp_loss":0,"event_name":"Addict","floor":30,"gold_loss":85}],"is_beta":false,"boss_relics":[{"not_picked":["Ectoplasm","White Beast Statue"],"picked":"Calling Bell"}],"items_purged_floors":[19],"is_endless":false,"potions_floor_spawned":[8,11,14,16,21,22,24,27,28],"killed_by":"Automaton","ascension_level":0}