{"gold_per_floor":[119,23,23,23,33,33,66,78,115,153,165,115,146,183,195,284,296,327,339,364,389,62,62,88,88,113,130,130,130,159,173,173,173],"floor_reached":33,"playtime":2194,"items_purged":["Strike_G"],"score":614,"play_id":"9fed2915-3fa0-40d8-b237-982e493ccf0f","local_time":"20180803200627","is_ascension_mode":true,"campfire_choices":[{"data":"Neutralize","floor":6,"key":"SMITH"},{"data":"Mind Blast","floor":8,"key":"SMITH"},{"data":"Dagger Spray","floor":15,"key":"SMITH"},{"data":"All Out Attack","floor":23,"key":"SMITH"},{"floor":25,"key":"REST"},{"data":"Footwork","floor":29,"key":"SMITH"},{"data":"Footwork","floor":32,"key":"SMITH"}],"neow_cost":"","seed_source_timestamp":870784008678503,"circlet_count":0,"master_deck":["Defend_G+1","Defend_G+1","Defend_G+1","Defend_G+1","Defend_G+1","Strike_G+1","Strike_G+1","Strike_G+1","Survivor","Neutralize+1","AscendersBane","Infinite Blades","Mind Blast+1","Flying Knee","All Out Attack+1","Infinite Blades","Dagger Spray+1","Dagger Throw","Glass Knife+1","Blur","Deflect","PiercingWail+1","Footwork+1","Injury","Footwork+1"],"special_seed":0,"relics":["Ring of the Snake","MawBank","Boot","Tingsha","Orichalcum","Cursed Key","Bag of Marbles","Meat on the Bone","Vajra","Lantern"],"potions_floor_usage":[7,16,16,24,30,31,33],"damage_taken":[{"damage":3.0,"enemies":"Small Slimes","floor":1.0,"turns":4.0},{"damage":1,"enemies":"Jaw Worm","floor":5,"turns":6},{"damage":28,"enemies":"Gremlin Nob","floor":7,"turns":6},{"damage":15,"enemies":"3 Sentries","floor":10,"turns":7},{"damage":0,"enemies":"2 Louse","floor":13,"turns":2},{"damage":22,"enemies":"Gremlin Nob","floor":14,"turns":4},{"damage":0,"enemies":"Hexaghost","floor":16,"turns":10},{"damage":5,"enemies":"Spheric Guardian","floor":18,"turns":3},{"damage":17,"enemies":"2 Thieves","floor":20,"turns":3},{"damage":8,"enemies":"Centurion and Healer","floor":21,"turns":5},{"damage":25,"enemies":"Gremlin Leader","floor":24,"turns":6},{"damage":0,"enemies":"Snecko","floor":27,"turns":3},{"damage":16,"enemies":"Book of Stabbing","floor":30,"turns":5},{"damage":6,"enemies":"Sentry and Sphere","floor":31,"turns":4},{"damage":58,"enemies":"Champ","floor":33,"turns":9}],"seed_played":"6685800291581290909","potions_obtained":[{"floor":1.0,"key":"GhostInAJar"},{"floor":5,"key":"FairyPotion"},{"floor":13,"key":"GhostInAJar"},{"floor":14,"key":"SpeedPotion"},{"floor":21,"key":"Poison Potion"},{"floor":24,"key":"Regen Potion"},{"floor":30,"key":"Fruit Juice"}],"is_trial":false,"path_per_floor":["M","$","?","?","M","R","E","R","T","E","?","?","M","E","R","B",null,"M","?","M","M","$","R","E","R","T","M","?","R","E","M","R"],"character_chosen":"THE_SILENT","items_purchased":["Mind Blast","Footwork","Bag of Marbles","Regen Potion"],"campfire_rested":1,"item_purchase_floors":[2,22,22,22],"current_hp_per_floor":[56,56,56,49,48,48,20,20,20,5,5,5,5,6,6,6,51,46,46,29,21,21,21,11,30,30,42,42,42,40,39,39,0],"gold":173,"neow_bonus":"","is_prod":false,"is_daily":false,"chose_seed":false,"campfire_upgraded":6,"win_rate":0,"timestamp":1533290787,"path_taken":["M","$","?","?","M","R","E","R","T","E","?","?","M","E","R","BOSS","M","?","M","M","$","R","E","R","T","?","?","R","E","M","R","BOSS"],"build_version":"2018-07-26","purchased_purges":1,"victory":false,"max_hp_per_floor":[66,66,66,66,66,66,66,66,66,66,66,66,66,66,66,66,66,66,66,66,66,66,66,66,66,66,66,66,66,66,71,71,71],"card_choices":[{"not_picked":["Concentrate","Blur"],"picked":"Infinite Blades","floor":1.0},{"not_picked":["Quick Slash","Slice"],"picked":"Flying Knee","floor":5},{"not_picked":["Acrobatics","Distraction"],"picked":"All Out Attack","floor":7},{"not_picked":["Flying Knee","Catalyst"],"picked":"Infinite Blades","floor":10},{"not_picked":["Outmaneuver","Bouncing Flask"],"picked":"Dagger Spray","floor":13},{"not_picked":["Bane","Deadly Poison"],"picked":"Dagger Throw","floor":14},{"not_picked":["Unload","Envenom"],"picked":"Glass Knife","floor":16},{"not_picked":["Outmaneuver","Dagger Throw"],"picked":"Blur","floor":18},{"not_picked":["Distraction","Acrobatics"],"picked":"Deflect","floor":20},{"not_picked":["Tactician+1","Deflect"],"picked":"PiercingWail+1","floor":21},{"not_picked":["Dagger Throw","Corpse Explosion","Slice"],"picked":"SKIP","floor":24},{"not_picked":["Slice","Finisher","Infinite Blades"],"picked":"SKIP","floor":27},{"not_picked":["Slice","Finisher","Infinite Blades"],"picked":"SKIP","floor":27},{"not_picked":["Dodge and Roll+1","Blur"],"picked":"Footwork","floor":30},{"not_picked":["Expertise","Slice","Poisoned Stab"],"picked":"SKIP","floor":31}],"player_experience":344564,"relics_obtained":[{"floor":7,"key":"MawBank"},{"floor":9,"key":"Boot"},{"floor":10,"key":"Tingsha"},{"floor":14,"key":"Orichalcum"},{"floor":24,"key":"Meat on the Bone"},{"floor":26,"key":"Vajra"},{"floor":30,"key":"Lantern"}],"event_choices":[{"event_name":"Golden Idol","player_choice":"Ignored","floor":3.0,"damage_taken":0.0},{"event_name":"Golden Wing","player_choice":"Card Removal","floor":4.0,"damage_taken":0.0},{"event_name":"FaceTrader","player_choice":"Leave","floor":11,"damage_taken":0},{"event_name":"World of Goop","player_choice":"Left","floor":12,"damage_taken":0},{"event_name":"Accursed Blacksmith","player_choice":"Forge","floor":19,"damage_taken":0},{"event_name":"Back to Basics","player_choice":"Simplicity","floor":28,"damage_taken":0}],"is_beta":false,"boss_relics":[{"not_picked":["Snecko Eye","Tiny House"],"picked":"Cursed Key"}],"items_purged_floors":[22],"is_endless":false,"potions_floor_spawned":[1,5,13,14,21,24,30],"killed_by":"Champ","ascension_level":15}