{"path_per_floor":["M","M","?","M","$","R","?","R","T","R","M","R","M","M","R","B",null,"M","M","M","M","$","$","?","?","T","R","E","R","M","T","R","B",null,"M","M","M","?","?","R","M","M","T","M","$","R","M","M","R","B"],"character_chosen":"IRONCLAD","items_purchased":["Medical Kit","Shrug It Off","Self Forming Clay"],"gold_per_floor":[112,128,128,139,64,64,64,64,87,87,103,103,114,133,133,233,233,251,266,281,297,96,42,42,42,42,42,74,74,89,114,114,212,212,224,244,257,257,257,257,267,282,361,378,25,25,39,50,50,50],"floor_reached":51,"campfire_rested":1,"playtime":3089,"current_hp_per_floor":[80,80,73,78,78,78,62,62,62,62,68,68,63,69,69,24,80,80,66,52,45,45,45,30,30,30,30,16,16,22,22,47,53,85,88,88,83,83,83,83,93,99,99,99,99,99,99,99,99,88],"items_purged":["Strike_R","Strike_R"],"gold":50,"score":563,"play_id":"da3b9c8d-bf52-400f-a8b6-b01d2e378388","is_prod":false,"is_daily":false,"is_ascension_mode":false,"campfire_upgraded":10,"path_taken":["M","M","?","M","$","R","?","R","T","R","M","R","M","M","R","BOSS","M","M","M","M","?","$","?","?","T","R","E","R","M","?","R","BOSS","M","M","M","?","?","R","M","M","T","M","$","R","M","M","R","BOSS"],"build_version":"2018-02-15-PROD1","purchased_purges":2,"victory":true,"master_deck":["Strike_R","Defend_R+1","Defend_R+1","Defend_R","Defend_R","Bash+1","Rampage+1","Body Slam+1","Cleave+1","Shrug It Off+1","Barricade+1","Shrug It Off+1","Shrug It Off+1","True Grit+1","Feed+1","Writhe","Reaper+1"],"max_hp_per_floor":[80,80,80,80,80,80,80,80,80,80,80,80,80,80,80,80,80,80,80,80,80,80,80,85,85,85,85,85,85,85,85,85,85,85,88,88,91,91,91,91,95,99,99,99,99,99,99,99,99,99],"relics":["Burning Blood","Anchor","Lizard Tail","Medical Kit","Happy Flower","Gambling Chip","Sundial","Bag of Preparation","Cursed Key","Mummified Hand","Self Forming Clay"],"card_choices":[{"not_picked":["Disarm","Power Through"],"picked":"Rampage"},{"not_picked":["Dual Wield","Uppercut"],"picked":"Body Slam"},{"not_picked":["Armaments","Intimidate"],"picked":"Cleave"},{"not_picked":["Iron Wave","Rampage"],"picked":"Shrug It Off"},{"not_picked":["Double Tap","Brutality"],"picked":"Barricade"},{"not_picked":["Dropkick","Warcry"],"picked":"Shrug It Off"},{"not_picked":["Flex","Twin Strike"],"picked":"True Grit"},{"not_picked":["Dark Embrace","Limit Break"],"picked":"Feed"},{"not_picked":["Burning Pact","Iron Wave"],"picked":"Reaper"}],"player_experience":161886,"potions_floor_usage":[16,30,33,50,50,50],"damage_taken":[{"damage":2,"enemies":"Small Slimes","floor":1,"turns":3},{"damage":6,"enemies":"Cultist","floor":2,"turns":3},{"damage":1,"enemies":"Jaw Worm","floor":4,"turns":4},{"damage":0,"enemies":"Exordium Wildlife","floor":11,"turns":3},{"damage":11,"enemies":"Large Slime","floor":13,"turns":5},{"damage":0,"enemies":"Lots of Slimes","floor":14,"turns":2},{"damage":51,"enemies":"The Guardian","floor":16,"turns":10},{"damage":6,"enemies":"3 Byrds","floor":18,"turns":6},{"damage":20,"enemies":"Shell Parasite","floor":19,"turns":9},{"damage":20,"enemies":"Snake Plant","floor":20,"turns":7},{"damage":13,"enemies":"3 Cultists","floor":21,"turns":6},{"damage":20,"enemies":"Book of Stabbing","floor":28,"turns":7},{"damage":0,"enemies":"Snecko","floor":30,"turns":6},{"damage":0,"enemies":"Automaton","floor":33,"turns":13},{"damage":0,"enemies":"Orb Walker","floor":35,"turns":4},{"damage":0,"enemies":"3 Darklings","floor":36,"turns":5},{"damage":14,"enemies":"Sphere and 2 Shapes","floor":37,"turns":10},{"damage":0,"enemies":"4 Shapes","floor":41,"turns":6},{"damage":0,"enemies":"Maw","floor":42,"turns":10},{"damage":0,"enemies":"Sphere and 2 Shapes","floor":44,"turns":7},{"damage":0,"enemies":"3 Darklings","floor":47,"turns":7},{"damage":5,"enemies":"4 Shapes","floor":48,"turns":5},{"damage":17,"enemies":"Awakened One","floor":50,"turns":13}],"event_choices":[{"event_name":"Golden Wing","player_choice":"Card Removal","floor":3,"damage_taken":0},{"event_name":"Shining Light","player_choice":"Entered Light","floor":7,"damage_taken":0},{"event_name":"Forgotten Altar","player_choice":"Shed Blood","floor":24,"damage_taken":0},{"event_name":"The Mausoleum","player_choice":"Yes","floor":25,"damage_taken":0},{"event_name":"Tomb of Lord Red Mask","player_choice":"Ignored","floor":38,"damage_taken":0}],"boss_relics":[{"not_picked":["Runic Pyramid","Question Card"],"picked":"Lizard Tail"},{"not_picked":["Eternal Feather","Runic Cube"],"picked":"Cursed Key"}],"potions_floor_spawned":[1,2,4,28,30,33,36,44,48],"seed_played":"-4000587551287452663","ascension_level":0,"is_trial":false}