{"gold_per_floor":[109,109,119,136,211,237,237,267,267,267,217,71,106,116,116,212,212,231,156,81,180,166,166,182,182,208,208,208,208,233,233,233,233],"floor_reached":33,"playtime":11097,"items_purged":["Shame"],"score":374,"play_id":"2d7871b0-93e8-4572-b392-91903983e5e0","local_time":"20190406223616","is_ascension_mode":true,"campfire_choices":[{"floor":7,"key":"REST"},{"data":"Sucker Punch","floor":10,"key":"SMITH"},{"floor":15,"key":"REST"},{"data":"Accuracy","floor":23,"key":"SMITH"},{"data":"Blade Dance","floor":25,"key":"SMITH"},{"floor":29,"key":"REST"},{"data":"After Image","floor":32,"key":"SMITH"}],"neow_cost":"NONE","seed_source_timestamp":93557073002438,"circlet_count":0,"master_deck":["Defend_G","Defend_G","Defend_G","Defend_G+1","Strike_G","Strike_G","Strike_G","Strike_G","Survivor+1","Neutralize+1","Sucker Punch+1","Caltrops","Infinite Blades","Burst","Accuracy+1","Storm of Steel","Parasite","Terror","Blade Dance+1","Backstab+1","Shame","After Image+1"],"relics":["Ring of the Snake","Pear","Blue Candle","Bottled Tornado","Blood Vial","War Paint","Calling Bell","Orichalcum","Darkstone Periapt","Gambling Chip","Bag of Preparation","Strawberry","Potion Belt","PreservedInsect"],"potions_floor_usage":[8,13,24,33,33],"damage_taken":[{"damage":2,"enemies":"Small Slimes","floor":1,"turns":4},{"damage":0,"enemies":"2 Louse","floor":3,"turns":3},{"damage":0,"enemies":"Jaw Worm","floor":4,"turns":4},{"damage":39,"enemies":"3 Sentries","floor":6,"turns":10},{"damage":7,"enemies":"Gremlin Nob","floor":8,"turns":5},{"damage":17,"enemies":"Lagavulin","floor":13,"turns":8},{"damage":6,"enemies":"Blue Slaver","floor":14,"turns":4},{"damage":23,"enemies":"The Guardian","floor":16,"turns":13},{"damage":12,"enemies":"Chosen","floor":18,"turns":6},{"damage":16,"enemies":"2 Thieves","floor":22,"turns":4},{"damage":19,"enemies":"Snake Plant","floor":24,"turns":4},{"damage":40,"enemies":"Gremlin Leader","floor":30,"turns":6},{"damage":65,"enemies":"Champ","floor":33,"turns":11}],"seed_played":"596930722026152995","potions_obtained":[{"floor":3,"key":"Ancient Potion"},{"floor":6,"key":"PowerPotion"},{"floor":13,"key":"Dexterity Potion"},{"floor":22,"key":"Poison Potion"},{"floor":24,"key":"SpeedPotion"}],"is_trial":false,"path_per_floor":["M","?","M","M","?","E","R","E","T","R","?","$","E","M","R","B",null,"M","?","$","?","M","R","M","R","T","?","T","R","E","?","R","B"],"character_chosen":"THE_SILENT","items_purchased":["Blood Vial"],"campfire_rested":3,"item_purchase_floors":[12],"current_hp_per_floor":[68,68,68,68,57,28,52,45,45,45,45,45,30,26,50,29,67,57,57,57,57,43,43,26,26,26,39,39,66,28,59,59,0],"gold":233,"neow_bonus":"UPGRADE_CARD","is_prod":false,"is_daily":false,"chose_seed":false,"campfire_upgraded":4,"win_rate":0,"timestamp":1554615376,"path_taken":["M","?","M","M","?","E","R","E","T","R","?","?","E","M","R","BOSS","M","?","$","?","M","R","M","R","T","?","?","R","E","?","R","BOSS"],"build_version":"2019-01-23","purchased_purges":1,"victory":false,"max_hp_per_floor":[70,70,70,70,70,80,80,80,80,80,80,80,80,80,80,80,80,80,80,80,80,80,80,80,80,80,93,93,93,93,93,93,93],"card_choices":[{"not_picked":["Poisoned Stab","Reflex"],"picked":"Sucker Punch","floor":1},{"not_picked":["Underhanded Strike","Slice"],"picked":"Caltrops","floor":3},{"not_picked":["Bouncing Flask","Choke","Underhanded Strike"],"picked":"SKIP","floor":4},{"not_picked":["Cloak And Dagger","Deflect"],"picked":"Infinite Blades","floor":6},{"not_picked":["Quick Slash","Well Laid Plans","Bane"],"picked":"SKIP","floor":8},{"not_picked":["Well Laid Plans","Calculated Gamble"],"picked":"Burst","floor":13},{"not_picked":["PiercingWail","Infinite Blades"],"picked":"Accuracy","floor":14},{"not_picked":["Burst","Bullet Time"],"picked":"Storm of Steel","floor":16},{"not_picked":["Poisoned Stab","Sucker Punch"],"picked":"Terror","floor":18},{"not_picked":["Cloak And Dagger","Noxious Fumes"],"picked":"Blade Dance","floor":22},{"not_picked":["Poisoned Stab","Dodge and Roll+1"],"picked":"Backstab+1","floor":24},{"not_picked":["Blade Dance","Cloak And Dagger"],"picked":"After Image","floor":30}],"player_experience":1550185,"relics_obtained":[{"floor":6,"key":"Pear"},{"floor":8,"key":"Blue Candle"},{"floor":9,"key":"Bottled Tornado"},{"floor":13,"key":"War Paint"},{"floor":17,"key":"Orichalcum"},{"floor":17,"key":"Darkstone Periapt"},{"floor":17,"key":"Gambling Chip"},{"floor":26,"key":"Bag of Preparation"},{"floor":28,"key":"Potion Belt"},{"floor":30,"key":"PreservedInsect"}],"event_choices":[{"cards_removed":["Defend_G"],"damage_healed":0,"gold_gain":0,"player_choice":"Forget","damage_taken":0,"max_hp_gain":0,"max_hp_loss":0,"event_name":"Living Wall","floor":2,"gold_loss":0},{"damage_healed":0,"gold_gain":75,"player_choice":"Gather Gold","damage_taken":11,"max_hp_gain":0,"max_hp_loss":0,"event_name":"World of Goop","floor":5,"gold_loss":0},{"cards_removed":["Strike_G"],"damage_healed":0,"gold_gain":0,"player_choice":"Card Removal","damage_taken":0,"max_hp_gain":0,"max_hp_loss":0,"event_name":"The Cleric","floor":11,"gold_loss":50},{"cards_removed":["Pain"],"damage_healed":0,"gold_gain":0,"player_choice":"Gave Gold","damage_taken":0,"max_hp_gain":0,"max_hp_loss":0,"event_name":"Beggar","floor":19,"gold_loss":75},{"damage_healed":0,"gold_gain":99,"player_choice":"Stole From Cult","damage_taken":0,"max_hp_gain":0,"max_hp_loss":0,"event_name":"Nest","floor":21,"gold_loss":0},{"damage_healed":0,"gold_gain":0,"player_choice":"Stole Relic","damage_taken":0,"relics_obtained":["Strawberry"],"max_hp_gain":0,"max_hp_loss":0,"event_name":"Addict","floor":27,"gold_loss":0,"cards_obtained":["Shame"]},{"damage_healed":31,"gold_gain":0,"player_choice":"Heal","damage_taken":0,"max_hp_gain":0,"max_hp_loss":0,"event_name":"The Library","floor":31,"gold_loss":0}],"is_beta":false,"boss_relics":[{"not_picked":["Orrery","Black Star"],"picked":"Calling Bell"}],"items_purged_floors":[20],"is_endless":false,"potions_floor_spawned":[3,6,13,22,24],"killed_by":"Champ","ascension_level":5}