{"gold_per_floor":[117,129,142,162,177,177,177,205,205,221,237,254,265,277,277,375,375,391,162,177,188,207,236,248,248,248,281,299,312,212,224,224,325,325,342,357,368,243,262,274,292,324,324,341,361,393,393,94,94,94],"floor_reached":51,"playtime":3875,"items_purged":["Capacitor","Demon Form","Echo Form","Self Repair"],"score":992,"play_id":"721431ba-ba6c-4256-a8f1-bca802ed0f67","local_time":"20190212003822","daily_mods":["Draft","Vintage","Allstar","Diverse","Colorless Cards","Heirloom","Time Dilation","Flight"],"is_ascension_mode":false,"campfire_choices":[{"data":"Backstab","floor":6,"key":"SMITH"},{"data":"Slice","floor":15,"key":"SMITH"},{"data":"Dagger Throw","floor":32,"key":"SMITH"},{"floor":47,"key":"DIG"},{"floor":49,"key":"DIG"}],"neow_cost":"","seed_source_timestamp":0,"circlet_count":0,"master_deck":["Wraith Form v2+1","Dagger Throw+1","Darkness+1","Clothesline+1","Quick Slash","Armaments+1","Thunderclap","Flying Knee","Dash","Steam","Backstab+1","Carnage+1","Outmaneuver","Cold Snap+1","Slice+1","All For One","Decay","Gash+1","A Thousand Cuts+1","Chill+1","Cloak And Dagger+1"],"relics":["Ring of the Snake","Incense Burner","Bag of Preparation","Centennial Puzzle","Tough Bandages","War Paint","Dodecahedron","Ninja Scroll","Meat on the Bone","Bottled Flame","Strawberry","Sundial","Bag of Marbles","Frozen Egg 2","WristBlade","Shuriken","Orichalcum","Lantern","Snake Skull","PreservedInsect","Unceasing Top","Pen Nib","Gremlin Horn","Blue Candle","Whetstone","Mummified Hand","Question Card","Philosopher\u0027s Stone","Blood Vial","Ancient Tea Set","Bronze Scales","Toxic Egg 2","Potion Belt","Bottled Lightning","Art of War","Smiling Mask","Mercury Hourglass","Vajra","Shovel","Dream Catcher","Molten Egg 2","Letter Opener"],"potions_floor_usage":[4,16,22,33,37,41,50,50,50],"damage_taken":[{"damage":1,"enemies":"Cultist","floor":1,"turns":3},{"damage":5,"enemies":"Jaw Worm","floor":2,"turns":2},{"damage":0,"enemies":"2 Louse","floor":3,"turns":1},{"damage":3,"enemies":"Gremlin Gang","floor":4,"turns":4},{"damage":0,"enemies":"3 Louse","floor":5,"turns":1},{"damage":6,"enemies":"Lagavulin","floor":8,"turns":5},{"damage":0,"enemies":"Looter","floor":10,"turns":1},{"damage":0,"enemies":"Large Slime","floor":11,"turns":1},{"damage":0,"enemies":"Blue Slaver","floor":12,"turns":1},{"damage":0,"enemies":"Gremlin Gang","floor":13,"turns":1},{"damage":0,"enemies":"Exordium Thugs","floor":14,"turns":1},{"damage":13,"enemies":"The Guardian","floor":16,"turns":6},{"damage":0,"enemies":"2 Thieves","floor":18,"turns":1},{"damage":0,"enemies":"Spheric Guardian","floor":20,"turns":1},{"damage":0,"enemies":"Snecko","floor":21,"turns":1},{"damage":0,"enemies":"Centurion and Healer","floor":22,"turns":1},{"damage":0,"enemies":"Slavers","floor":23,"turns":1},{"damage":0,"enemies":"Chosen and Byrds","floor":24,"turns":1},{"damage":0,"enemies":"Book of Stabbing","floor":27,"turns":1},{"damage":0,"enemies":"Snake Plant","floor":28,"turns":1},{"damage":0,"enemies":"3 Cultists","floor":29,"turns":1},{"damage":0,"enemies":"Chosen and Byrds","floor":31,"turns":1},{"damage":14,"enemies":"Automaton","floor":33,"turns":5},{"damage":0,"enemies":"3 Shapes","floor":35,"turns":1},{"damage":0,"enemies":"3 Darklings","floor":36,"turns":1},{"damage":0,"enemies":"Writhing Mass","floor":37,"turns":1},{"damage":0,"enemies":"Jaw Worm Horde","floor":39,"turns":1},{"damage":0,"enemies":"3 Darklings","floor":40,"turns":1},{"damage":1,"enemies":"Transient","floor":41,"turns":5},{"damage":1,"enemies":"Giant Head","floor":42,"turns":2},{"damage":0,"enemies":"Writhing Mass","floor":44,"turns":1},{"damage":0,"enemies":"Spire Growth","floor":45,"turns":1},{"damage":0,"enemies":"Nemesis","floor":46,"turns":1},{"damage":27,"enemies":"Time Eater","floor":50,"turns":5}],"seed_played":"-8659137426495410287","potions_obtained":[{"floor":1,"key":"SpeedPotion"},{"floor":2,"key":"Weak Potion"},{"floor":3,"key":"Ancient Potion"},{"floor":8,"key":"Regen Potion"},{"floor":21,"key":"Regen Potion"},{"floor":27,"key":"Explosive Potion"},{"floor":33,"key":"EssenceOfSteel"},{"floor":35,"key":"Swift Potion"},{"floor":37,"key":"SkillPotion"},{"floor":42,"key":"Fire Potion"},{"floor":44,"key":"Strength Potion"}],"is_trial":true,"path_per_floor":["M","M","M","M","M","R","?","E","T","M","M","M","M","M","R","B",null,"M","$","M","M","M","E","M","?","T","E","M","M","$","M","R","B",null,"M","M","M","$","M","M","M","E","T","M","M","E","R","$","R","B",null],"character_chosen":"THE_SILENT","items_purchased":["Orichalcum","Molten Egg 2"],"campfire_rested":0,"item_purchase_floors":[19,48],"current_hp_per_floor":[69,64,70,70,70,70,56,57,57,57,64,64,64,64,64,66,77,77,77,77,77,77,77,77,77,77,77,77,77,77,77,77,63,77,77,77,77,77,77,77,77,77,77,77,77,77,77,77,77,50],"gold":94,"neow_bonus":"","is_prod":false,"is_daily":false,"chose_seed":false,"campfire_upgraded":3,"win_rate":0,"timestamp":1549960702,"path_taken":["M","?","M","M","M","R","?","E","T","M","M","M","M","M","R","BOSS","M","$","M","M","M","E","M","?","T","E","M","M","$","M","R","BOSS","M","M","M","$","M","M","M","E","T","M","M","E","R","$","R","BOSS"],"build_version":"2019-01-23","purchased_purges":4,"victory":true,"max_hp_per_floor":[70,70,70,70,70,70,70,70,70,70,77,77,77,77,77,77,77,77,77,77,77,77,77,77,77,77,77,77,77,77,77,77,77,77,77,77,77,77,77,77,77,77,77,77,77,77,77,77,77,77],"card_choices":[{"not_picked":["Headbutt","Blade Dance"],"picked":"Capacitor","floor":0},{"not_picked":["Capacitor","Dagger Spray"],"picked":"Dagger Throw","floor":0},{"not_picked":["Thunderclap","Catalyst"],"picked":"Darkness","floor":0},{"not_picked":["Barrage","Pummel"],"picked":"Self Repair","floor":0},{"not_picked":["Compile Driver","Bane"],"picked":"Clothesline","floor":0},{"not_picked":["Compile Driver","Bane"],"picked":"Quick Slash","floor":0},{"not_picked":["Reprogram","Heavy Blade"],"picked":"Armaments","floor":0},{"not_picked":["Clash","Gash"],"picked":"Thunderclap","floor":0},{"not_picked":["Whirlwind","Burning Pact"],"picked":"Flying Knee","floor":0},{"not_picked":["Pommel Strike","Body Slam"],"picked":"Dash","floor":0},{"not_picked":["Dodge and Roll","Body Slam"],"picked":"Steam","floor":0},{"not_picked":["Poisoned Stab","Perfected Strike"],"picked":"Backstab","floor":0},{"not_picked":["Acrobatics","Reflex"],"picked":"Carnage","floor":0},{"not_picked":["Pommel Strike","Clash"],"picked":"Outmaneuver","floor":0},{"not_picked":["Cloak And Dagger","Deflect"],"picked":"Cold Snap","floor":0},{"not_picked":["Disarm","Dagger Spray"],"picked":"Slice","floor":8},{"not_picked":["Barricade+1","Doppelganger"],"picked":"All For One","floor":16},{"not_picked":["Bane+1","Hologram","Hemokinesis+1"],"picked":"SKIP","floor":23},{"not_picked":["Infernal Blade","Ghostly Armor"],"picked":"Gash+1","floor":27},{"not_picked":["Transmutation","Venomology","Machine Learning+1"],"picked":"A Thousand Cuts+1","floor":33},{"not_picked":["Flying Knee","Mayhem+1","Ball Lightning+1"],"picked":"Chill+1","floor":42},{"not_picked":["Demon Form+1","Deadly Poison+1","Sunder"],"picked":"Cloak And Dagger+1","floor":46}],"player_experience":752580,"relics_obtained":[{"floor":1,"key":"Bag of Preparation"},{"floor":2,"key":"Centennial Puzzle"},{"floor":3,"key":"Tough Bandages"},{"floor":4,"key":"War Paint"},{"floor":5,"key":"Dodecahedron"},{"floor":8,"key":"Ninja Scroll"},{"floor":9,"key":"Meat on the Bone"},{"floor":10,"key":"Bottled Flame"},{"floor":11,"key":"Strawberry"},{"floor":12,"key":"Sundial"},{"floor":13,"key":"Bag of Marbles"},{"floor":14,"key":"Frozen Egg 2"},{"floor":18,"key":"Shuriken"},{"floor":20,"key":"Lantern"},{"floor":21,"key":"Snake Skull"},{"floor":22,"key":"PreservedInsect"},{"floor":23,"key":"Unceasing Top"},{"floor":24,"key":"Pen Nib"},{"floor":26,"key":"Gremlin Horn"},{"floor":27,"key":"Blue Candle"},{"floor":28,"key":"Whetstone"},{"floor":29,"key":"Mummified Hand"},{"floor":31,"key":"Question Card"},{"floor":35,"key":"Blood Vial"},{"floor":36,"key":"Ancient Tea Set"},{"floor":37,"key":"Bronze Scales"},{"floor":39,"key":"Toxic Egg 2"},{"floor":40,"key":"Potion Belt"},{"floor":41,"key":"Bottled Lightning"},{"floor":42,"key":"Art of War"},{"floor":43,"key":"Smiling Mask"},{"floor":44,"key":"Mercury Hourglass"},{"floor":45,"key":"Vajra"},{"floor":46,"key":"Shovel"},{"floor":47,"key":"Dream Catcher"},{"floor":49,"key":"Letter Opener"}],"event_choices":[{"damage_healed":0,"gold_gain":0,"player_choice":"Entered Light","damage_taken":14,"max_hp_gain":0,"max_hp_loss":0,"event_name":"Shining Light","floor":7,"gold_loss":0,"cards_upgraded":["Carnage","Wraith Form v2"]},{"damage_healed":0,"gold_gain":0,"player_choice":"Cursed","damage_taken":0,"max_hp_gain":0,"max_hp_loss":0,"event_name":"Wheel of Change","floor":25,"gold_loss":0,"cards_obtained":["Decay"]}],"is_beta":false,"boss_relics":[{"not_picked":["Busted Crown","Ring of the Serpent"],"picked":"WristBlade"},{"not_picked":["HoveringKite","Snecko Eye"],"picked":"Philosopher\u0027s Stone"}],"items_purged_floors":[19,30,38,48],"is_endless":false,"potions_floor_spawned":[1,2,3,8,11,21,23,27,33,35,37,42,44,46],"ascension_level":0}