{"gold_per_floor":[115,115,115,215,234,234,259,259,259,275],"floor_reached":10,"playtime":564,"items_purged":[],"score":61,"play_id":"c41fcb65-f1d9-4d4a-9846-5f7d16004af7","local_time":"20190317194636","is_ascension_mode":true,"campfire_choices":[{"data":"Neutralize","floor":6,"key":"SMITH"},{"data":"Dagger Spray","floor":8,"key":"SMITH"}],"neow_cost":"NONE","seed_source_timestamp":353114982627391,"circlet_count":0,"master_deck":["Defend_G","Defend_G","Defend_G","Defend_G","Defend_G+1","Strike_G","Strike_G","Strike_G","Strike_G","Strike_G","Survivor+1","Neutralize+1","Normality","Decay","Decay","Accuracy","Dagger Spray+1","Blur","Sucker Punch"],"relics":["Calling Bell","Gambling Chip","Mummified Hand","Blood Vial","Golden Idol","Smiling Mask"],"potions_floor_usage":[],"damage_taken":[{"damage":12,"enemies":"Jaw Worm","floor":1,"turns":9},{"damage":6,"enemies":"2 Louse","floor":5,"turns":6},{"damage":0,"enemies":"Cultist","floor":7,"turns":4},{"damage":26,"enemies":"Large Slime","floor":10,"turns":10}],"seed_played":"517927030864171788","potions_obtained":[{"floor":5,"key":"Poison Potion"}],"is_trial":false,"path_per_floor":["M","?","?","?","M","R","M","R","T","M"],"character_chosen":"THE_SILENT","items_purchased":[],"campfire_rested":0,"item_purchase_floors":[],"current_hp_per_floor":[58,44,44,44,40,40,42,42,42,18],"gold":275,"neow_bonus":"BOSS_RELIC","is_prod":false,"is_daily":false,"chose_seed":false,"campfire_upgraded":2,"win_rate":0,"timestamp":1552869996,"path_taken":["M","?","?","?","?","R","M","R","T","M"],"build_version":"2019-01-23","purchased_purges":0,"victory":false,"max_hp_per_floor":[70,70,65,65,65,65,65,65,65,65],"card_choices":[{"not_picked":["Poisoned Stab","Bane"],"picked":"Accuracy","floor":1},{"not_picked":["Slice","Distraction"],"picked":"Dagger Spray","floor":5},{"not_picked":["Blade Dance","PiercingWail"],"picked":"Blur","floor":7},{"not_picked":["Poisoned Stab","All Out Attack"],"picked":"Sucker Punch","floor":10}],"player_experience":64458,"relics_obtained":[{"floor":0,"key":"Gambling Chip"},{"floor":0,"key":"Mummified Hand"},{"floor":0,"key":"Blood Vial"},{"floor":9,"key":"Smiling Mask"}],"event_choices":[{"damage_healed":0,"gold_gain":0,"player_choice":"Entered Light","damage_taken":14,"max_hp_gain":0,"max_hp_loss":0,"event_name":"Shining Light","floor":2,"gold_loss":0,"cards_upgraded":["Defend_G","Survivor"]},{"damage_healed":0,"gold_gain":0,"player_choice":"Lose Max HP","damage_taken":0,"relics_obtained":["Golden Idol"],"max_hp_gain":0,"max_hp_loss":5,"event_name":"Golden Idol","floor":3,"gold_loss":0},{"damage_healed":0,"gold_gain":100,"player_choice":"Pray","damage_taken":0,"max_hp_gain":0,"max_hp_loss":0,"event_name":"Golden Shrine","floor":4,"gold_loss":0}],"is_beta":false,"boss_relics":[],"items_purged_floors":[],"is_endless":false,"potions_floor_spawned":[5],"killed_by":"Large Slime","ascension_level":1}