{"gold_per_floor":[111,111,111,129,5,5,60,60,87,114,186,197,229,31,31,135,135,151,151,161,171,186,220,220,253,279,378,378,397,497,515,515,618,618,631,641,660,227,227,262,262,272,272,272,272,287,39,66,66,66],"floor_reached":51,"playtime":14637,"items_purged":["Strike_R","Strike_R","Strike_R","Defend_R"],"score":959,"play_id":"13ad25d3-40b1-42fd-abe6-a6df48524f38","local_time":"20190403235312","is_ascension_mode":true,"campfire_choices":[{"data":"Bash","floor":6,"key":"SMITH"},{"data":"Inflame","floor":8,"key":"SMITH"},{"data":"True Grit","floor":15,"key":"SMITH"},{"data":"Whirlwind","floor":24,"key":"SMITH"},{"data":"Fiend Fire","floor":28,"key":"SMITH"},{"data":"Intimidate","floor":32,"key":"SMITH"},{"data":"Clothesline","floor":41,"key":"SMITH"},{"data":"Spot Weakness","floor":44,"key":"SMITH"},{"data":"Shrug It Off","floor":49,"key":"SMITH"}],"neow_cost":"NONE","seed_source_timestamp":1697311712982282,"circlet_count":0,"master_deck":["Defend_R+1","Defend_R","Defend_R+1","Bash+1","Inflame+1","Pommel Strike","Shrug It Off+1","Spot Weakness+1","True Grit+1","Clothesline+1","Intimidate+1","Armaments","Rampage","Fiend Fire+1","Whirlwind+1","Inflame+1","Cleave+1","Warcry+1","Headbutt+1","Offering+1","Anger+1","Warcry+1","Twin Strike+1","Master of Strategy+1","Disarm+1","Warcry+1","Flash of Steel","Sentinel+1"],"relics":["Burning Blood","NeowsBlessing","Oddly Smooth Stone","Tiny Chest","Happy Flower","FossilizedHelix","Ornamental Fan","Anchor","Mark of Pain","Blood Vial","Mummified Hand","Centennial Puzzle","Calipers","Toxic Egg 2","Coffee Dripper","Bronze Scales","War Paint","Incense Burner","Juzu Bracelet"],"potions_floor_usage":[16,21,23,25,30,33,33,33,33,40],"damage_taken":[{"damage":0,"enemies":"Cultist","floor":1,"turns":1},{"damage":0,"enemies":"2 Louse","floor":4,"turns":1},{"damage":0,"enemies":"Gremlin Nob","floor":7,"turns":1},{"damage":7,"enemies":"Lagavulin","floor":10,"turns":7},{"damage":0,"enemies":"Jaw Worm","floor":12,"turns":4},{"damage":20,"enemies":"3 Sentries","floor":13,"turns":7},{"damage":19,"enemies":"Hexaghost","floor":16,"turns":9},{"damage":8,"enemies":"3 Byrds","floor":18,"turns":7},{"damage":14,"enemies":"Shell Parasite","floor":20,"turns":5},{"damage":14,"enemies":"Sentry and Sphere","floor":21,"turns":4},{"damage":0,"enemies":"Snecko","floor":22,"turns":4},{"damage":27,"enemies":"Book of Stabbing","floor":23,"turns":5},{"damage":20,"enemies":"Slavers","floor":25,"turns":5},{"damage":9,"enemies":"Chosen and Byrds","floor":29,"turns":5},{"damage":0,"enemies":"Colosseum Slavers","floor":30,"turns":3},{"damage":0,"enemies":"Colosseum Nobs","floor":30,"turns":2},{"damage":9,"enemies":"Cultist and Chosen","floor":31,"turns":5},{"damage":30,"enemies":"Collector","floor":33,"turns":4},{"damage":0,"enemies":"Orb Walker","floor":35,"turns":2},{"damage":0,"enemies":"3 Shapes","floor":36,"turns":4},{"damage":6,"enemies":"Writhing Mass","floor":37,"turns":4},{"damage":30,"enemies":"Reptomancer","floor":40,"turns":3},{"damage":22,"enemies":"Spire Growth","floor":42,"turns":4},{"damage":0,"enemies":"Maw","floor":46,"turns":4},{"damage":18,"enemies":"Giant Head","floor":48,"turns":6},{"damage":3,"enemies":"Awakened One","floor":50,"turns":10}],"seed_played":"8627010462603949994","potions_obtained":[{"floor":1,"key":"LiquidBronze"},{"floor":10,"key":"SmokeBomb"},{"floor":13,"key":"SteroidPotion"},{"floor":16,"key":"Explosive Potion"},{"floor":20,"key":"Fruit Juice"},{"floor":21,"key":"Regen Potion"},{"floor":23,"key":"SmokeBomb"},{"floor":25,"key":"EntropicBrew"},{"floor":35,"key":"Weak Potion"},{"floor":37,"key":"Regen Potion"},{"floor":42,"key":"GamblersBrew"},{"floor":48,"key":"GamblersBrew"}],"is_trial":false,"path_per_floor":["M","?","?","M","$","R","E","R","T","E","T","M","E","$","R","B",null,"M","?","M","M","M","E","R","E","T","?","R","M","?","M","R","B",null,"M","M","M","$","?","E","R","M","T","R","?","M","$","E","R","B",null],"character_chosen":"IRONCLAD","items_purchased":["Shrug It Off","Armaments","Rampage","Master of Strategy+1","Bronze Scales","Flash of Steel"],"campfire_rested":0,"item_purchase_floors":[5,14,14,38,38,47],"current_hp_per_floor":[78,71,64,70,70,70,76,76,76,75,75,80,66,66,66,53,73,71,71,63,60,66,59,59,47,47,47,47,46,62,61,61,47,76,84,85,85,85,85,61,61,47,47,47,47,55,55,45,45,50],"gold":66,"neow_bonus":"THREE_ENEMY_KILL","is_prod":false,"is_daily":false,"chose_seed":false,"campfire_upgraded":9,"win_rate":0,"timestamp":1554295992,"path_taken":["M","?","?","M","$","R","E","R","T","E","?","M","E","$","R","BOSS","M","?","M","M","?","E","R","E","T","?","R","M","?","?","R","BOSS","M","M","?","$","?","E","R","M","T","R","?","M","$","E","R","BOSS"],"build_version":"2019-01-23","purchased_purges":4,"victory":true,"max_hp_per_floor":[80,80,80,80,80,80,80,80,80,80,80,80,80,80,80,80,80,80,80,80,85,85,85,85,85,85,85,85,85,85,85,85,85,85,85,85,85,85,85,85,85,85,85,85,85,85,85,85,85,85],"card_choices":[{"not_picked":["Flex","Sword Boomerang"],"picked":"Inflame","floor":1},{"not_picked":["Sentinel","Iron Wave"],"picked":"Pommel Strike","floor":4},{"not_picked":["Havoc","Perfected Strike"],"picked":"Spot Weakness","floor":7},{"not_picked":["Combust","Reaper"],"picked":"True Grit","floor":10},{"not_picked":["Evolve","Hemokinesis"],"picked":"Clothesline","floor":12},{"not_picked":["Havoc","Heavy Blade"],"picked":"Intimidate","floor":13},{"not_picked":["Impervious","Limit Break"],"picked":"Fiend Fire","floor":16},{"not_picked":["Flame Barrier","Clash"],"picked":"Whirlwind","floor":18},{"not_picked":["Searing Blow","Combust+1"],"picked":"Cleave+1","floor":20},{"not_picked":["Iron Wave","Perfected Strike","Warcry"],"picked":"SKIP","floor":21},{"not_picked":["Twin Strike","Heavy Blade","True Grit"],"picked":"SKIP","floor":22},{"not_picked":["Clothesline","Heavy Blade","Reaper"],"picked":"SKIP","floor":23},{"not_picked":["Berserk","Body Slam","Rage"],"picked":"SKIP","floor":25},{"not_picked":["Searing Blow","True Grit"],"picked":"Warcry+1","floor":29},{"not_picked":["Iron Wave+1","True Grit+1"],"picked":"Headbutt+1","floor":30},{"not_picked":["Havoc+1","Pommel Strike","Flex+1"],"picked":"SKIP","floor":31},{"not_picked":["Impervious+1","Brutality"],"picked":"Offering+1","floor":33},{"not_picked":["Armaments+1","Clothesline"],"picked":"Anger+1","floor":35},{"not_picked":["Flex+1","Evolve"],"picked":"Warcry+1","floor":36},{"not_picked":["Iron Wave+1","Body Slam+1"],"picked":"Twin Strike+1","floor":37},{"not_picked":["Blood for Blood","Body Slam+1"],"picked":"Disarm+1","floor":40},{"not_picked":["Wild Strike+1","Fire Breathing","Iron Wave+1"],"picked":"SKIP","floor":42},{"not_picked":["Armaments+1","Heavy Blade+1"],"picked":"Warcry+1","floor":46},{"not_picked":["Heavy Blade","Flame Barrier+1"],"picked":"Sentinel+1","floor":48}],"player_experience":437775,"relics_obtained":[{"floor":7,"key":"Tiny Chest"},{"floor":9,"key":"Happy Flower"},{"floor":10,"key":"FossilizedHelix"},{"floor":11,"key":"Ornamental Fan"},{"floor":13,"key":"Anchor"},{"floor":23,"key":"Blood Vial"},{"floor":25,"key":"Mummified Hand"},{"floor":26,"key":"Centennial Puzzle"},{"floor":30,"key":"Calipers"},{"floor":30,"key":"Toxic Egg 2"},{"floor":40,"key":"War Paint"},{"floor":43,"key":"Incense Burner"},{"floor":48,"key":"Juzu Bracelet"}],"event_choices":[{"damage_healed":0,"gold_gain":0,"player_choice":"Success","damage_taken":7,"relics_obtained":["Oddly Smooth Stone"],"max_hp_gain":0,"max_hp_loss":0,"event_name":"Scrap Ooze","floor":2,"gold_loss":0},{"cards_removed":["Strike_R"],"damage_healed":0,"gold_gain":0,"player_choice":"Card Removal","damage_taken":7,"max_hp_gain":0,"max_hp_loss":0,"event_name":"Golden Wing","floor":3,"gold_loss":0},{"damage_healed":0,"gold_gain":0,"player_choice":"Copied","damage_taken":0,"max_hp_gain":0,"max_hp_loss":0,"event_name":"Duplicator","floor":19,"gold_loss":0,"cards_obtained":["Inflame"]},{"damage_healed":0,"gold_gain":99,"player_choice":"Stole From Cult","damage_taken":0,"max_hp_gain":0,"max_hp_loss":0,"event_name":"Nest","floor":27,"gold_loss":0},{"damage_healed":0,"gold_gain":0,"player_choice":"Fight","damage_taken":0,"max_hp_gain":0,"max_hp_loss":0,"event_name":"Colosseum","floor":30,"gold_loss":0},{"damage_healed":0,"gold_gain":0,"player_choice":"Fought Nobs","damage_taken":0,"max_hp_gain":0,"max_hp_loss":0,"event_name":"Colosseum","floor":30,"gold_loss":0},{"damage_healed":0,"gold_gain":0,"player_choice":"Ignored","damage_taken":0,"max_hp_gain":0,"max_hp_loss":0,"event_name":"Tomb of Lord Red Mask","floor":39,"gold_loss":0},{"cards_removed":["Strike_R"],"damage_healed":0,"gold_gain":0,"player_choice":"Removed Attack","damage_taken":0,"max_hp_gain":0,"max_hp_loss":0,"event_name":"Falling","floor":45,"gold_loss":0}],"is_beta":false,"boss_relics":[{"not_picked":["White Beast Statue","Tiny House"],"picked":"Mark of Pain"},{"not_picked":["Runic Cube","Orrery"],"picked":"Coffee Dripper"}],"items_purged_floors":[5,14,38,47],"is_endless":false,"potions_floor_spawned":[1,10,13,16,20,21,23,25,35,37,42,48],"ascension_level":6}