{"gold_per_floor":[109,109,284,301,319,354,364,329,329,329,342,175,175,195,195,297,297,313,313,238,61,77,77,77,96,96,111,111],"floor_reached":28,"playtime":1469,"items_purged":["Defend_R"],"score":245,"play_id":"3bffbf1b-2e26-4b30-b99f-1b8bc5d5a96a","local_time":"20190308010234","is_ascension_mode":false,"campfire_choices":[{"data":"Bash","floor":10,"key":"SMITH"},{"data":"Perfected Strike","floor":13,"key":"SMITH"},{"data":"Twin Strike","floor":15,"key":"SMITH"}],"neow_cost":"NONE","seed_source_timestamp":2360242006729508,"circlet_count":0,"master_deck":["Strike_R","Strike_R+1","Strike_R+1","Strike_R","Strike_R","Defend_R","Defend_R","Bash+1","Battle Trance","Doubt","Perfected Strike+1","Flame Barrier","Entrench","Ghostly Armor","Twin Strike+1","Finesse","Pommel Strike","Demon Form","Flame Barrier+1","Body Slam","Double Tap","Body Slam+1","Perfected Strike+1"],"relics":["Cursed Key"],"potions_floor_usage":[5,6,14,25],"damage_taken":[{"damage":2,"enemies":"2 Louse","floor":1,"turns":2},{"damage":1,"enemies":"Jaw Worm","floor":4,"turns":3},{"damage":0,"enemies":"Small Slimes","floor":5,"turns":2},{"damage":0,"enemies":"Gremlin Nob","floor":6,"turns":4},{"damage":0,"enemies":"Looter","floor":7,"turns":3},{"damage":0,"enemies":"Exordium Thugs","floor":11,"turns":4},{"damage":0,"enemies":"Blue Slaver","floor":14,"turns":3},{"damage":55,"enemies":"Hexaghost","floor":16,"turns":7},{"damage":12,"enemies":"3 Byrds","floor":18,"turns":7},{"damage":13,"enemies":"2 Thieves","floor":22,"turns":4},{"damage":10,"enemies":"Cultist and Chosen","floor":25,"turns":6},{"damage":24,"enemies":"3 Cultists","floor":27,"turns":5},{"damage":27,"enemies":"Gremlin Leader","floor":28,"turns":5}],"seed_played":"-2319578080163686306","potions_obtained":[{"floor":1,"key":"PowerPotion"},{"floor":4,"key":"Energy Potion"},{"floor":14,"key":"Fruit Juice"},{"floor":22,"key":"Ancient Potion"}],"is_trial":false,"path_per_floor":["M","?","?","M","M","E","M","?","T","R","M","$","R","M","R","B",null,"M","?","?","$","M","$","?","M","T","M","E"],"character_chosen":"IRONCLAD","items_purchased":["Finesse","Body Slam","Double Tap"],"campfire_rested":0,"item_purchase_floors":[12,21,21],"current_hp_per_floor":[78,62,62,61,61,61,61,80,80,80,80,80,80,85,85,30,85,73,73,73,73,60,60,60,50,50,26,0],"gold":111,"neow_bonus":"BOSS_RELIC","is_prod":false,"is_daily":false,"chose_seed":false,"campfire_upgraded":3,"win_rate":0,"timestamp":1552024954,"path_taken":["M","?","?","M","M","E","M","?","T","R","?","$","R","M","R","BOSS","M","?","?","$","M","$","?","M","T","M","E"],"build_version":"2019-01-23","purchased_purges":1,"victory":false,"max_hp_per_floor":[80,80,80,80,80,80,80,80,80,80,80,80,80,85,85,85,85,85,85,85,85,85,85,85,85,85,85,85],"card_choices":[{"not_picked":["Intimidate","Evolve"],"picked":"Battle Trance","floor":1},{"not_picked":["Sentinel","Pommel Strike"],"picked":"Perfected Strike","floor":4},{"not_picked":["Body Slam","Dual Wield"],"picked":"Flame Barrier","floor":5},{"not_picked":["Reckless Charge","Anger"],"picked":"Entrench","floor":6},{"not_picked":["Fire Breathing","Searing Blow"],"picked":"Ghostly Armor","floor":7},{"not_picked":["Flex","Feel No Pain"],"picked":"Twin Strike","floor":11},{"not_picked":["Clothesline","Thunderclap"],"picked":"Pommel Strike","floor":14},{"not_picked":["Immolate","Dark Embrace"],"picked":"Demon Form","floor":16},{"not_picked":["Intimidate","Flex"],"picked":"Flame Barrier+1","floor":18},{"not_picked":["Flex","Perfected Strike+1"],"picked":"Body Slam+1","floor":22},{"not_picked":["Corruption+1","Armaments","Clothesline+1"],"picked":"SKIP","floor":25},{"not_picked":["True Grit","Entrench"],"picked":"Perfected Strike+1","floor":27}],"player_experience":845696,"relics_obtained":[],"event_choices":[{"damage_healed":0,"gold_gain":0,"player_choice":"Entered Light","damage_taken":16,"max_hp_gain":0,"max_hp_loss":0,"event_name":"Shining Light","floor":2,"gold_loss":0,"cards_upgraded":["Strike_R","Strike_R"]},{"damage_healed":0,"gold_gain":175,"player_choice":"AGREE","damage_taken":0,"max_hp_gain":0,"max_hp_loss":0,"event_name":"Liars Game","floor":3,"gold_loss":0,"cards_obtained":["Doubt"]},{"damage_healed":20,"gold_gain":0,"player_choice":"Healed","damage_taken":0,"max_hp_gain":0,"max_hp_loss":0,"event_name":"The Cleric","floor":8,"gold_loss":35},{"damage_healed":0,"gold_gain":0,"player_choice":"Ignored","damage_taken":0,"max_hp_gain":0,"max_hp_loss":0,"event_name":"Vampires","floor":19,"gold_loss":0},{"cards_removed":["Defend_R"],"damage_healed":0,"gold_gain":0,"player_choice":"Gave Gold","damage_taken":0,"max_hp_gain":0,"max_hp_loss":0,"event_name":"Beggar","floor":20,"gold_loss":75},{"damage_healed":0,"gold_gain":0,"player_choice":"Ignored","damage_taken":0,"max_hp_gain":0,"max_hp_loss":0,"event_name":"The Mausoleum","floor":24,"gold_loss":0}],"is_beta":false,"boss_relics":[{"not_picked":[]}],"items_purged_floors":[12],"is_endless":false,"potions_floor_spawned":[1,4,14,22],"killed_by":"Gremlin Leader","ascension_level":0}