{"gold_per_floor":[118,268,281,34,34,63,63,96,122,122,155,172,32,44,44,118,118,129,129,143,153,169,169],"floor_reached":23,"playtime":1319,"items_purged":["Doubt","Strike_B"],"score":422,"play_id":"3f065609-798b-431e-863c-ae702eb952bc","local_time":"20190116211716","is_ascension_mode":true,"campfire_choices":[{"data":"Streamline","floor":7,"key":"SMITH"},{"floor":10,"key":"REST"},{"floor":15,"key":"REST"}],"neow_cost":"NONE","seed_source_timestamp":549145599023786,"circlet_count":0,"master_deck":["AscendersBane","Zap","Dualcast","Streamline+1","Leap","Barrage+1","Rip and Tear+1","Leap","FTL+1","Streamline+1","All For One+1","Fission","Fission","Glacier","Buffer","Coolheaded","Sunder+1","Go for the Eyes+1","Static Discharge","FTL+1","Reboot"],"relics":["Cracked Core","Anchor","Smiling Mask","Molten Egg 2","Bronze Scales","Centennial Puzzle","Pandora\u0027s Box"],"potions_floor_usage":[8,11,16,16,21],"damage_taken":[{"damage":1,"enemies":"Small Slimes","floor":1,"turns":3},{"damage":0,"enemies":"2 Louse","floor":3,"turns":2},{"damage":56,"enemies":"Gremlin Nob","floor":6,"turns":5},{"damage":16,"enemies":"Lagavulin","floor":8,"turns":5},{"damage":26,"enemies":"3 Sentries","floor":11,"turns":7},{"damage":0,"enemies":"Cultist","floor":12,"turns":3},{"damage":0,"enemies":"Looter","floor":14,"turns":3},{"damage":9,"enemies":"The Guardian","floor":16,"turns":8},{"damage":0,"enemies":"Spheric Guardian","floor":18,"turns":3},{"damage":8,"enemies":"2 Thieves","floor":20,"turns":3},{"damage":16,"enemies":"Sentry and Sphere","floor":21,"turns":4},{"damage":0,"enemies":"Centurion and Healer","floor":22,"turns":4},{"damage":51,"enemies":"Gremlin Leader","floor":23,"turns":7}],"seed_played":"-8511480747679659839","potions_obtained":[{"floor":6,"key":"Fire Potion"},{"floor":8,"key":"SteroidPotion"},{"floor":12,"key":"PowerPotion"},{"floor":14,"key":"Dexterity Potion"},{"floor":16,"key":"Explosive Potion"},{"floor":20,"key":"LiquidBronze"}],"is_trial":false,"path_per_floor":["M","?","M","$","?","E","R","E","T","R","E","M","$","M","R","B",null,"M","?","M","M","M","E"],"character_chosen":"DEFECT","items_purchased":["Anchor","FTL+1"],"campfire_rested":2,"item_purchase_floors":[4,13],"current_hp_per_floor":[70,70,70,70,75,19,19,3,3,27,1,1,1,1,25,16,66,66,66,58,42,42,0],"gold":169,"neow_bonus":"TEN_PERCENT_HP_BONUS","is_prod":false,"is_daily":false,"chose_seed":false,"campfire_upgraded":1,"win_rate":0,"timestamp":1547669836,"path_taken":["M","?","M","$","?","E","R","E","T","R","E","M","$","M","R","BOSS","M","?","M","?","M","E"],"build_version":"2019-01-10","purchased_purges":2,"victory":false,"max_hp_per_floor":[78,78,78,78,83,83,83,83,83,83,83,83,83,83,83,83,83,83,83,83,83,83,83],"card_choices":[{"not_picked":["Double Energy","Compile Driver"],"picked":"Streamline","floor":1},{"not_picked":["Storm","Loop","Scrape"],"picked":"SKIP","floor":3},{"not_picked":["Static Discharge","Defragment"],"picked":"Leap","floor":6},{"not_picked":["Capacitor","Chaos"],"picked":"Barrage","floor":8},{"not_picked":["Gash+1","Streamline+1"],"picked":"Rip and Tear+1","floor":11},{"not_picked":["Consume","Hologram"],"picked":"Leap","floor":12},{"not_picked":["Rip and Tear+1","Beam Cell+1"],"picked":"Streamline+1","floor":14},{"not_picked":["Core Surge+1","Rainbow"],"picked":"All For One+1","floor":16},{"not_picked":["Conserve Battery","Leap"],"picked":"Go for the Eyes+1","floor":18},{"not_picked":["Steam Power","Reprogram"],"picked":"FTL+1","floor":20},{"not_picked":["Genetic Algorithm","Heatsinks","Hello World+1"],"picked":"SKIP","floor":21},{"not_picked":["Glacier","Sweeping Beam+1"],"picked":"Reboot","floor":22}],"player_experience":450804,"relics_obtained":[{"floor":6,"key":"Smiling Mask"},{"floor":8,"key":"Molten Egg 2"},{"floor":9,"key":"Bronze Scales"},{"floor":11,"key":"Centennial Puzzle"}],"event_choices":[{"damage_healed":0,"gold_gain":150,"player_choice":"AGREE","damage_taken":0,"max_hp_gain":0,"max_hp_loss":0,"event_name":"Liars Game","floor":2,"gold_loss":0,"cards_obtained":["Doubt"]},{"damage_healed":0,"gold_gain":0,"player_choice":"Donut","damage_taken":0,"max_hp_gain":5,"max_hp_loss":0,"event_name":"Big Fish","floor":5,"gold_loss":0},{"damage_healed":0,"gold_gain":0,"cards_transformed":["Sunder"],"player_choice":"Transformed","damage_taken":0,"max_hp_gain":0,"max_hp_loss":0,"event_name":"Transmorgrifier","floor":19,"gold_loss":0,"cards_obtained":["Static Discharge"]}],"is_beta":false,"boss_relics":[{"not_picked":["Orrery","Cursed Key"],"picked":"Pandora\u0027s Box"}],"items_purged_floors":[4,13],"is_endless":false,"potions_floor_spawned":[6,8,12,14,16,20],"killed_by":"Gremlin Leader","ascension_level":20}