{"gold_per_floor":[112,37,55,67,67,67,85,85,85,111,24,24,50,63,63,165,165,184,34,49,49,67,77,77,77,77,96,129,140,152,177,177,278,278,297,297,317,267,267,302,313,329,384,410,421,446,461,477,477,477],"floor_reached":51,"playtime":6644,"items_purged":["Strike_G","Strike_G","Reflex"],"score":818,"play_id":"7d6c818f-f822-4719-a425-4fb0d854d78c","local_time":"20190406153425","is_ascension_mode":false,"campfire_choices":[{"data":"Neutralize","floor":6.0,"key":"SMITH"},{"data":"Dagger Spray","floor":8.0,"key":"SMITH"},{"floor":15.0,"key":"REST"},{"floor":24,"key":"REST"},{"floor":32,"key":"REST"},{"floor":49,"key":"REST"}],"neow_cost":"NONE","seed_source_timestamp":0,"circlet_count":0,"master_deck":["Survivor","Neutralize+1","Cloak And Dagger","Cloak And Dagger","Dagger Spray+1","Noxious Fumes","Sucker Punch","Flying Knee","After Image","Dagger Throw+1","Escape Plan","Dash+1","Footwork","Backflip+1","Sucker Punch","Deflect","Unload","Noxious Fumes","Sucker Punch","Dodge and Roll","Madness","Madness","Cloak And Dagger+1","Parasite","Noxious Fumes+1","Blade Dance+1"],"special_seed":0,"relics":["Ring of the Snake","Sundial","Smiling Mask","Anchor","Turnip","Fusion Hammer","Oddly Smooth Stone","Centennial Puzzle","Torii","Dodecahedron","Pandora\u0027s Box","Happy Flower","Ancient Tea Set","Bag of Preparation","Gremlin Horn"],"potions_floor_usage":[23,28,28,33,40,44,47,50,50,50,50,50],"damage_taken":[{"damage":4.0,"enemies":"Cultist","floor":1.0,"turns":4.0},{"damage":0.0,"enemies":"2 Louse","floor":3.0,"turns":3.0},{"damage":0.0,"enemies":"Jaw Worm","floor":4.0,"turns":4.0},{"damage":17.0,"enemies":"Exordium Thugs","floor":7.0,"turns":10.0},{"damage":19.0,"enemies":"Gremlin Nob","floor":10.0,"turns":5.0},{"damage":6.0,"enemies":"3 Sentries","floor":13.0,"turns":6.0},{"damage":0.0,"enemies":"Looter","floor":14.0,"turns":3.0},{"damage":23.0,"enemies":"Hexaghost","floor":16.0,"turns":10.0},{"damage":0.0,"enemies":"3 Byrds","floor":18.0,"turns":4.0},{"damage":3,"enemies":"Chosen","floor":20,"turns":6},{"damage":0,"enemies":"Centurion and Healer","floor":22,"turns":7},{"damage":3,"enemies":"Cultist and Chosen","floor":23,"turns":7},{"damage":0,"enemies":"Snecko","floor":27,"turns":6},{"damage":0,"enemies":"Slavers","floor":28,"turns":6},{"damage":0,"enemies":"Snake Plant","floor":29,"turns":6},{"damage":0,"enemies":"Shelled Parasite and Fungi","floor":30,"turns":6},{"damage":0,"enemies":"Gremlin Leader","floor":31,"turns":8},{"damage":23,"enemies":"Champ","floor":33,"turns":21},{"damage":0,"enemies":"Orb Walker","floor":35,"turns":5},{"damage":6,"enemies":"3 Darklings","floor":37,"turns":6},{"damage":24,"enemies":"Nemesis","floor":40,"turns":11},{"damage":0,"enemies":"Transient","floor":41,"turns":5},{"damage":6,"enemies":"Maw","floor":42,"turns":8},{"damage":8,"enemies":"Giant Head","floor":44,"turns":8},{"damage":0,"enemies":"Writhing Mass","floor":45,"turns":7},{"damage":0,"enemies":"Nemesis","floor":46,"turns":10},{"damage":0,"enemies":"3 Darklings","floor":47,"turns":5},{"damage":12,"enemies":"Sphere and 2 Shapes","floor":48,"turns":6},{"damage":29,"enemies":"Awakened One","floor":50,"turns":21}],"seed_played":"-2059962105930478515","potions_obtained":[{"floor":7.0,"key":"SkillPotion"},{"floor":10.0,"key":"LiquidBronze"},{"floor":13.0,"key":"Explosive Potion"},{"floor":14.0,"key":"Dexterity Potion"},{"floor":16.0,"key":"SpeedPotion"},{"floor":22,"key":"Swift Potion"},{"floor":27,"key":"EntropicBrew"},{"floor":28,"key":"Energy Potion"},{"floor":33,"key":"Dexterity Potion"},{"floor":37,"key":"Block Potion"},{"floor":41,"key":"FearPotion"},{"floor":45,"key":"Block Potion"}],"is_trial":false,"path_per_floor":["M","$","M","M","?","R","M","R","T","E","$","?","E","M","R","B",null,"M","$","M","?","M","M","R","?","T","M","E","M","M","E","R","B",null,"M","?","M","$","?","E","M","M","T","E","M","E","M","M","R","B",null],"character_chosen":"THE_SILENT","items_purchased":["Noxious Fumes","Oddly Smooth Stone"],"campfire_rested":4,"item_purchase_floors":[11,19],"current_hp_per_floor":[73,73,73,73,61,61,44,44,44,25,25,25,19,19,42,19,77,77,77,74,74,74,71,77,77,77,77,77,77,77,77,77,54,77,77,67,61,61,61,37,37,31,31,23,23,23,23,11,34,20],"gold":477,"neow_bonus":"TEN_PERCENT_HP_BONUS","is_prod":false,"is_daily":false,"chose_seed":false,"campfire_upgraded":2,"win_rate":0,"timestamp":1554525265,"path_taken":["M","$","M","M","?","R","M","R","T","E","$","?","E","M","R","BOSS","M","$","M","?","M","M","R","?","T","?","E","M","M","E","R","BOSS","M","?","M","?","?","E","M","M","T","E","M","E","M","?","R","BOSS"],"build_version":"2019-01-23","purchased_purges":3,"victory":true,"max_hp_per_floor":[77,77,77,77,77,77,77,77,77,77,77,77,77,77,77,77,77,77,77,77,77,77,77,77,77,77,77,77,77,77,77,77,77,77,77,77,77,77,77,77,77,77,77,77,77,77,77,77,77,77],"card_choices":[{"not_picked":["Deflect","Flying Knee"],"picked":"Cloak And Dagger","floor":1.0},{"not_picked":["Outmaneuver","Prepared","Concentrate"],"picked":"SKIP","floor":3.0},{"not_picked":["Flechettes","Unload"],"picked":"Cloak And Dagger","floor":4.0},{"not_picked":["Outmaneuver","Backstab"],"picked":"Dagger Spray","floor":7.0},{"not_picked":["Expertise","Cloak And Dagger","Endless Agony"],"picked":"SKIP","floor":10.0},{"not_picked":["Dagger Spray","Deadly Poison"],"picked":"Sucker Punch","floor":13.0},{"not_picked":["Underhanded Strike","PiercingWail"],"picked":"Flying Knee","floor":14.0},{"not_picked":["Storm of Steel","Phantasmal Killer"],"picked":"After Image","floor":16.0},{"not_picked":["Bane","Underhanded Strike","Acrobatics"],"picked":"SKIP","floor":18.0},{"not_picked":["Acrobatics","Dodge and Roll"],"picked":"Dagger Throw+1","floor":20},{"not_picked":["Concentrate","Endless Agony"],"picked":"Escape Plan","floor":22},{"not_picked":["Dagger Spray","Dodge and Roll","Prepared+1"],"picked":"SKIP","floor":23},{"not_picked":["Caltrops","Outmaneuver"],"picked":"Dash+1","floor":27},{"not_picked":["Skewer","Distraction"],"picked":"Footwork","floor":28},{"not_picked":["Backstab","Envenom"],"picked":"Blur","floor":29},{"not_picked":["Outmaneuver","Bouncing Flask+1"],"picked":"Backflip+1","floor":30},{"not_picked":["Well Laid Plans","Heel Hook","Unload"],"picked":"SKIP","floor":31},{"not_picked":["Quick Slash","Accuracy","Flying Knee+1"],"picked":"SKIP","floor":35},{"not_picked":["Dagger Throw","Well Laid Plans+1","Infinite Blades+1"],"picked":"SKIP","floor":37},{"not_picked":["Sucker Punch","Escape Plan"],"picked":"Cloak And Dagger+1","floor":40},{"not_picked":["Terror","Concentrate","Poisoned Stab"],"picked":"SKIP","floor":41},{"not_picked":["Endless Agony+1","Dodge and Roll","Malaise"],"picked":"SKIP","floor":42},{"not_picked":["Infinite Blades+1","Calculated Gamble+1","Reflex+1"],"picked":"SKIP","floor":44},{"not_picked":["Prepared+1","Deflect+1"],"picked":"Noxious Fumes+1","floor":45},{"not_picked":["Poisoned Stab","Quick Slash"],"picked":"Blade Dance+1","floor":46},{"not_picked":["Deflect+1","Eviscerate+1","Cloak And Dagger+1"],"picked":"SKIP","floor":47},{"not_picked":["Outmaneuver","Deadly Poison+1","Noxious Fumes"],"picked":"SKIP","floor":48}],"player_experience":462860,"relics_obtained":[{"floor":9.0,"key":"Smiling Mask"},{"floor":10.0,"key":"Anchor"},{"floor":13.0,"key":"Turnip"},{"floor":26,"key":"Centennial Puzzle"},{"floor":28,"key":"Torii"},{"floor":31,"key":"Dodecahedron"},{"floor":40,"key":"Happy Flower"},{"floor":43,"key":"Ancient Tea Set"},{"floor":44,"key":"Bag of Preparation"},{"floor":46,"key":"Gremlin Horn"}],"event_choices":[{"damage_healed":0.0,"max_hp_gain":0.0,"max_hp_loss":0.0,"gold_gain":0.0,"event_name":"Scrap Ooze","player_choice":"Success","floor":5.0,"gold_loss":0.0,"damage_taken":12.0,"relics_obtained":["Sundial"]},{"damage_healed":0.0,"max_hp_gain":0.0,"max_hp_loss":0.0,"gold_gain":0.0,"event_name":"The Cleric","player_choice":"Leave","floor":12.0,"gold_loss":0.0,"damage_taken":0.0},{"damage_healed":0,"gold_gain":0,"player_choice":"Ignored","damage_taken":0,"max_hp_gain":0,"max_hp_loss":0,"event_name":"Vampires","floor":21,"gold_loss":0},{"cards_removed":["Strike_G"],"damage_healed":0,"gold_gain":0,"player_choice":"Card Removal","damage_taken":0,"max_hp_gain":0,"max_hp_loss":0,"event_name":"Wheel of Change","floor":25,"gold_loss":0},{"damage_healed":0,"gold_gain":0,"player_choice":"Embrace Madness","damage_taken":10,"max_hp_gain":0,"max_hp_loss":0,"event_name":"Winding Halls","floor":36,"gold_loss":0,"cards_obtained":["Madness","Madness"]},{"cards_removed":["Blur"],"damage_healed":0,"gold_gain":0,"player_choice":"Removed Skill","damage_taken":0,"max_hp_gain":0,"max_hp_loss":0,"event_name":"Falling","floor":39,"gold_loss":0}],"is_beta":false,"boss_relics":[{"not_picked":["Runic Pyramid","Calling Bell"],"picked":"Fusion Hammer"},{"not_picked":["Eternal Feather","HoveringKite"],"picked":"Pandora\u0027s Box"}],"items_purged_floors":[2,11,38],"is_endless":false,"potions_floor_spawned":[7,10,13,14,16,22,27,28,33,37,41,42,45],"ascension_level":0}