{"gold_per_floor":[116,116,135,154,173,173,192,192,192,192,224,224,252,252,252,351,351,366,366,380,77,77],"floor_reached":22,"playtime":1339,"items_purged":[],"score":219,"play_id":"a2c0acd6-565c-4a87-9759-4396dc5f12ad","local_time":"20190323192959","is_ascension_mode":false,"campfire_choices":[{"floor":6,"key":"REST"},{"data":"Catalyst","floor":8,"key":"SMITH"},{"data":"Terror","floor":12,"key":"SMITH"},{"floor":15,"key":"REST"}],"neow_cost":"NONE","seed_source_timestamp":5917930383000,"circlet_count":0,"master_deck":["Defend_G+1","Defend_G+1","Defend_G+1","Defend_G+1","Strike_G+1","Strike_G+1","Strike_G+1","Survivor","Neutralize","Catalyst+1","Bouncing Flask","Sucker Punch","Poisoned Stab","Bane","Terror+1","Catalyst+1","Corpse Explosion+1","Backstab+1","Escape Plan+1","Footwork+1","Dagger Throw+1","Prepared+1","Flash of Steel"],"relics":["Eternal Feather","NlothsMask","Ancient Tea Set","Toxic Egg 2","Astrolabe","TheAbacus"],"potions_floor_usage":[16],"damage_taken":[{"damage":5,"enemies":"Jaw Worm","floor":1,"turns":4},{"damage":0,"enemies":"Cultist","floor":3,"turns":5},{"damage":12,"enemies":"Small Slimes","floor":4,"turns":4},{"damage":18,"enemies":"2 Fungi Beasts","floor":5,"turns":4},{"damage":6,"enemies":"3 Louse","floor":7,"turns":4},{"damage":16,"enemies":"Gremlin Nob","floor":11,"turns":4},{"damage":34,"enemies":"3 Sentries","floor":13,"turns":8},{"damage":3,"enemies":"The Guardian","floor":16,"turns":4},{"damage":53,"enemies":"2 Thieves","floor":18,"turns":4},{"damage":4,"enemies":"Shell Parasite","floor":20,"turns":4},{"damage":18,"enemies":"Shelled Parasite and Fungi","floor":22,"turns":3}],"seed_played":"-8908712079474691866","potions_obtained":[{"floor":3,"key":"Dexterity Potion"},{"floor":7,"key":"EssenceOfSteel"},{"floor":11,"key":"Dexterity Potion"}],"is_trial":false,"path_per_floor":["?","M","M","?","?","?","$"],"character_chosen":"THE_SILENT","items_purchased":["Flash of Steel","TheAbacus"],"campfire_rested":2,"item_purchase_floors":[21,21],"current_hp_per_floor":[65,65,65,53,35,65,59,68,68,68,52,61,27,32,63,60,75,22,22,18,18,0],"gold":77,"neow_bonus":"BOSS_RELIC","is_prod":false,"is_daily":false,"chose_seed":false,"campfire_upgraded":2,"win_rate":0.0,"timestamp":1553383799,"path_taken":["M","?","M","?","?","R","M","R","T","?","E","R","E","?","R","BOSS","M","?","M","?","M"],"build_version":"2019-01-23","purchased_purges":0,"victory":false,"max_hp_per_floor":[70,70,70,70,70,70,70,70,70,70,70,70,70,75,75,75,75,75,75,75,75,75],"card_choices":[{"not_picked":["Backflip","Bane"],"picked":"Catalyst","floor":1},{"not_picked":["Deflect","Crippling Poison"],"picked":"Bouncing Flask","floor":3},{"not_picked":["Prepared","Reflex"],"picked":"Sucker Punch","floor":4},{"not_picked":["Dodge and Roll","Sucker Punch"],"picked":"Poisoned Stab","floor":5},{"not_picked":["Poisoned Stab","Escape Plan"],"picked":"Bane","floor":7},{"not_picked":["Reflex","Blade Dance"],"picked":"Terror","floor":11},{"not_picked":["Leg Sweep","Malaise"],"picked":"Catalyst","floor":13},{"not_picked":["Adrenaline+1","Tools of the Trade"],"picked":"Corpse Explosion+1","floor":16},{"not_picked":["Endless Agony","Blade Dance+1"],"picked":"Dagger Throw+1","floor":18},{"not_picked":["Reflex+1","PiercingWail+1"],"picked":"Prepared+1","floor":20}],"player_experience":28778,"relics_obtained":[{"floor":11,"key":"Ancient Tea Set"},{"floor":13,"key":"Toxic Egg 2"}],"event_choices":[{"damage_healed":0,"gold_gain":0,"player_choice":"Trade","damage_taken":0,"relics_obtained":["NlothsMask"],"max_hp_gain":0,"max_hp_loss":0,"event_name":"FaceTrader","floor":2,"gold_loss":0},{"damage_healed":0,"gold_gain":0,"player_choice":"Ignored","damage_taken":0,"max_hp_gain":0,"max_hp_loss":0,"event_name":"Liars Game","floor":10,"gold_loss":0},{"damage_healed":0,"gold_gain":0,"player_choice":"Donut","damage_taken":0,"max_hp_gain":5,"max_hp_loss":0,"event_name":"Big Fish","floor":14,"gold_loss":0},{"damage_healed":0,"gold_gain":0,"player_choice":"Simplicity","damage_taken":0,"max_hp_gain":0,"max_hp_loss":0,"event_name":"Back to Basics","floor":19,"gold_loss":0,"cards_upgraded":["Defend_G","Defend_G","Defend_G","Defend_G","Strike_G","Strike_G","Strike_G"]}],"is_beta":false,"boss_relics":[{"not_picked":["Velvet Choker","Runic Dome"],"picked":"Astrolabe"}],"items_purged_floors":[],"is_endless":false,"potions_floor_spawned":[3,7,11],"killed_by":"Shelled Parasite and Fungi","ascension_level":0}