{"gold_per_floor":[111,111,14,33,33,33,53,72,72,72,22,22,33,45,45,142,142,159,0,0,18,29,29,129,129,129,140,150,26,26,26,26,26],"floor_reached":33,"playtime":1628,"items_purged":[],"score":237,"play_id":"e28ff4ba-f2b5-47bb-93a3-51c6d0cd6f57","local_time":"20190314223811","is_ascension_mode":false,"campfire_choices":[{"data":"Deadly Poison","floor":6,"key":"SMITH"},{"data":"Bane","floor":12,"key":"SMITH"},{"data":"Catalyst","floor":15,"key":"SMITH"},{"data":"Noxious Fumes","floor":23,"key":"SMITH"},{"data":"Footwork","floor":25,"key":"SMITH"},{"data":"Dagger Spray","floor":32,"key":"SMITH"}],"neow_cost":"NONE","seed_source_timestamp":423708367629134,"circlet_count":0,"master_deck":["Defend_G+1","Defend_G+1","Defend_G+1","Defend_G+1","Defend_G+1","Strike_G+1","Strike_G+1","Strike_G+1","Strike_G+1","Survivor","Neutralize","Deadly Poison+1","Bane+1","Sucker Punch","Distraction","Dagger Spray+1","Catalyst+1","Cloak And Dagger","Die Die Die","Backstab","Noxious Fumes+1","Footwork+1","Quick Slash"],"relics":["Eternal Feather"],"potions_floor_usage":[8,13,16,28,33,33],"damage_taken":[{"damage":0,"enemies":"Small Slimes","floor":1,"turns":3},{"damage":1,"enemies":"Cultist","floor":4,"turns":4},{"damage":0,"enemies":"2 Louse","floor":7,"turns":3},{"damage":0,"enemies":"Looter","floor":8,"turns":2},{"damage":0,"enemies":"Large Slime","floor":13,"turns":6},{"damage":2,"enemies":"2 Fungi Beasts","floor":14,"turns":4},{"damage":50,"enemies":"The Guardian","floor":16,"turns":10},{"damage":22,"enemies":"Chosen","floor":18,"turns":5},{"damage":12,"enemies":"2 Thieves","floor":21,"turns":4},{"damage":0,"enemies":"Snake Plant","floor":22,"turns":4},{"damage":2,"enemies":"Cultist and Chosen","floor":27,"turns":6},{"damage":12,"enemies":"3 Cultists","floor":28,"turns":5},{"damage":50,"enemies":"Automaton","floor":33,"turns":8}],"seed_played":"3859736974689439328","potions_obtained":[{"floor":2,"key":"Ancient Potion"},{"floor":2,"key":"SneckoOil"},{"floor":2,"key":"SpeedPotion"},{"floor":4,"key":"SkillPotion"},{"floor":22,"key":"Explosive Potion"}],"is_trial":false,"path_per_floor":["M","?","$","M","?","R","M","M","T","?","?","R","M","M","R","B",null,"M","?","?","M","M","R","?","R","T","M","M","$","?","?","R","B"],"character_chosen":"THE_SILENT","items_purchased":["Bane","Sucker Punch","Dexterity Potion","LiquidBronze"],"campfire_rested":0,"item_purchase_floors":[3,3,29,29],"current_hp_per_floor":[70,70,70,69,69,70,70,70,70,70,70,70,70,68,70,20,70,48,48,48,36,36,48,48,60,60,58,46,46,46,33,45,0],"gold":26,"neow_bonus":"BOSS_RELIC","is_prod":false,"is_daily":false,"chose_seed":false,"campfire_upgraded":6,"win_rate":0,"timestamp":1552617491,"path_taken":["M","?","$","?","?","R","M","M","T","?","?","R","M","M","R","BOSS","M","?","?","M","M","R","?","R","T","?","M","?","?","?","R","BOSS"],"build_version":"2019-01-23","purchased_purges":0,"victory":false,"max_hp_per_floor":[70,70,70,70,70,70,70,70,70,70,70,70,70,70,70,70,70,70,70,70,70,70,70,70,70,70,70,70,70,70,75,75,75],"card_choices":[{"not_picked":["Blade Dance","Skewer"],"picked":"Deadly Poison","floor":1},{"not_picked":["Expertise","Escape Plan"],"picked":"Distraction","floor":4},{"not_picked":["Outmaneuver","Poisoned Stab"],"picked":"Dagger Spray","floor":7},{"not_picked":["PiercingWail","Blade Dance"],"picked":"Catalyst","floor":8},{"not_picked":["Dagger Throw","Acrobatics"],"picked":"Cloak And Dagger","floor":13},{"not_picked":["Night Terror","Sucker Punch","Dagger Throw"],"picked":"SKIP","floor":14},{"not_picked":["Night Terror","Bullet Time"],"picked":"Die Die Die","floor":16},{"not_picked":["Underhanded Strike","Dagger Spray"],"picked":"Backstab","floor":18},{"not_picked":["Masterful Stab","Deflect"],"picked":"Noxious Fumes","floor":21},{"not_picked":["Choke","Riddle With Holes"],"picked":"Footwork","floor":22},{"not_picked":["Tactician","Underhanded Strike+1","Heel Hook"],"picked":"SKIP","floor":27},{"not_picked":["Accuracy+1","Well Laid Plans"],"picked":"Quick Slash","floor":28}],"player_experience":867770,"relics_obtained":[],"event_choices":[{"damage_healed":0,"gold_gain":0,"player_choice":"Got Potions","damage_taken":0,"max_hp_gain":0,"max_hp_loss":0,"event_name":"Lab","floor":2,"gold_loss":0},{"damage_healed":0,"gold_gain":0,"player_choice":"Ignored","damage_taken":0,"max_hp_gain":0,"max_hp_loss":0,"event_name":"Golden Idol","floor":5,"gold_loss":0},{"damage_healed":0,"gold_gain":0,"player_choice":"Searched \u00270\u0027 times","damage_taken":0,"max_hp_gain":0,"max_hp_loss":0,"event_name":"Dead Adventurer","floor":10,"gold_loss":0},{"cards_removed":["Strike_G"],"damage_healed":0,"gold_gain":0,"player_choice":"Card Removal","damage_taken":0,"max_hp_gain":0,"max_hp_loss":0,"event_name":"The Cleric","floor":11,"gold_loss":50},{"damage_healed":0,"gold_gain":0,"player_choice":"Paid Fearfully","damage_taken":0,"max_hp_gain":0,"max_hp_loss":0,"event_name":"Masked Bandits","floor":19,"gold_loss":159},{"damage_healed":0,"gold_gain":0,"player_choice":"Simplicity","damage_taken":0,"max_hp_gain":0,"max_hp_loss":0,"event_name":"Back to Basics","floor":20,"gold_loss":0,"cards_upgraded":["Defend_G","Defend_G","Defend_G","Defend_G","Defend_G","Strike_G","Strike_G","Strike_G","Strike_G"]},{"damage_healed":0,"gold_gain":100,"player_choice":"Pray","damage_taken":0,"max_hp_gain":0,"max_hp_loss":0,"event_name":"Golden Shrine","floor":24,"gold_loss":0},{"damage_healed":0,"gold_gain":0,"player_choice":"Shed Blood","damage_taken":18,"max_hp_gain":5,"max_hp_loss":0,"event_name":"Forgotten Altar","floor":31,"gold_loss":0}],"is_beta":false,"boss_relics":[{"not_picked":[]}],"items_purged_floors":[],"is_endless":false,"potions_floor_spawned":[4,7,22],"killed_by":"Automaton","ascension_level":0}