{"gold_per_floor":[216,234,12,28,44,44,69,69,142,157,185,199,216,226,226,326,326],"floor_reached":17,"playtime":1369,"items_purged":[],"score":248,"play_id":"abb809ee-6d14-42dd-982d-1859e60b43f7","local_time":"20180729065022","is_ascension_mode":true,"campfire_choices":[{"data":"Neutralize","floor":6,"key":"SMITH"},{"data":"Noxious Fumes","floor":8,"key":"SMITH"},{"data":"Skewer","floor":15,"key":"SMITH"}],"neow_cost":"NONE","seed_source_timestamp":391908570635439,"circlet_count":0,"master_deck":["Defend_G","Defend_G","Defend_G","Defend_G","Defend_G","Strike_G","Strike_G","Survivor","Neutralize+1","Footwork","Well Laid Plans","Cloak And Dagger","Noxious Fumes+1","Endless Agony","Poisoned Stab","Poisoned Stab","Skewer+1","Die Die Die","Doppelganger+1","Night Terror+1","Masterful Stab+1"],"relics":["Ring of the Snake","Bag of Preparation","Girya","Meat on the Bone","Lantern","Astrolabe"],"potions_floor_usage":[7,7],"damage_taken":[{"damage":0,"enemies":"Cultist","floor":1,"turns":4},{"damage":5,"enemies":"Small Slimes","floor":2,"turns":5},{"damage":5,"enemies":"Jaw Worm","floor":4,"turns":6},{"damage":0,"enemies":"Red Slaver","floor":5,"turns":6},{"damage":22,"enemies":"Lagavulin","floor":7,"turns":11},{"damage":3,"enemies":"2 Fungi Beasts","floor":10,"turns":3},{"damage":10,"enemies":"3 Sentries","floor":11,"turns":7},{"damage":8,"enemies":"3 Louse","floor":12,"turns":3},{"damage":0,"enemies":"Blue Slaver","floor":13,"turns":3},{"damage":11,"enemies":"Lots of Slimes","floor":14,"turns":3},{"damage":30,"enemies":"Slime Boss","floor":16,"turns":9}],"seed_played":"9219060342686050967","potions_obtained":[{"floor":1,"key":"Fire Potion"},{"floor":5,"key":"FearPotion"},{"floor":10,"key":"Swift Potion"},{"floor":16,"key":"FearPotion"}],"is_trial":false,"path_per_floor":["M","M","$","M","M","R","E","R","T","M","E","M","M","M","R","B"],"character_chosen":"THE_SILENT","items_purchased":["Well Laid Plans","Bag of Preparation"],"campfire_rested":0,"item_purchase_floors":[3,3],"current_hp_per_floor":[63,58,58,53,53,53,31,31,31,40,42,46,46,47,47,29,60],"gold":326,"neow_bonus":"HUNDRED_GOLD","is_prod":false,"is_daily":false,"chose_seed":false,"campfire_upgraded":3,"win_rate":0,"timestamp":1532811022,"path_taken":["M","M","$","M","M","R","E","R","T","M","E","M","M","M","R","BOSS"],"build_version":"2018-07-26","purchased_purges":0,"victory":false,"max_hp_per_floor":[70,70,70,70,70,70,70,70,70,70,70,70,70,70,70,70,70],"card_choices":[{"not_picked":["Choke","Setup","Underhanded Strike"],"picked":"SKIP","floor":1},{"not_picked":["Calculated Gamble","Deadly Poison"],"picked":"Footwork","floor":2},{"not_picked":["Prepared","Bouncing Flask","Bane"],"picked":"SKIP","floor":4},{"not_picked":["Backflip","Deflect"],"picked":"Cloak And Dagger","floor":5},{"not_picked":["Expertise","Prepared"],"picked":"Noxious Fumes","floor":7},{"not_picked":["PiercingWail","Finisher"],"picked":"Endless Agony","floor":10},{"not_picked":["Bullet Time","Terror"],"picked":"Poisoned Stab","floor":11},{"not_picked":["Catalyst","Masterful Stab"],"picked":"Poisoned Stab","floor":12},{"not_picked":["Deadly Poison","Eviscerate"],"picked":"Skewer","floor":13},{"not_picked":["Outmaneuver","Distraction","Sucker Punch"],"picked":"SKIP","floor":14},{"not_picked":["Night Terror","Tools of the Trade"],"picked":"Die Die Die","floor":16}],"player_experience":233668,"relics_obtained":[{"floor":7,"key":"Girya"},{"floor":9,"key":"Meat on the Bone"},{"floor":11,"key":"Lantern"}],"event_choices":[],"is_beta":false,"boss_relics":[{"not_picked":["Snecko Eye","Tiny House"],"picked":"Astrolabe"}],"items_purged_floors":[],"is_endless":false,"potions_floor_spawned":[1,5,10,16],"ascension_level":9}