{"gold_per_floor":[116,132,82,82,97,97,126,126,149,149,174,191,191,191,191,191],"floor_reached":16,"playtime":753,"items_purged":[],"score":173,"play_id":"72bca3c5-aa5f-4e8e-90f4-82f4f2bae237","local_time":"20190420210101","is_ascension_mode":true,"campfire_choices":[{"data":"Armaments","floor":6,"key":"SMITH"},{"data":"Spot Weakness","floor":8,"key":"SMITH"},{"data":"Impervious","floor":10,"key":"SMITH"},{"data":"Ghostly Armor","floor":13,"key":"SMITH"},{"data":"Defend_R","floor":15,"key":"SMITH"}],"neow_cost":"NONE","seed_source_timestamp":691691387213400,"circlet_count":0,"master_deck":["AscendersBane","Strike_R+1","Strike_R","Strike_R","Strike_R","Defend_R","Defend_R","Defend_R","Defend_R+1","Bash+1","Spot Weakness+1","Armaments+1","Impervious+1","Ghostly Armor+1","Parasite"],"relics":["Burning Blood","NeowsBlessing","Whetstone","Anchor","Meat on the Bone"],"potions_floor_usage":[7,11],"damage_taken":[{"damage":0,"enemies":"Small Slimes","floor":1,"turns":1},{"damage":0,"enemies":"2 Louse","floor":2,"turns":2},{"damage":0,"enemies":"Jaw Worm","floor":5,"turns":1},{"damage":19,"enemies":"3 Sentries","floor":7,"turns":8},{"damage":24,"enemies":"Lagavulin","floor":11,"turns":7},{"damage":0,"enemies":"Large Slime","floor":12,"turns":7},{"damage":92,"enemies":"Slime Boss","floor":16,"turns":11}],"seed_played":"-9141592402935242352","potions_obtained":[{"floor":1,"key":"PowerPotion"},{"floor":5,"key":"Poison Potion"}],"is_trial":false,"path_per_floor":["M","M","?","?","M","R","E","R","T","R","E","M","R","?","R","B"],"character_chosen":"IRONCLAD","items_purchased":[],"campfire_rested":0,"item_purchase_floors":[],"current_hp_per_floor":[78,80,80,80,80,80,67,67,67,67,49,55,55,75,75,0],"gold":191,"neow_bonus":"THREE_ENEMY_KILL","is_prod":false,"is_daily":false,"chose_seed":false,"campfire_upgraded":5,"win_rate":0,"timestamp":1555786861,"path_taken":["M","M","?","?","M","R","E","R","T","R","E","M","R","?","R","BOSS"],"build_version":"2019-01-23","purchased_purges":0,"victory":false,"max_hp_per_floor":[80,80,80,80,80,80,80,80,80,80,80,80,80,80,80,80],"card_choices":[{"not_picked":["Battle Trance","Body Slam"],"picked":"Spot Weakness","floor":1},{"not_picked":["Cleave","Twin Strike"],"picked":"Armaments","floor":2},{"not_picked":["Fire Breathing","Clash","Warcry"],"picked":"SKIP","floor":5},{"not_picked":["Warcry","Bloodletting"],"picked":"Impervious","floor":7},{"not_picked":["Armaments","Anger","Thunderclap"],"picked":"SKIP","floor":11},{"not_picked":["Sword Boomerang","Dropkick"],"picked":"Ghostly Armor","floor":12}],"player_experience":230211,"relics_obtained":[{"floor":7,"key":"Whetstone"},{"floor":9,"key":"Anchor"},{"floor":11,"key":"Meat on the Bone"}],"event_choices":[{"cards_removed":["Strike_R"],"damage_healed":0,"gold_gain":0,"player_choice":"Card Removal","damage_taken":0,"max_hp_gain":0,"max_hp_loss":0,"event_name":"The Cleric","floor":3,"gold_loss":50},{"damage_healed":0,"gold_gain":0,"player_choice":"Ignored","damage_taken":0,"max_hp_gain":0,"max_hp_loss":0,"event_name":"Liars Game","floor":4,"gold_loss":0},{"damage_healed":20,"gold_gain":0,"player_choice":"Healed and dodged fight","damage_taken":0,"max_hp_gain":0,"max_hp_loss":0,"event_name":"Mushrooms","floor":14,"gold_loss":0,"cards_obtained":["Parasite"]}],"is_beta":false,"boss_relics":[],"items_purged_floors":[],"is_endless":false,"potions_floor_spawned":[1,5],"killed_by":"Slime Boss","ascension_level":12}