{"gold_per_floor":[118,132,18,33,46,46,58,133,160,160,176,176,197,213,213,336,336,359,375,375,375,394,394,415,436,485,485,504,10,10],"floor_reached":30,"playtime":1132,"items_purged":[],"score":228,"play_id":"9a1ec233-de2a-4c69-a2c2-32b14fd9e509","local_time":"20181127172708","is_ascension_mode":false,"campfire_choices":[{"data":"Sunder","floor":6,"key":"SMITH"},{"floor":15,"key":"REST"},{"data":"Sunder","floor":23,"key":"SMITH"},{"floor":27,"key":"REST"}],"neow_cost":"NONE","seed_source_timestamp":925531636778792,"circlet_count":0,"master_deck":["Strike_B","Strike_B","Strike_B","Strike_B","Defend_B","Defend_B","Zap+1","Dualcast","Conserve Battery","Steam","Sunder+1","Conserve Battery","Sunder+1","Turbo","Steam Power","Streamline","Glacier","Reboot","Chill","Auto Shields","Heatsinks","Core Surge","Stack","Defragment","FTL","Reprogram","Hologram","Apotheosis"],"relics":["Cracked Core","Bronze Scales","Golden Idol","Snecko Eye","Anchor","Frozen Egg 2"],"potions_floor_usage":[16,24,30,30],"damage_taken":[{"damage":6,"enemies":"Cultist","floor":1,"turns":3},{"damage":15,"enemies":"Small Slimes","floor":2,"turns":3},{"damage":0,"enemies":"2 Louse","floor":4,"turns":2},{"damage":1,"enemies":"Exordium Wildlife","floor":5,"turns":4},{"damage":7,"enemies":"Looter","floor":7,"turns":3},{"damage":0,"enemies":"Exordium Thugs","floor":11,"turns":2},{"damage":0,"enemies":"Lots of Slimes","floor":13,"turns":2},{"damage":1,"enemies":"2 Fungi Beasts","floor":14,"turns":2},{"damage":40,"enemies":"The Guardian","floor":16,"turns":9},{"damage":13,"enemies":"2 Thieves","floor":18,"turns":3},{"damage":5,"enemies":"Chosen","floor":19,"turns":4},{"damage":20,"enemies":"3 Cultists","floor":22,"turns":5},{"damage":21,"enemies":"Chosen and Byrds","floor":24,"turns":5},{"damage":6,"enemies":"Snecko","floor":25,"turns":5},{"damage":15,"enemies":"Snake Plant","floor":28,"turns":4},{"damage":22,"enemies":"3 Cultists","floor":30,"turns":5}],"seed_played":"7468299728932723343","potions_obtained":[{"floor":2,"key":"Energy Potion"},{"floor":4,"key":"Block Potion"},{"floor":5,"key":"LiquidBronze"},{"floor":16,"key":"Block Potion"},{"floor":24,"key":"AttackPotion"}],"is_trial":false,"path_per_floor":["M","M","$","M","M","R","M","?","T","?","M","?","M","M","R","B",null,"M","M","?","?","M","R","M","M","T","R","M","$","M"],"character_chosen":"DEFECT","items_purchased":["Sunder","Doom and Gloom","Frozen Egg 2","Hologram","Apotheosis"],"campfire_rested":2,"item_purchase_floors":[3,3,29,29,29],"current_hp_per_floor":[69,54,54,54,53,53,46,35,35,17,17,42,42,41,63,23,75,62,57,57,57,37,37,16,10,10,32,17,17,0],"gold":10,"neow_bonus":"UPGRADE_CARD","is_prod":false,"is_daily":false,"chose_seed":false,"campfire_upgraded":2,"win_rate":0.0,"timestamp":1543361228,"path_taken":["M","M","$","M","M","R","M","?","T","?","M","?","M","M","R","BOSS","M","M","?","?","?","R","M","M","T","R","M","$","M"],"build_version":"2018-11-15","purchased_purges":0,"victory":false,"max_hp_per_floor":[75,75,75,75,75,75,75,75,75,75,75,75,75,75,75,75,75,75,75,75,75,75,75,75,75,75,75,75,75,75],"card_choices":[{"not_picked":["Barrage","Compile Driver"],"picked":"Conserve Battery","floor":1},{"not_picked":["Cold Snap","Redo"],"picked":"Steam","floor":2},{"not_picked":["Aggregate","Compile Driver"],"picked":"Conserve Battery","floor":4},{"not_picked":["Cold Snap","Rip and Tear"],"picked":"Sunder","floor":5},{"not_picked":["Stack","Lockon"],"picked":"Turbo","floor":7},{"not_picked":["Rip and Tear","Storm"],"picked":"Steam Power","floor":11},{"not_picked":["Heatsinks","Go for the Eyes"],"picked":"Streamline","floor":13},{"not_picked":["Redo","Rebound"],"picked":"Glacier","floor":14},{"not_picked":["Meteor Strike","Core Surge"],"picked":"Reboot","floor":16},{"not_picked":["Blizzard+1","White Noise"],"picked":"Chill","floor":18},{"not_picked":["Steam+1","Chaos"],"picked":"Auto Shields","floor":19},{"not_picked":["Leap","Conserve Battery"],"picked":"Stack","floor":22},{"not_picked":["Reinforced Body","Redo"],"picked":"Defragment","floor":24},{"not_picked":["Loop","Leap"],"picked":"FTL","floor":25},{"not_picked":["Electrodynamics","Leap"],"picked":"Reprogram","floor":28}],"player_experience":68996,"relics_obtained":[{"floor":9,"key":"Bronze Scales"},{"floor":26,"key":"Anchor"}],"event_choices":[{"damage_healed":0,"gold_gain":75,"player_choice":"Gather Gold","damage_taken":11,"max_hp_gain":0,"max_hp_loss":0,"event_name":"World of Goop","floor":8,"gold_loss":0},{"damage_healed":0,"gold_gain":0,"player_choice":"Take Damage","damage_taken":18,"relics_obtained":["Golden Idol"],"max_hp_gain":0,"max_hp_loss":0,"event_name":"Golden Idol","floor":10,"gold_loss":0},{"damage_healed":25,"gold_gain":0,"player_choice":"Banana","damage_taken":0,"max_hp_gain":0,"max_hp_loss":0,"event_name":"Big Fish","floor":12,"gold_loss":0},{"damage_healed":0,"gold_gain":0,"cards_transformed":["Doom and Gloom","Defend_B"],"player_choice":"Became Test Subject","damage_taken":0,"max_hp_gain":0,"max_hp_loss":0,"event_name":"Drug Dealer","floor":20,"gold_loss":0,"cards_obtained":["Heatsinks","Core Surge"]},{"cards_removed":["Defend_B"],"damage_healed":0,"gold_gain":0,"player_choice":"Purged","damage_taken":0,"max_hp_gain":0,"max_hp_loss":0,"event_name":"Purifier","floor":21,"gold_loss":0}],"is_beta":false,"boss_relics":[{"not_picked":["Empty Cage","Black Star"],"picked":"Snecko Eye"}],"items_purged_floors":[],"is_endless":false,"potions_floor_spawned":[2,4,5,13,16,18,24,28],"killed_by":"3 Cultists","ascension_level":0}