{"gold_per_floor":[364,375,375,550,284,284,304,338,338,338,413,413,451,231,231,231],"floor_reached":16,"playtime":706,"items_purged":["Doubt","Strike_R"],"score":111,"play_id":"ef3d229a-5ff0-42c3-b4e2-b85195a8ae0e","local_time":"20190322043131","is_ascension_mode":true,"campfire_choices":[{"data":"Bash","floor":10,"key":"SMITH"},{"data":"True Grit","floor":15,"key":"SMITH"}],"neow_cost":"PERCENT_DAMAGE","seed_source_timestamp":195266017748790,"circlet_count":0,"master_deck":["Strike_R","Strike_R","Strike_R","Strike_R","Defend_R","Defend_R","Defend_R","Defend_R","Bash+1","Twin Strike","Pommel Strike+1","Disarm","Iron Wave","Dropkick","Demon Form","True Grit+1","Metallicize"],"relics":["Burning Blood","Sundial","PreservedInsect","Magic Flower","Juzu Bracelet","Bottled Lightning","Golden Idol","Vajra"],"potions_floor_usage":[16,16],"damage_taken":[{"damage":3,"enemies":"Jaw Worm","floor":1,"turns":5},{"damage":0,"enemies":"2 Louse","floor":2,"turns":4},{"damage":6,"enemies":"Cultist","floor":7,"turns":3},{"damage":22,"enemies":"Gremlin Nob","floor":8,"turns":4},{"damage":21,"enemies":"3 Sentries","floor":13,"turns":7},{"damage":30,"enemies":"Slime Boss","floor":16,"turns":8}],"seed_played":"-3956900592405832246","potions_obtained":[{"floor":1,"key":"Weak Potion"},{"floor":8,"key":"Strength Potion"},{"floor":13,"key":"Block Potion"}],"is_trial":false,"path_per_floor":["M","M","?","?","$","?","M","E","T","R","T","?","E","$","R","B"],"character_chosen":"IRONCLAD","items_purchased":["Disarm","PreservedInsect","True Grit","Metallicize"],"campfire_rested":0,"item_purchase_floors":[5,5,14,14],"current_hp_per_floor":[59,65,58,58,58,58,58,42,42,42,42,42,30,30,30,0],"gold":231,"neow_bonus":"TWO_FIFTY_GOLD","is_prod":false,"is_daily":false,"chose_seed":false,"campfire_upgraded":2,"win_rate":1,"timestamp":1553247091,"path_taken":["M","M","?","?","$","?","M","E","T","R","?","?","E","$","R","BOSS"],"build_version":"2019-01-23","purchased_purges":2,"victory":false,"max_hp_per_floor":[80,80,80,80,80,80,80,80,80,80,80,74,74,74,74,74],"card_choices":[{"not_picked":["True Grit","Sever Soul"],"picked":"Twin Strike","floor":1},{"not_picked":["Blood for Blood","Anger"],"picked":"Pommel Strike","floor":2},{"not_picked":["Headbutt","Searing Blow"],"picked":"Iron Wave","floor":7},{"not_picked":["Heavy Blade","Fire Breathing"],"picked":"Dropkick","floor":8},{"not_picked":["Thunderclap","Ghostly Armor"],"picked":"Demon Form","floor":13}],"player_experience":103908,"relics_obtained":[{"floor":8,"key":"Magic Flower"},{"floor":9,"key":"Juzu Bracelet"},{"floor":11,"key":"Bottled Lightning"},{"floor":13,"key":"Vajra"}],"event_choices":[{"damage_healed":0,"gold_gain":0,"player_choice":"Success","damage_taken":7,"relics_obtained":["Sundial"],"max_hp_gain":0,"max_hp_loss":0,"event_name":"Scrap Ooze","floor":3,"gold_loss":0},{"damage_healed":0,"gold_gain":175,"player_choice":"AGREE","damage_taken":0,"max_hp_gain":0,"max_hp_loss":0,"event_name":"Liars Game","floor":4,"gold_loss":0,"cards_obtained":["Doubt"]},{"damage_healed":0,"gold_gain":0,"player_choice":"Grow","damage_taken":0,"max_hp_gain":0,"max_hp_loss":0,"event_name":"Living Wall","floor":6,"gold_loss":0,"cards_upgraded":["Pommel Strike"]},{"damage_healed":0,"gold_gain":0,"player_choice":"Lose Max HP","damage_taken":0,"relics_obtained":["Golden Idol"],"max_hp_gain":0,"max_hp_loss":6,"event_name":"Golden Idol","floor":12,"gold_loss":0}],"is_beta":false,"boss_relics":[],"items_purged_floors":[5,14],"is_endless":false,"potions_floor_spawned":[1,8,13],"killed_by":"Slime Boss","ascension_level":1}