{"gold_per_floor":[363,382,382,143,143,143,169,169,169,9,20,36,69,81,81,155,155,173,200,200,216,49,49,79,79,105,139,39,72,86,98,98,98],"floor_reached":33,"playtime":2127,"items_purged":["Regret","Strike_B"],"score":626,"play_id":"d3b37bdb-f668-41ee-8236-a10c0b587ffc","local_time":"20190116201137","is_ascension_mode":true,"campfire_choices":[{"data":"Fusion","floor":6.0,"key":"SMITH"},{"floor":8.0,"key":"REST"},{"data":"Electrodynamics","floor":15.0,"key":"SMITH"},{"data":"Biased Cognition","floor":23.0,"key":"SMITH"},{"data":"Tempest","floor":25.0,"key":"SMITH"},{"data":"Double Energy","floor":32,"key":"SMITH"}],"neow_cost":"TEN_PERCENT_HP_LOSS","seed_source_timestamp":544362985914026,"circlet_count":0,"master_deck":["AscendersBane","Strike_B","Strike_B","Defend_B","Defend_B","Defend_B","Zap","Dualcast","Cold Snap","Fusion+1","Barrage","Self Repair","Conserve Battery","Tempest+1","Compile Driver","Electrodynamics+1","Double Energy+1","Biased Cognition+1","Conserve Battery","Conserve Battery+1","Undo","Reboot","Lockon"],"special_seed":0,"relics":["Cracked Core","Cables","Oddly Smooth Stone","Dodecahedron","Nunchaku","Meat on the Bone","Philosopher\u0027s Stone","Red Mask","Centennial Puzzle","Matryoshka","Blood Vial","Dream Catcher","Shuriken","Art of War"],"potions_floor_usage":[29,30,33,33],"damage_taken":[{"damage":2.0,"enemies":"Jaw Worm","floor":1.0,"turns":4.0},{"damage":0.0,"enemies":"2 Louse","floor":2.0,"turns":2.0},{"damage":52.0,"enemies":"3 Sentries","floor":7.0,"turns":13.0},{"damage":0.0,"enemies":"Cultist","floor":11.0,"turns":3.0},{"damage":13.0,"enemies":"Large Slime","floor":12.0,"turns":5.0},{"damage":6.0,"enemies":"Gremlin Nob","floor":13.0,"turns":3.0},{"damage":4.0,"enemies":"2 Fungi Beasts","floor":14.0,"turns":2.0},{"damage":20.0,"enemies":"The Guardian","floor":16.0,"turns":8.0},{"damage":24.0,"enemies":"3 Byrds","floor":18.0,"turns":2.0},{"damage":14.0,"enemies":"Masked Bandits","floor":19.0,"turns":2.0},{"damage":9.0,"enemies":"Shell Parasite","floor":21.0,"turns":4.0},{"damage":5.0,"enemies":"Slavers","floor":24.0,"turns":2.0},{"damage":32.0,"enemies":"Gremlin Leader","floor":27.0,"turns":5.0},{"damage":4,"enemies":"Book of Stabbing","floor":29,"turns":3},{"damage":1,"enemies":"Centurion and Healer","floor":30,"turns":3},{"damage":13,"enemies":"Snecko","floor":31,"turns":3},{"damage":48,"enemies":"Automaton","floor":33,"turns":8}],"seed_played":"1702643479179181876","potions_obtained":[{"floor":11.0,"key":"PowerPotion"},{"floor":18.0,"key":"PowerPotion"},{"floor":24.0,"key":"Swift Potion"},{"floor":29,"key":"Block Potion"},{"floor":30,"key":"Swift Potion"}],"is_trial":false,"path_per_floor":["M","M","?","$","?","R","E","R","T","$","M","M","E","M","R","B",null,"M","?","?","M","$","R","E","R","T","E","$","E","M","M","R","B"],"character_chosen":"DEFECT","items_purchased":["Oddly Smooth Stone","Self Repair","Conserve Battery","Fire Potion","Centennial Puzzle"],"campfire_rested":1,"item_purchase_floors":[4,10,10,10,22],"current_hp_per_floor":[62,62,62,62,55,55,3,22,22,22,29,23,17,32,32,31,56,51,44,44,35,35,35,42,42,42,31,31,48,56,45,45,0],"gold":98,"neow_bonus":"TWO_FIFTY_GOLD","is_prod":false,"is_daily":false,"chose_seed":false,"campfire_upgraded":5,"win_rate":0,"timestamp":1547665897,"path_taken":["M","M","?","$","?","R","E","R","T","?","M","?","E","M","R","BOSS","M","?","?","M","$","R","E","R","T","E","$","E","?","M","R","BOSS"],"build_version":"2019-01-10","purchased_purges":2,"victory":false,"max_hp_per_floor":[64,64,64,64,64,64,64,64,64,64,64,64,64,64,64,64,64,64,64,64,64,64,64,64,64,64,64,64,64,64,64,64,64],"card_choices":[{"not_picked":["Steam","Streamline"],"picked":"Cold Snap","floor":1.0},{"not_picked":["Turbo","Reprogram"],"picked":"Fusion","floor":2.0},{"not_picked":["Force Field","Redo"],"picked":"Barrage","floor":7.0},{"not_picked":["Compile Driver","Streamline"],"picked":"Tempest","floor":11.0},{"not_picked":["Barrage","Redo"],"picked":"Compile Driver","floor":12.0},{"not_picked":["Go for the Eyes","Darkness"],"picked":"Electrodynamics","floor":13.0},{"not_picked":["Glacier","Leap"],"picked":"Double Energy","floor":14.0},{"not_picked":["Hyperbeam","Machine Learning"],"picked":"Biased Cognition","floor":16.0},{"not_picked":["Static Discharge","Streamline"],"picked":"Conserve Battery","floor":18.0},{"not_picked":["Sweeping Beam","Cold Snap"],"picked":"Conserve Battery+1","floor":21.0},{"not_picked":["Loop","Fusion","Gash"],"picked":"SKIP","floor":24.0},{"not_picked":["Stack","Cold Snap"],"picked":"Undo","floor":27.0},{"not_picked":["Leap","Blizzard"],"picked":"Reboot","floor":29},{"not_picked":["Conserve Battery","Barrage"],"picked":"Lockon","floor":30},{"not_picked":["Chill","Blizzard","Streamline"],"picked":"SKIP","floor":31}],"player_experience":446111,"relics_obtained":[{"floor":7.0,"key":"Dodecahedron"},{"floor":9.0,"key":"Nunchaku"},{"floor":13.0,"key":"Meat on the Bone"},{"floor":19.0,"key":"Red Mask"},{"floor":24.0,"key":"Matryoshka"},{"floor":26.0,"key":"Blood Vial"},{"floor":26.0,"key":"Dream Catcher"},{"floor":27.0,"key":"Shuriken"},{"floor":29,"key":"Art of War"}],"event_choices":[{"damage_healed":0.0,"max_hp_gain":0.0,"max_hp_loss":0.0,"gold_gain":0.0,"event_name":"Big Fish","player_choice":"Box","floor":3.0,"gold_loss":0.0,"damage_taken":0.0,"relics_obtained":["Cables"],"cards_obtained":["Regret"]},{"cards_removed":["Defend_B"],"damage_healed":0.0,"max_hp_gain":0.0,"max_hp_loss":0.0,"gold_gain":0.0,"event_name":"Golden Wing","player_choice":"Card Removal","floor":5.0,"gold_loss":0.0,"damage_taken":7.0},{"damage_healed":0.0,"max_hp_gain":0.0,"max_hp_loss":0.0,"gold_gain":0.0,"event_name":"Masked Bandits","player_choice":"Fought Bandits","floor":19.0,"gold_loss":0.0,"damage_taken":0.0},{"cards_removed":["Strike_B"],"damage_healed":0.0,"max_hp_gain":0.0,"max_hp_loss":0.0,"gold_gain":0.0,"event_name":"Purifier","player_choice":"Purged","floor":20.0,"gold_loss":0.0,"damage_taken":0.0}],"is_beta":false,"boss_relics":[{"not_picked":["White Beast Statue","Ectoplasm"],"picked":"Philosopher\u0027s Stone"}],"items_purged_floors":[4,28],"is_endless":false,"potions_floor_spawned":[11,12,13,14,18,24,29,30],"killed_by":"Automaton","ascension_level":20}