{"path_per_floor":["M","?","?","$","M","R","?","?","T","M","E","?","$","M","R","B",null,"M","M","$"],"character_chosen":"IRONCLAD","items_purchased":["Body Slam","Finesse","Whirlwind","Master of Strategy","Shrug It Off"],"gold_per_floor":[119,219,219,34,48,48,123,123,147,160,215,215,4,23,23,127,127,140,150,50],"floor_reached":21,"campfire_rested":0,"playtime":889,"current_hp_per_floor":[80,80,85,85,85,85,74,74,74,80,60,53,53,43,43,39,85,64,15,15],"items_purged":["Strike_R"],"gold":50,"score":195,"play_id":"b89d6e04-87f4-443f-806d-188746c4de15","is_prod":false,"is_daily":false,"is_ascension_mode":true,"campfire_upgraded":2,"path_taken":["M","?","?","?","M","R","?","?","T","?","E","?","$","M","R","BOSS","M","?","$","M"],"build_version":"2018-02-12-PROD1","purchased_purges":1,"victory":false,"master_deck":["Strike_R","Strike_R","Defend_R","Defend_R","Defend_R","Defend_R","Bash","Pommel Strike","Body Slam+1","Finesse","Whirlwind","Evolve+1","Master of Strategy","Impervious","True Grit","True Grit+1","True Grit","Shrug It Off"],"max_hp_per_floor":[80,80,85,85,85,85,85,85,85,85,85,85,85,85,85,85,85,85,85,85],"relics":["Burning Blood","NeowsBlessing","Ancient Tea Set","Tiny Chest","Orrery"],"card_choices":[{"not_picked":["Infernal Blade","Rampage"],"picked":"Pommel Strike"},{"not_picked":["Immolate","Exhume"],"picked":"Impervious"},{"not_picked":["Pommel Strike","Dropkick"],"picked":"True Grit"},{"not_picked":["Cleave","Armaments"],"picked":"True Grit"},{"not_picked":["Body Slam","Twin Strike"],"picked":"True Grit"}],"player_experience":113488,"potions_floor_usage":[11,16,16,16],"damage_taken":[{"damage":0,"enemies":"2 Louse","floor":1,"turns":1},{"damage":0,"enemies":"Blue Slaver","floor":5,"turns":1},{"damage":0,"enemies":"Jaw Worm","floor":10,"turns":1},{"damage":26,"enemies":"Gremlin Nob","floor":11,"turns":5},{"damage":16,"enemies":"Red Slaver","floor":14,"turns":4},{"damage":19,"enemies":"Slime Boss","floor":16,"turns":6},{"damage":27,"enemies":"2 Thieves","floor":18,"turns":4},{"damage":55,"enemies":"Spheric Guardian","floor":19,"turns":8},{"damage":17,"enemies":"Snake Plant","floor":21,"turns":1}],"event_choices":[{"event_name":"Golden Shrine","player_choice":"Pray","floor":2,"damage_taken":0},{"event_name":"Big Fish","player_choice":"Donut","floor":3,"damage_taken":0},{"event_name":"World of Goop","player_choice":"Gather Gold","floor":7,"damage_taken":0},{"event_name":"Living Wall","player_choice":"Change","floor":8,"damage_taken":0},{"event_name":"Golden Wing","player_choice":"Card Removal","floor":12,"damage_taken":0}],"boss_relics":[{"not_picked":["White Beast Statue","Runic Cube"],"picked":"Orrery"}],"potions_floor_spawned":[1,5,11,14],"seed_played":"-7152093114464087759","killed_by":"Snake Plant","ascension_level":2,"is_trial":false}