{"gold_per_floor":[117,117,117,19,34,59,76,51,76,110,110,136,156,156,156,234,234,247,247,258,271,281,30,50,50,50,60,76,76,108,108,108,184,184,204,218,218,218,235,235,268,268,268,268],"floor_reached":44,"playtime":8275,"items_purged":["Defend_G","Strike_G"],"score":880,"play_id":"83473420-92f2-46e6-9a2e-2349a9bb2a29","local_time":"20190403015925","is_ascension_mode":true,"campfire_choices":[{"data":"Skewer","floor":11.0,"key":"SMITH"},{"floor":15.0,"key":"REST"},{"floor":29,"key":"REST"},{"data":"Noxious Fumes","floor":32,"key":"SMITH"},{"data":"Sucker Punch","floor":40,"key":"SMITH"},{"floor":42,"key":"REST"}],"neow_cost":"NONE","seed_source_timestamp":1550874116207164,"circlet_count":0,"master_deck":["AscendersBane","Defend_G","Defend_G+1","Defend_G","Defend_G","Strike_G","Strike_G","Strike_G","Survivor","Neutralize+1","Sucker Punch+1","PiercingWail","Noxious Fumes+1","Backflip+1","Skewer+1","Dagger Throw","Dagger Spray","Noxious Fumes","Die Die Die","Cloak And Dagger","Dodge and Roll","Backstab","Adrenaline"],"special_seed":0,"relics":["Ring of the Snake","NeowsBlessing","Centennial Puzzle","War Paint","Paper Crane","Sundial","Philosopher\u0027s Stone","Nloth\u0027s Gift","Snake Skull","Bronze Scales","Pantograph","Busted Crown","Blue Candle","Molten Egg 2"],"potions_floor_usage":[21,30,33,39,39],"damage_taken":[{"damage":0.0,"enemies":"Jaw Worm","floor":1.0,"turns":1.0},{"damage":0.0,"enemies":"Small Slimes","floor":5.0,"turns":1.0},{"damage":0.0,"enemies":"Gremlin Nob","floor":6.0,"turns":1.0},{"damage":0.0,"enemies":"Cultist","floor":7.0,"turns":5.0},{"damage":20.0,"enemies":"Lagavulin","floor":10.0,"turns":9.0},{"damage":12.0,"enemies":"Gremlin Nob","floor":12.0,"turns":4.0},{"damage":0.0,"enemies":"Red Slaver","floor":13.0,"turns":3.0},{"damage":7.0,"enemies":"The Guardian","floor":16.0,"turns":8.0},{"damage":4,"enemies":"Spheric Guardian","floor":18,"turns":3},{"damage":5,"enemies":"2 Thieves","floor":20,"turns":3},{"damage":7,"enemies":"Centurion and Healer","floor":21,"turns":7},{"damage":20,"enemies":"3 Cultists","floor":22,"turns":5},{"damage":3,"enemies":"Snake Plant","floor":24,"turns":5},{"damage":8,"enemies":"Snecko","floor":27,"turns":7},{"damage":5,"enemies":"Centurion and Healer","floor":28,"turns":6},{"damage":3,"enemies":"Gremlin Leader","floor":30,"turns":6},{"damage":26,"enemies":"Automaton","floor":33,"turns":10},{"damage":0,"enemies":"3 Shapes","floor":35,"turns":4},{"damage":2,"enemies":"3 Darklings","floor":36,"turns":4},{"damage":16,"enemies":"Maw","floor":39,"turns":8},{"damage":48,"enemies":"Reptomancer","floor":41,"turns":6},{"damage":34,"enemies":"Giant Head","floor":44,"turns":8}],"seed_played":"-5884886975659129320","potions_obtained":[{"floor":6.0,"key":"Strength Potion"},{"floor":7.0,"key":"Energy Potion"},{"floor":10.0,"key":"Fire Potion"},{"floor":16.0,"key":"Block Potion"},{"floor":22,"key":"Fire Potion"},{"floor":24,"key":"SteroidPotion"},{"floor":28,"key":"Regen Potion"},{"floor":30,"key":"Ancient Potion"},{"floor":33,"key":"Weak Potion"},{"floor":35,"key":"Weak Potion"},{"floor":36,"key":"Regen Potion"}],"is_trial":false,"path_per_floor":["M","?","?","$","M","E","M","$","T","E","R","E","M","T","R","B",null,"M","?","M","M","M","$","M","$","T","M","M","R","E","$","R","B",null,"M","M","?","?","M","R","E","R","T","E"],"character_chosen":"THE_SILENT","items_purchased":["PiercingWail","Dagger Throw","Snake Skull"],"campfire_rested":3,"item_purchase_floors":[4,8,23],"current_hp_per_floor":[59,59,50,50,50,50,50,50,50,30,30,18,18,18,37,30,57,53,53,48,41,21,21,18,18,18,10,5,24,36,36,36,35,58,58,56,56,56,55,55,7,26,26,0],"gold":268,"neow_bonus":"THREE_ENEMY_KILL","is_prod":false,"is_daily":false,"chose_seed":false,"campfire_upgraded":3,"win_rate":0,"timestamp":1554217165,"path_taken":["M","?","?","$","M","E","?","?","T","E","R","E","?","?","R","BOSS","M","?","M","?","M","$","M","?","T","M","M","R","E","$","R","BOSS","M","?","?","?","M","R","E","R","T","E"],"build_version":"2019-01-23","purchased_purges":2,"victory":false,"max_hp_per_floor":[66,66,66,66,66,66,66,66,66,66,66,66,66,66,66,66,66,66,66,66,66,66,66,66,66,66,66,66,66,66,66,66,66,66,66,66,66,66,66,66,66,66,66,66],"card_choices":[{"not_picked":["Underhanded Strike","Terror"],"picked":"Sucker Punch","floor":1.0},{"not_picked":["Deflect","Dagger Throw"],"picked":"Noxious Fumes","floor":5.0},{"not_picked":["Prepared","Tactician"],"picked":"Backflip","floor":6.0},{"not_picked":["Dash","Outmaneuver"],"picked":"Skewer","floor":7.0},{"not_picked":["Acrobatics","Dash"],"picked":"Dagger Spray","floor":10.0},{"not_picked":["Outmaneuver","Backflip"],"picked":"Noxious Fumes","floor":12.0},{"not_picked":["PiercingWail","Accuracy","Dagger Throw"],"picked":"SKIP","floor":13.0},{"not_picked":["Bullet Time","Phantasmal Killer"],"picked":"Die Die Die","floor":16.0},{"not_picked":["Well Laid Plans","Flying Knee","Reflex"],"picked":"SKIP","floor":18},{"not_picked":["Backflip","Slice","Prepared"],"picked":"SKIP","floor":20},{"not_picked":["Outmaneuver","Masterful Stab"],"picked":"Cloak And Dagger","floor":21},{"not_picked":["Eviscerate","Accuracy","Underhanded Strike"],"picked":"SKIP","floor":22},{"not_picked":["Reflex","Outmaneuver+1"],"picked":"Dodge and Roll","floor":24},{"not_picked":["Bouncing Flask","Riddle With Holes+1","Cloak And Dagger"],"picked":"SKIP","floor":27},{"not_picked":["Storm of Steel","Setup"],"picked":"Backstab","floor":28},{"not_picked":["Dodge and Roll","Envenom","Terror"],"picked":"SKIP","floor":30},{"not_picked":["Malaise","Die Die Die"],"picked":"Adrenaline","floor":33},{"not_picked":["Infinite Blades"],"picked":"SKIP","floor":35},{"not_picked":["Bane+1"],"picked":"SKIP","floor":36},{"not_picked":["Backflip"],"picked":"SKIP","floor":39},{"not_picked":["Prepared"],"picked":"SKIP","floor":41}],"player_experience":425068,"relics_obtained":[{"floor":6.0,"key":"Centennial Puzzle"},{"floor":9.0,"key":"War Paint"},{"floor":10.0,"key":"Happy Flower"},{"floor":12.0,"key":"Paper Crane"},{"floor":14.0,"key":"Sundial"},{"floor":26,"key":"Bronze Scales"},{"floor":30,"key":"Pantograph"},{"floor":41,"key":"Blue Candle"},{"floor":43,"key":"Molten Egg 2"}],"event_choices":[{"damage_healed":0.0,"max_hp_gain":0.0,"max_hp_loss":0.0,"gold_gain":0.0,"event_name":"Living Wall","player_choice":"Grow","floor":2.0,"gold_loss":0.0,"damage_taken":0.0,"cards_upgraded":["Neutralize"]},{"damage_healed":0.0,"max_hp_gain":0.0,"max_hp_loss":0.0,"gold_gain":0.0,"event_name":"Wheel of Change","player_choice":"Damaged","floor":3.0,"gold_loss":0.0,"damage_taken":9.0},{"damage_healed":0,"gold_gain":0,"player_choice":"Traded Relic","damage_taken":0,"relics_obtained":["Nloth\u0027s Gift"],"max_hp_gain":0,"max_hp_loss":0,"event_name":"N\u0027loth","floor":19,"relics_lost":["Happy Flower"],"gold_loss":0},{"cards_removed":["Strike_G"],"damage_healed":0,"gold_gain":0,"player_choice":"Removed Attack","damage_taken":0,"max_hp_gain":0,"max_hp_loss":0,"event_name":"Falling","floor":37,"gold_loss":0},{"damage_healed":0,"gold_gain":0,"player_choice":"Memory 1","damage_taken":0,"max_hp_gain":0,"max_hp_loss":0,"event_name":"SensoryStone","floor":38,"gold_loss":0}],"is_beta":false,"boss_relics":[{"not_picked":["Snecko Eye","Runic Dome"],"picked":"Philosopher\u0027s Stone"},{"not_picked":["White Beast Statue","Coffee Dripper"],"picked":"Busted Crown"}],"items_purged_floors":[4,23],"is_endless":false,"potions_floor_spawned":[6,7,10,16,22,24,28,30,33,35,36],"killed_by":"Giant Head","ascension_level":15}