{"path_per_floor":["M","M","$","?","M","E","R","M","T","M","M","M","R"],"character_chosen":"DEFECT","items_purchased":["FTL","Fire Potion"],"gold_per_floor":[212,232,73,73,92,127,127,147,202,219,230,246,246,246],"floor_reached":14,"campfire_rested":0,"playtime":720,"item_purchase_floors":[],"current_hp_per_floor":[65,64,64,64,57,42,42,37,37,35,35,35,35,0],"items_purged":["Strike_B"],"gold":246,"score":146,"play_id":"22c2adf8-86c5-45c5-8830-cf99d44d43d6","local_time":"20180526004306","is_prod":false,"is_daily":false,"chose_seed":false,"is_ascension_mode":true,"campfire_upgraded":2,"win_rate":0,"timestamp":1527288186,"campfire_choices":[{"data":"Doom and Gloom","floor":7.0,"key":"SMITH"},{"data":"Rip and Tear","floor":13.0,"key":"SMITH"}],"path_taken":["M","M","$","?","M","E","R","?","T","M","M","M","R","?"],"build_version":"2018-05-24","seed_source_timestamp":558403758095204,"purchased_purges":1,"victory":false,"master_deck":["Strike_B","Strike_B","Strike_B","Defend_B","Defend_B","Defend_B","Zap","Dualcast","AscendersBane","Doom and Gloom+1","Go for the Eyes","FTL","Sweeping Beam","Rip and Tear+1"],"max_hp_per_floor":[75,75,75,75,75,75,75,75,75,75,75,75,75,75],"relics":["Cracked Core","Mercury Hourglass","Oddly Smooth Stone"],"card_choices":[{"not_picked":["Turbo","Chill"],"picked":"Doom and Gloom","floor":1.0},{"not_picked":["Darkness","Double Energy"],"picked":"Go for the Eyes","floor":2.0},{"not_picked":["Gash","Barrage"],"picked":"Sweeping Beam","floor":5.0},{"not_picked":["Barrage","Aggregate","Capacitor"],"picked":"SKIP","floor":6.0},{"not_picked":["Capacitor","Tempest","Consume"],"picked":"SKIP","floor":8.0},{"not_picked":["Coolheaded","Sweeping Beam"],"picked":"Rip and Tear","floor":10.0},{"not_picked":["Turbo","Static Discharge","Stack"],"picked":"SKIP","floor":11.0},{"not_picked":["Consume","Scrape","Aggregate"],"picked":"SKIP","floor":12.0}],"player_experience":124027,"potions_floor_usage":[],"damage_taken":[{"damage":3.0,"enemies":"Jaw Worm","floor":1.0,"turns":4.0},{"damage":1.0,"enemies":"Cultist","floor":2.0,"turns":3.0},{"damage":7.0,"enemies":"2 Louse","floor":5.0,"turns":2.0},{"damage":15.0,"enemies":"Lagavulin","floor":6.0,"turns":5.0},{"damage":5.0,"enemies":"Red Slaver","floor":8.0,"turns":3.0},{"damage":2.0,"enemies":"Blue Slaver","floor":10.0,"turns":2.0},{"damage":0.0,"enemies":"3 Louse","floor":11.0,"turns":1.0},{"damage":0.0,"enemies":"2 Fungi Beasts","floor":12.0,"turns":2.0},{"damage":30.0,"enemies":"Lagavulin Event","floor":14.0,"turns":4.0}],"relics_obtained":[{"floor":6.0,"key":"Mercury Hourglass"},{"floor":9.0,"key":"Oddly Smooth Stone"}],"event_choices":[{"event_name":"Bonfire Elementals","player_choice":"BASIC","floor":4.0,"damage_taken":0.0},{"event_name":"Dead Adventurer","player_choice":"Searched \u00271\u0027 times","floor":14.0,"damage_taken":0.0}],"boss_relics":[],"items_purged_floors":[],"potions_floor_spawned":[1,5,8,11,14],"seed_played":"-9149237140050299272","ascension_level":11,"potions_obtained":[{"floor":1.0,"key":"Block Potion"},{"floor":5.0,"key":"Strength Potion"},{"floor":8.0,"key":"SteroidPotion"},{"floor":11.0,"key":"Dexterity Potion"}],"is_trial":false}