{"gold_per_floor":[119,44,64,64,80,109,127,144,144,156,167,177,177,195,195,298,298,316,316,345,345],"floor_reached":21,"playtime":1169,"items_purged":["Clumsy"],"score":185,"play_id":"1cdd742b-0243-40cc-914a-7f427989e611","local_time":"20190331184736","is_ascension_mode":false,"campfire_choices":[{"floor":13,"key":"REST"},{"floor":15,"key":"RECALL"}],"neow_cost":"CURSE","seed_source_timestamp":6709310184983,"circlet_count":0,"master_deck":["Strike_R","Strike_R","Strike_R","Strike_R","Strike_R","Defend_R","Defend_R","Defend_R","Defend_R","Bash","Discovery","Mind Blast","Hemokinesis","Headbutt","Cleave","Feel No Pain","Flame Barrier","Rage","Shrug It Off","Carnage","Bludgeon","Sword Boomerang","Twin Strike"],"relics":["Burning Blood","NlothsMask","Lantern","Philosopher\u0027s Stone","Red Mask"],"potions_floor_usage":[8,10,20,20,20],"damage_taken":[{"damage":8,"enemies":"2 Louse","floor":1,"turns":2},{"damage":8,"enemies":"Cultist","floor":3,"turns":4},{"damage":16,"enemies":"Jaw Worm","floor":5,"turns":3},{"damage":33,"enemies":"3 Sentries","floor":6,"turns":5},{"damage":13,"enemies":"3 Louse","floor":7,"turns":3},{"damage":4,"enemies":"Blue Slaver","floor":8,"turns":4},{"damage":0,"enemies":"Looter","floor":10,"turns":3},{"damage":3,"enemies":"Exordium Thugs","floor":11,"turns":4},{"damage":11,"enemies":"Exordium Wildlife","floor":12,"turns":3},{"damage":3,"enemies":"Red Slaver","floor":14,"turns":4},{"damage":20,"enemies":"Slime Boss","floor":16,"turns":9},{"damage":25,"enemies":"2 Thieves","floor":18,"turns":4},{"damage":30,"enemies":"Masked Bandits","floor":20,"turns":5},{"damage":22,"enemies":"Shell Parasite","floor":21,"turns":4}],"seed_played":"-8171763563628780977","potions_obtained":[{"floor":5,"key":"SpeedPotion"},{"floor":6,"key":"Block Potion"},{"floor":7,"key":"Fire Potion"},{"floor":11,"key":"EssenceOfSteel"},{"floor":14,"key":"SpeedPotion"}],"is_trial":false,"path_per_floor":["?","M","?","?"],"character_chosen":"IRONCLAD","items_purchased":[],"campfire_rested":1,"item_purchase_floors":[],"current_hp_per_floor":[78,78,76,76,66,39,32,34,34,40,43,38,62,65,65,51,80,61,46,22,0],"gold":345,"neow_bonus":"RANDOM_COLORLESS_2","is_prod":false,"is_daily":false,"chose_seed":false,"campfire_upgraded":0,"win_rate":0,"timestamp":1554072456,"path_taken":["M","$","M","?","M","E","M","?","T","M","M","M","R","M","R","BOSS","M","?","?","M"],"build_version":"2019-01-23","purchased_purges":1,"victory":false,"max_hp_per_floor":[80,80,80,80,80,80,80,80,80,80,80,80,80,80,80,80,80,80,85,85,85],"card_choices":[{"not_picked":["Entrench","Perfected Strike"],"picked":"Hemokinesis","floor":1},{"not_picked":["Rupture","Heavy Blade"],"picked":"Headbutt","floor":3},{"not_picked":["Heavy Blade","Twin Strike"],"picked":"Cleave","floor":5},{"not_picked":["Warcry","Cleave"],"picked":"Feel No Pain","floor":6},{"not_picked":["Headbutt","Sword Boomerang","Warcry"],"picked":"SKIP","floor":7},{"not_picked":["Iron Wave","Clash"],"picked":"Flame Barrier","floor":8},{"not_picked":["Feel No Pain","Intimidate"],"picked":"Rage","floor":10},{"not_picked":["Clash","True Grit"],"picked":"Shrug It Off","floor":11},{"not_picked":["Iron Wave","Anger","Thunderclap"],"picked":"SKIP","floor":12},{"not_picked":["Warcry","Hemokinesis"],"picked":"Carnage","floor":14},{"not_picked":["Exhume","Brutality"],"picked":"Bludgeon","floor":16},{"not_picked":["Anger+1","Warcry"],"picked":"Sword Boomerang","floor":18},{"not_picked":["Blood for Blood","Anger"],"picked":"Twin Strike","floor":20}],"player_experience":100988,"relics_obtained":[{"floor":6,"key":"Lantern"},{"floor":20,"key":"Red Mask"}],"event_choices":[{"damage_healed":0,"gold_gain":0,"player_choice":"Trade","damage_taken":0,"relics_obtained":["NlothsMask"],"max_hp_gain":0,"max_hp_loss":0,"event_name":"FaceTrader","floor":4,"gold_loss":0},{"damage_healed":0,"gold_gain":0,"player_choice":"Shed Blood","damage_taken":20,"max_hp_gain":5,"max_hp_loss":0,"event_name":"Forgotten Altar","floor":19,"gold_loss":0},{"damage_healed":0,"gold_gain":0,"player_choice":"Fought Bandits","damage_taken":0,"max_hp_gain":0,"max_hp_loss":0,"event_name":"Masked Bandits","floor":20,"gold_loss":0}],"is_beta":false,"boss_relics":[{"not_picked":["Empty Cage","Astrolabe"],"picked":"Philosopher\u0027s Stone"}],"items_purged_floors":[2],"is_endless":false,"potions_floor_spawned":[5,6,7,11,14,16,18],"killed_by":"Shell Parasite","ascension_level":0}