{"path_per_floor":["M","M","M","?","?","E","R","M","T","$","R","?","R","M","R","B",null,"M","M","$","?","?","R","E","M","T","M","R","?","$","T","R"],"character_chosen":"DEFECT","items_purchased":["Toxic Egg 2","Sunder","Ancient Tea Set"],"gold_per_floor":[116,135,153,153,153,193,193,213,284,42,42,42,42,56,56,186,186,199,199,45,45,45,45,83,107,133,156,156,156,6,31,31,31],"floor_reached":33,"campfire_rested":2,"playtime":2701,"item_purchase_floors":[],"current_hp_per_floor":[67,60,48,48,30,11,33,26,26,26,26,26,26,26,26,33,65,61,61,61,61,51,51,37,32,32,32,56,56,56,61,61,0],"items_purged":["Dualcast"],"gold":31,"score":470,"play_id":"ef693e7d-88e4-4f3b-b287-71156c5d5787","local_time":"20180525173938","is_prod":false,"is_daily":false,"chose_seed":false,"is_ascension_mode":true,"campfire_upgraded":5,"win_rate":0,"timestamp":1527262778,"campfire_choices":[{"floor":7.0,"key":"REST"},{"data":"Zap","floor":11.0,"key":"SMITH"},{"data":"Go for the Eyes","floor":13.0,"key":"SMITH"},{"data":"Streamline","floor":15.0,"key":"SMITH"},{"data":"Sunder","floor":23.0,"key":"SMITH"},{"floor":28,"key":"REST"},{"data":"All For One","floor":32,"key":"SMITH"}],"path_taken":["M","M","M","?","?","E","R","?","T","?","R","?","R","M","R","BOSS","M","M","$","?","?","R","E","M","T","M","R","?","?","?","R","BOSS"],"build_version":"2018-05-24","seed_source_timestamp":530808664894296,"purchased_purges":1,"victory":false,"master_deck":["Strike_B","Strike_B","Defend_B","Defend_B","Defend_B","Defend_B","Zap+1","AscendersBane","FTL","FTL","Chill+1","Ball Lightning","Self Repair","Go for the Eyes+1","Streamline+1","Rainbow+1","Compile Driver","Sunder+1","Beam Cell","Necronomicurse","All For One+1","Conserve Battery+1"],"max_hp_per_floor":[75,75,75,75,75,75,75,75,75,75,75,75,75,75,75,75,75,75,75,75,75,81,81,81,81,81,81,81,81,81,81,81,81],"relics":["Cracked Core","Bloody Idol","Turnip","Darkstone Periapt","Toxic Egg 2","Snecko Eye","Necronomicon","Bag of Preparation","Juzu Bracelet","Ancient Tea Set","Bag of Marbles"],"card_choices":[{"not_picked":["Barrage","Reinforced Body"],"picked":"FTL","floor":1.0},{"not_picked":["Leap","Chill"],"picked":"FTL","floor":2.0},{"not_picked":["Reinforced Body","Rebound"],"picked":"Chill","floor":3.0},{"not_picked":["Chaos","Auto Shields"],"picked":"Ball Lightning","floor":6.0},{"not_picked":["BootSequence","Leap"],"picked":"Self Repair","floor":8.0},{"not_picked":["Skim+1","Capacitor"],"picked":"Streamline","floor":14.0},{"not_picked":["Buffer","Multi-Cast+1"],"picked":"Rainbow+1","floor":16.0},{"not_picked":["Turbo+1","Stack+1"],"picked":"Compile Driver","floor":18.0},{"not_picked":["Capacitor","Beam Cell"],"picked":"All For One","floor":24},{"not_picked":["Defragment","Go for the Eyes","Tempest+1"],"picked":"SKIP","floor":25},{"not_picked":["Reinforced Body+1","Capacitor+1"],"picked":"Conserve Battery+1","floor":27}],"player_experience":115737,"potions_floor_usage":[33],"damage_taken":[{"damage":1.0,"enemies":"Cultist","floor":1.0,"turns":3.0},{"damage":7.0,"enemies":"Jaw Worm","floor":2.0,"turns":3.0},{"damage":12.0,"enemies":"Small Slimes","floor":3.0,"turns":3.0},{"damage":19.0,"enemies":"Lagavulin","floor":6.0,"turns":6.0},{"damage":7.0,"enemies":"Red Slaver","floor":8.0,"turns":4.0},{"damage":7.0,"enemies":"Exordium Thugs","floor":14.0,"turns":5.0},{"damage":0.0,"enemies":"Slime Boss","floor":16.0,"turns":5.0},{"damage":11.0,"enemies":"Chosen","floor":18.0,"turns":4.0},{"damage":0.0,"enemies":"Shell Parasite","floor":19.0,"turns":1.0},{"damage":21,"enemies":"Gremlin Leader","floor":24,"turns":6},{"damage":12,"enemies":"3 Cultists","floor":25,"turns":3},{"damage":0,"enemies":"Sentry and Sphere","floor":27,"turns":2},{"damage":62,"enemies":"Automaton","floor":33,"turns":6}],"relics_obtained":[{"floor":6.0,"key":"Turnip"},{"floor":9.0,"key":"Darkstone Periapt"},{"floor":22.0,"key":"Necronomicon"},{"floor":24,"key":"Bag of Preparation"},{"floor":26,"key":"Juzu Bracelet"},{"floor":31,"key":"Bag of Marbles"}],"event_choices":[{"event_name":"Living Wall","player_choice":"Grow","floor":4.0,"damage_taken":0.0},{"event_name":"Golden Idol","player_choice":"Take Damage","floor":5.0,"damage_taken":0.0},{"event_name":"Transmorgrifier","player_choice":"Transform","floor":12.0,"damage_taken":0.0},{"event_name":"Transmorgrifier","player_choice":"Transform","floor":21.0,"damage_taken":0.0},{"event_name":"Cursed Tome","player_choice":"Obtained Book","floor":22.0,"damage_taken":0.0},{"event_name":"Forgotten Altar","player_choice":"Gave Idol","floor":29,"damage_taken":0}],"boss_relics":[],"items_purged_floors":[],"potions_floor_spawned":[1,2,3,16,25,27],"seed_played":"1611726944327656924","killed_by":"Automaton","ascension_level":10,"potions_obtained":[{"floor":1.0,"key":"FocusPotion"},{"floor":16.0,"key":"FearPotion"},{"floor":25,"key":"Energy Potion"},{"floor":27,"key":"Energy Potion"}],"is_trial":false}