{"gold_per_floor":[112,112,112,126,140,140,178,178,178,214,232,250,98,98,98,193,193,211,211,211,235,235,270,294,325,350,371,208,226,261,277,277,368,368,388,409,197,220,67,67],"floor_reached":40,"playtime":3326,"items_purged":["Strike_B"],"score":1116,"play_id":"905b60d7-f1ac-429b-8358-b562653be08f","local_time":"20190116185631","is_ascension_mode":true,"campfire_choices":[{"data":"Buffer","floor":6.0,"key":"SMITH"},{"data":"Coolheaded","floor":8.0,"key":"SMITH"},{"data":"Static Discharge","floor":15,"key":"SMITH"},{"data":"Coolheaded","floor":32,"key":"SMITH"}],"neow_cost":"NONE","seed_source_timestamp":538628941517653,"circlet_count":0,"master_deck":["AscendersBane","Strike_B","Strike_B","Defend_B","Defend_B","Defend_B","Defend_B","Zap","Dualcast","Buffer+1","Sunder+1","Compile Driver","Coolheaded+1","Coolheaded+1","Barrage","Heatsinks","Compile Driver","Static Discharge+1","Electrodynamics","Reinforced Body","Hologram+1","Reboot","Rainbow","Fusion","Echo Form","Core Surge","Conserve Battery+1","Conserve Battery+1","Glacier","Hologram","Machine Learning"],"special_seed":0,"relics":["Cracked Core","Golden Idol","Bird Faced Urn","Pantograph","Pen Nib","Snecko Eye","Cables","Bronze Scales","Lantern","Bag of Preparation","Ginger","Orrery","Runic Capacitor"],"potions_floor_usage":[10,25,25,30,30,33,40,40,40],"damage_taken":[{"damage":1.0,"enemies":"Small Slimes","floor":1.0,"turns":5.0},{"damage":0.0,"enemies":"Jaw Worm","floor":4.0,"turns":3.0},{"damage":1.0,"enemies":"Cultist","floor":5.0,"turns":3.0},{"damage":19.0,"enemies":"3 Sentries","floor":7.0,"turns":8.0},{"damage":0,"enemies":"Gremlin Nob","floor":10,"turns":4},{"damage":6,"enemies":"Looter","floor":11,"turns":4},{"damage":0,"enemies":"Red Slaver","floor":12,"turns":3},{"damage":52,"enemies":"The Guardian","floor":16,"turns":10},{"damage":0,"enemies":"Shell Parasite","floor":18,"turns":3},{"damage":0,"enemies":"Chosen","floor":21,"turns":4},{"damage":23,"enemies":"Book of Stabbing","floor":23,"turns":4},{"damage":32,"enemies":"Snecko","floor":24,"turns":6},{"damage":0,"enemies":"Gremlin Leader","floor":25,"turns":4},{"damage":10,"enemies":"Snake Plant","floor":27,"turns":5},{"damage":1,"enemies":"Cultist and Chosen","floor":29,"turns":5},{"damage":8,"enemies":"Book of Stabbing","floor":30,"turns":4},{"damage":11,"enemies":"Centurion and Healer","floor":31,"turns":2},{"damage":0,"enemies":"Automaton","floor":33,"turns":9},{"damage":0,"enemies":"Orb Walker","floor":35,"turns":2},{"damage":0,"enemies":"3 Shapes","floor":36,"turns":4},{"damage":0,"enemies":"3 Darklings","floor":38,"turns":3},{"damage":72,"enemies":"Reptomancer","floor":40,"turns":2}],"seed_played":"-6296691691033122289","potions_obtained":[{"floor":1.0,"key":"LiquidBronze"},{"floor":4.0,"key":"FairyPotion"},{"floor":7.0,"key":"Regen Potion"},{"floor":11,"key":"Swift Potion"},{"floor":27,"key":"Energy Potion"},{"floor":29,"key":"FearPotion"},{"floor":31,"key":"PowerPotion"},{"floor":36,"key":"EntropicBrew"},{"floor":38,"key":"Poison Potion"}],"is_trial":false,"path_per_floor":["M","?","?","M","M","R","E","R","T","E","M","M","$","?","R","B",null,"M","$","?","M","?","E","M","E","T","M","$","M","E","M","R","B",null,"M","M","$","M","$","E"],"character_chosen":"DEFECT","items_purchased":["Static Discharge","Bag of Preparation","Runic Capacitor","Machine Learning"],"campfire_rested":0,"item_purchase_floors":[13,28,37,39],"current_hp_per_floor":[63,63,63,63,62,62,43,43,43,45,41,43,43,34,34,11,51,59,59,59,63,63,41,17,37,37,33,33,40,38,31,31,64,64,64,64,64,64,64,0],"gold":67,"neow_bonus":"TRANSFORM_CARD","is_prod":false,"is_daily":false,"chose_seed":false,"campfire_upgraded":4,"win_rate":0,"timestamp":1547661391,"path_taken":["M","?","?","M","?","R","E","R","T","E","M","M","$","?","R","BOSS","M","$","?","M","?","E","M","E","T","M","$","M","E","M","R","BOSS","M","M","?","?","$","E"],"build_version":"2019-01-10","purchased_purges":1,"victory":false,"max_hp_per_floor":[71,64,64,64,64,64,64,64,64,64,64,64,64,64,64,64,64,64,64,64,64,64,64,64,64,64,64,64,64,64,64,64,64,64,64,64,64,64,64,64],"card_choices":[{"not_picked":["Reprogram","Scrape"],"picked":"Sunder","floor":1.0},{"not_picked":["Ball Lightning","Rip and Tear"],"picked":"Compile Driver","floor":4.0},{"not_picked":["Cold Snap","Fusion"],"picked":"Coolheaded","floor":5.0},{"not_picked":["Barrage","Conserve Battery"],"picked":"Coolheaded","floor":7.0},{"not_picked":["Heatsinks","Darkness"],"picked":"Barrage","floor":10},{"not_picked":["Skim","Turbo"],"picked":"Heatsinks","floor":11},{"not_picked":["Reprogram","Ball Lightning"],"picked":"Compile Driver","floor":12},{"not_picked":["Buffer","Hyperbeam"],"picked":"Electrodynamics","floor":16},{"not_picked":["FTL+1","Scrape","Rebound"],"picked":"SKIP","floor":18},{"not_picked":["FTL+1","Scrape","Rebound"],"picked":"SKIP","floor":18},{"not_picked":["Ball Lightning","Darkness"],"picked":"Hologram+1","floor":21},{"not_picked":["Steam Power","Reinforced Body"],"picked":"Reboot","floor":23},{"not_picked":["Beam Cell","Redo","Go for the Eyes"],"picked":"SKIP","floor":24},{"not_picked":["Beam Cell","Ball Lightning+1","Sunder"],"picked":"SKIP","floor":25},{"not_picked":["Redo","Reprogram","Coolheaded"],"picked":"SKIP","floor":27},{"not_picked":["Rip and Tear","Rebound"],"picked":"Rainbow","floor":29},{"not_picked":["Leap","Go for the Eyes+1"],"picked":"Fusion","floor":30},{"not_picked":["Steam","Consume","Go for the Eyes"],"picked":"SKIP","floor":31},{"not_picked":["Amplify","Electrodynamics"],"picked":"Echo Form","floor":33},{"not_picked":["Aggregate","Rip and Tear"],"picked":"Core Surge","floor":34},{"not_picked":["Blizzard","Leap"],"picked":"Conserve Battery+1","floor":34},{"not_picked":["Go for the Eyes","Redo+1"],"picked":"Conserve Battery+1","floor":34},{"not_picked":["Sweeping Beam+1","Turbo+1","White Noise"],"picked":"SKIP","floor":35},{"not_picked":["Chaos","White Noise"],"picked":"Glacier","floor":36},{"not_picked":["Cold Snap+1","Compile Driver"],"picked":"Hologram","floor":38}],"player_experience":441656,"relics_obtained":[{"floor":7.0,"key":"Bird Faced Urn"},{"floor":9.0,"key":"Pantograph"},{"floor":10,"key":"Pen Nib"},{"floor":23,"key":"Cables"},{"floor":25,"key":"Bronze Scales"},{"floor":26,"key":"Lantern"},{"floor":30,"key":"Ginger"}],"event_choices":[{"damage_healed":0.0,"max_hp_gain":0.0,"max_hp_loss":7.0,"gold_gain":0.0,"event_name":"Golden Idol","player_choice":"Lose Max HP","floor":2.0,"gold_loss":0.0,"damage_taken":0.0,"relics_obtained":["Golden Idol"]},{"damage_healed":0.0,"max_hp_gain":0.0,"max_hp_loss":0.0,"gold_gain":0.0,"event_name":"Upgrade Shrine","player_choice":"Upgraded","floor":3.0,"gold_loss":0.0,"damage_taken":0.0,"cards_upgraded":["Sunder"]},{"damage_healed":0,"gold_gain":0,"player_choice":"Damaged","damage_taken":9,"max_hp_gain":0,"max_hp_loss":0,"event_name":"Wheel of Change","floor":14,"gold_loss":0},{"damage_healed":0,"gold_gain":0,"player_choice":"Read","damage_taken":0,"max_hp_gain":0,"max_hp_loss":0,"event_name":"The Library","floor":20,"gold_loss":0,"cards_obtained":["Reinforced Body"]},{"damage_healed":0,"gold_gain":0,"player_choice":"0 cards matched","damage_taken":0,"max_hp_gain":0,"max_hp_loss":0,"event_name":"Match and Keep!","floor":22,"gold_loss":0,"cards_obtained":[]}],"is_beta":false,"boss_relics":[{"not_picked":["Runic Dome","Empty Cage"],"picked":"Snecko Eye"},{"not_picked":["Nuclear Battery","Lizard Tail"],"picked":"Orrery"}],"items_purged_floors":[13],"is_endless":false,"potions_floor_spawned":[1,4,7,11,23,24,27,29,31,36,38],"killed_by":"Reptomancer","ascension_level":20}