{"gold_per_floor":[111,131,231,246,246,246,246,246,246,110,124,47,64,64,64,160,160,174,201,214,234,234,234,254,329,329,329,347,272,283,283,283,283],"floor_reached":33,"playtime":1453,"items_purged":["Strike_R"],"score":241,"play_id":"0d3793fb-10a5-4651-b5e3-7ff80f4f702b","local_time":"20190317010455","is_ascension_mode":false,"campfire_choices":[{"data":"Body Slam","floor":6,"key":"SMITH"},{"data":"Armaments","floor":8,"key":"SMITH"},{"data":"Offering","floor":15,"key":"SMITH"},{"data":"Bash","floor":23,"key":"SMITH"},{"data":"Flame Barrier","floor":27,"key":"SMITH"},{"data":"Ghostly Armor","floor":32,"key":"SMITH"}],"neow_cost":"NONE","seed_source_timestamp":619864440534701,"circlet_count":0,"master_deck":["Strike_R","Strike_R","Strike_R","Strike_R","Defend_R","Defend_R","Defend_R","Defend_R","Bash+1","Armaments+1","Ghostly Armor+1","Body Slam+1","Offering+1","Flame Barrier+1","Headbutt","Impervious","Shrug It Off","Body Slam+1","Body Slam+1"],"special_seed":0,"relics":["Burning Blood","NeowsBlessing"],"potions_floor_usage":[5,7,16,16,20,22,28,30,33],"damage_taken":[{"damage":0,"enemies":"Cultist","floor":1,"turns":1},{"damage":0,"enemies":"Small Slimes","floor":2,"turns":1},{"damage":0,"enemies":"Jaw Worm","floor":4,"turns":1},{"damage":0,"enemies":"Large Slime","floor":7,"turns":2},{"damage":0,"enemies":"Looter","floor":11,"turns":2},{"damage":6,"enemies":"3 Louse","floor":13,"turns":2},{"damage":20,"enemies":"The Guardian","floor":16,"turns":12},{"damage":0,"enemies":"3 Byrds","floor":18,"turns":3},{"damage":6,"enemies":"2 Thieves","floor":20,"turns":4},{"damage":6,"enemies":"Snake Plant","floor":21,"turns":2},{"damage":6,"enemies":"Snecko","floor":22,"turns":4},{"damage":39,"enemies":"Sentry and Sphere","floor":24,"turns":10},{"damage":6,"enemies":"Centurion and Healer","floor":28,"turns":4},{"damage":6,"enemies":"Snake Plant","floor":30,"turns":2},{"damage":52,"enemies":"Champ","floor":33,"turns":17}],"seed_played":"7591357371843930294","potions_obtained":[{"floor":4,"key":"AttackPotion"},{"floor":5,"key":"Fruit Juice"},{"floor":5,"key":"SmokeBomb"},{"floor":5,"key":"SmokeBomb"},{"floor":11,"key":"Swift Potion"},{"floor":16,"key":"Explosive Potion"},{"floor":24,"key":"SkillPotion"},{"floor":28,"key":"PowerPotion"},{"floor":30,"key":"Fruit Juice"}],"is_trial":false,"path_per_floor":["M","M","?","M","?","R","M","R","T","$","M","$","M","?","R","B",null,"M","T","M","M","M","R","M","?","T","R","M","$","M","?","R","B"],"character_chosen":"IRONCLAD","items_purchased":["Offering","Flame Barrier"],"campfire_rested":0,"item_purchase_floors":[10,12],"current_hp_per_floor":[80,80,80,80,85,85,85,85,85,85,85,85,85,77,77,63,85,85,85,85,85,85,85,52,44,44,44,44,44,49,49,49,0],"gold":283,"neow_bonus":"THREE_ENEMY_KILL","is_prod":false,"is_daily":false,"chose_seed":false,"campfire_upgraded":6,"win_rate":0,"timestamp":1552799095,"path_taken":["M","M","?","?","?","R","M","R","T","$","?","$","M","?","R","BOSS","M","?","M","M","M","R","M","?","T","R","M","$","?","?","R","BOSS"],"build_version":"2019-01-23","purchased_purges":1,"victory":false,"max_hp_per_floor":[80,80,80,80,85,85,85,85,85,85,85,85,85,85,85,85,85,85,85,85,85,85,85,85,85,85,85,85,85,90,90,90,90],"card_choices":[{"not_picked":["Searing Blow","Havoc"],"picked":"Armaments","floor":1},{"not_picked":["Second Wind","Carnage"],"picked":"Ghostly Armor","floor":2},{"not_picked":["Heavy Blade","Disarm"],"picked":"Body Slam","floor":4},{"not_picked":["Spot Weakness","Armaments","Immolate"],"picked":"SKIP","floor":11},{"not_picked":["Clothesline","Pommel Strike"],"picked":"Headbutt","floor":13},{"not_picked":["Bludgeon","Berserk"],"picked":"Impervious","floor":16},{"not_picked":["Evolve","Havoc"],"picked":"Shrug It Off","floor":18},{"not_picked":["Pommel Strike","Warcry+1"],"picked":"Body Slam+1","floor":20},{"not_picked":["Uppercut","Anger+1","Immolate"],"picked":"SKIP","floor":21},{"not_picked":["Armaments","Twin Strike+1","Reckless Charge+1"],"picked":"SKIP","floor":24},{"not_picked":["Sever Soul","Clash+1","Warcry+1"],"picked":"SKIP","floor":28},{"not_picked":["Hemokinesis+1","Heavy Blade+1"],"picked":"Body Slam+1","floor":30}],"player_experience":873408,"relics_obtained":[],"event_choices":[{"damage_healed":0,"gold_gain":100,"player_choice":"Pray","damage_taken":0,"max_hp_gain":0,"max_hp_loss":0,"event_name":"Golden Shrine","floor":3,"gold_loss":0},{"damage_healed":0,"gold_gain":0,"player_choice":"Got Potions","damage_taken":0,"max_hp_gain":0,"max_hp_loss":0,"event_name":"Lab","floor":5,"gold_loss":0},{"damage_healed":0,"gold_gain":0,"player_choice":"Damaged","damage_taken":8,"max_hp_gain":0,"max_hp_loss":0,"event_name":"Wheel of Change","floor":14,"gold_loss":0},{"damage_healed":0,"gold_gain":75,"player_choice":"Touch","damage_taken":8,"max_hp_gain":0,"max_hp_loss":0,"event_name":"FaceTrader","floor":25,"gold_loss":0},{"damage_healed":0,"gold_gain":0,"player_choice":"Ignored","damage_taken":0,"max_hp_gain":0,"max_hp_loss":0,"event_name":"Ghosts","floor":31,"gold_loss":0}],"is_beta":false,"boss_relics":[{"not_picked":[]}],"items_purged_floors":[29],"is_endless":false,"potions_floor_spawned":[4,11,16,24,28,30],"killed_by":"Champ","ascension_level":0}