{"gold_per_floor":[144,144,189,189,234,234,279,279,279,324,369,414,429,519,519,819,819,864,909,434,479,479,479,524,524,549,639,684,729,774,774,774,1074,1074,1119,1164,1164,306,351,351,396,441,441,531,531,531,531,576,576,576],"floor_reached":51,"playtime":29095,"items_purged":["Rage","Headbutt"],"score":732,"play_id":"e7c351a7-b809-4d3c-a650-a84265b64cad","local_time":"20181222204334","daily_mods":["Draft","Uncertain Future","Midas"],"is_ascension_mode":false,"campfire_choices":[{"floor":6,"key":"REST"},{"floor":8,"key":"REST"},{"floor":15,"key":"REST"},{"floor":23,"key":"REST"},{"floor":25,"key":"REST"},{"floor":32,"key":"REST"},{"floor":40,"key":"REST"},{"floor":47,"key":"REST"},{"floor":49,"key":"REST"}],"neow_cost":"","seed_source_timestamp":124562343768146,"circlet_count":0,"master_deck":["Havoc","Shrug It Off","Cleave","Headbutt","Clothesline","Carnage","Spot Weakness","Iron Wave","Shrug It Off","Armaments+1","Armaments","Shrug It Off","Metallicize","Ghostly Armor","Metallicize","Infernal Blade","Limit Break","Anger+1","Anger+1","Pommel Strike+1","Disarm+1","Spot Weakness+1","Thunderclap+1","Exhume","Shrug It Off+1","Metallicize+1","Exhume+1","Anger+1","Dual Wield+1","Havoc+1","Anger+1"],"special_seed":17887,"relics":["Burning Blood","Paper Frog","Torii","Snecko Eye","Pear","Red Skull","Oddly Smooth Stone","Meat on the Bone","Unceasing Top","Empty Cage","Ancient Tea Set","Toxic Egg 2","ClockworkSouvenir","Question Card","Juzu Bracelet","Kunai"],"potions_floor_usage":[19,33],"damage_taken":[{"damage":0,"enemies":"Small Slimes","floor":1,"turns":2},{"damage":1,"enemies":"Cultist","floor":3,"turns":3},{"damage":0,"enemies":"Jaw Worm","floor":5,"turns":2},{"damage":10,"enemies":"Red Slaver","floor":7,"turns":3},{"damage":3,"enemies":"Exordium Thugs","floor":10,"turns":4},{"damage":10,"enemies":"Large Slime","floor":11,"turns":5},{"damage":0,"enemies":"Red Slaver","floor":12,"turns":4},{"damage":2,"enemies":"Exordium Thugs","floor":13,"turns":4},{"damage":16,"enemies":"Gremlin Nob","floor":14,"turns":6},{"damage":3,"enemies":"Hexaghost","floor":16,"turns":12},{"damage":1,"enemies":"Spheric Guardian","floor":18,"turns":4},{"damage":9,"enemies":"Chosen","floor":19,"turns":7},{"damage":10,"enemies":"Snake Plant","floor":21,"turns":5},{"damage":17,"enemies":"3 Cultists","floor":24,"turns":7},{"damage":1,"enemies":"Book of Stabbing","floor":27,"turns":5},{"damage":9,"enemies":"Chosen and Byrds","floor":28,"turns":8},{"damage":0,"enemies":"Centurion and Healer","floor":29,"turns":8},{"damage":15,"enemies":"Shelled Parasite and Fungi","floor":30,"turns":6},{"damage":44,"enemies":"Collector","floor":33,"turns":10},{"damage":25,"enemies":"3 Darklings","floor":35,"turns":4},{"damage":11,"enemies":"Orb Walker","floor":36,"turns":6},{"damage":11,"enemies":"Sphere and 2 Shapes","floor":39,"turns":4},{"damage":14,"enemies":"4 Shapes","floor":41,"turns":8},{"damage":8,"enemies":"3 Darklings","floor":42,"turns":8},{"damage":15,"enemies":"Reptomancer","floor":44,"turns":7},{"damage":11,"enemies":"Sphere and 2 Shapes","floor":48,"turns":6},{"damage":41,"enemies":"Time Eater","floor":50,"turns":14}],"seed_played":"8592770132625514496","potions_obtained":[{"floor":5,"key":"SmokeBomb"},{"floor":7,"key":"SkillPotion"},{"floor":11,"key":"SkillPotion"},{"floor":16,"key":"FearPotion"},{"floor":28,"key":"Ancient Potion"},{"floor":35,"key":"Poison Potion"},{"floor":36,"key":"Energy Potion"},{"floor":48,"key":"EssenceOfSteel"}],"is_trial":false,"path_per_floor":["M","$","M","?","M","R","M","R","T","M","M","M","M","E","R","B",null,"M","M","$","M","?","R","M","R","T","E","M","M","M","T","R","B",null,"M","M","?","$","M","R","M","M","T","E","?","T","R","M","R","B",null],"character_chosen":"IRONCLAD","items_purchased":["Pear","Red Skull","Ancient Tea Set","Toxic Egg 2","ClockworkSouvenir","Exhume+1"],"campfire_rested":9,"item_purchase_floors":[20,20,38,38,38,38],"current_hp_per_floor":[80,80,80,80,80,80,76,80,80,80,76,80,80,70,80,80,80,80,77,87,83,83,90,79,90,90,90,87,90,81,81,90,52,90,71,66,66,66,61,88,80,78,78,69,69,69,90,85,90,55],"gold":576,"neow_bonus":"","is_prod":false,"is_daily":true,"chose_seed":false,"campfire_upgraded":0,"win_rate":0,"timestamp":1545540214,"path_taken":["M","$","M","?","M","R","?","R","T","M","M","?","M","E","R","BOSS","M","M","$","M","?","R","M","R","T","E","?","M","M","?","R","BOSS","M","M","?","$","M","R","M","M","T","E","?","?","R","M","R","BOSS"],"build_version":"2018-12-20","purchased_purges":2,"victory":true,"max_hp_per_floor":[80,80,80,80,80,80,80,80,80,80,80,80,80,80,80,80,80,80,80,90,90,90,90,90,90,90,90,90,90,90,90,90,90,90,90,90,90,90,90,90,90,90,90,90,90,90,90,90,90,90],"card_choices":[{"not_picked":["Wild Strike","Iron Wave"],"picked":"Havoc","floor":0},{"not_picked":["Iron Wave","Clothesline"],"picked":"Shrug It Off","floor":0},{"not_picked":["Iron Wave","Pommel Strike"],"picked":"Cleave","floor":0},{"not_picked":["True Grit","Evolve"],"picked":"Flex","floor":0},{"not_picked":["Disarm","Spot Weakness"],"picked":"Headbutt","floor":0},{"not_picked":["Pommel Strike","Dropkick"],"picked":"Clothesline","floor":0},{"not_picked":["Entrench","Flex"],"picked":"Carnage","floor":0},{"not_picked":["True Grit","Thunderclap"],"picked":"Spot Weakness","floor":0},{"not_picked":["Evolve","Power Through"],"picked":"Headbutt","floor":0},{"not_picked":["Rampage","Body Slam"],"picked":"Iron Wave","floor":0},{"not_picked":["Combust","Feel No Pain"],"picked":"Anger","floor":0},{"not_picked":["Thunderclap","Shockwave"],"picked":"Perfected Strike","floor":0},{"not_picked":["Headbutt","Flex"],"picked":"Shrug It Off","floor":0},{"not_picked":["Dual Wield","Blood for Blood"],"picked":"Armaments","floor":0},{"not_picked":["Rupture","Sword Boomerang"],"picked":"Heavy Blade","floor":0},{"not_picked":["Wild Strike","Sever Soul"],"picked":"Armaments","floor":1},{"not_picked":["Intimidate","Armaments"],"picked":"Shrug It Off","floor":3},{"not_picked":["True Grit","Pommel Strike"],"picked":"Metallicize","floor":5},{"not_picked":["Cleave","Dark Embrace","Power Through"],"picked":"SKIP","floor":7},{"not_picked":["Searing Blow","True Grit","Pommel Strike"],"picked":"SKIP","floor":10},{"not_picked":["Whirlwind","Searing Blow"],"picked":"Ghostly Armor","floor":11},{"not_picked":["Twin Strike","Searing Blow"],"picked":"Metallicize","floor":12},{"not_picked":["Havoc","Dropkick"],"picked":"Rage","floor":13},{"not_picked":["Dual Wield","Clothesline"],"picked":"Infernal Blade","floor":14},{"not_picked":["Brutality","Bludgeon"],"picked":"Limit Break","floor":16},{"not_picked":["Heavy Blade","Wild Strike"],"picked":"Anger+1","floor":18},{"not_picked":["Heavy Blade","Second Wind"],"picked":"Anger+1","floor":19},{"not_picked":["Clothesline","Headbutt"],"picked":"Pommel Strike+1","floor":21},{"not_picked":["Headbutt","Hemokinesis+1"],"picked":"Disarm+1","floor":24},{"not_picked":["Barricade","Limit Break"],"picked":"Spot Weakness+1","floor":27},{"not_picked":["Dual Wield+1","Pummel+1"],"picked":"Thunderclap+1","floor":28},{"not_picked":["Pommel Strike","Feel No Pain+1","True Grit"],"picked":"SKIP","floor":29},{"not_picked":["True Grit+1","Pummel","Twin Strike"],"picked":"SKIP","floor":30},{"not_picked":["Immolate","Barricade"],"picked":"Exhume","floor":33},{"not_picked":["Flex","True Grit"],"picked":"Shrug It Off+1","floor":35},{"not_picked":["Uppercut+1","Entrench"],"picked":"Metallicize+1","floor":36},{"not_picked":["Headbutt+1","Twin Strike"],"picked":"Anger+1","floor":39},{"not_picked":["Seeing Red+1","Uppercut"],"picked":"Dual Wield+1","floor":41},{"not_picked":["Hemokinesis","Clothesline"],"picked":"Havoc+1","floor":42},{"not_picked":["Clash+1","Hemokinesis+1","Searing Blow"],"picked":"Anger+1","floor":44},{"not_picked":["Combust","Clothesline","Rupture","Second Wind+1"],"picked":"SKIP","floor":48}],"player_experience":175350,"relics_obtained":[{"floor":9,"key":"Paper Frog"},{"floor":14,"key":"Torii"},{"floor":26,"key":"Oddly Smooth Stone"},{"floor":27,"key":"Meat on the Bone"},{"floor":31,"key":"Unceasing Top"},{"floor":43,"key":"Question Card"},{"floor":44,"key":"Juzu Bracelet"},{"floor":46,"key":"Kunai"}],"event_choices":[{"cards_removed":["Heavy Blade"],"damage_healed":5,"gold_gain":0,"player_choice":"Offered Common","damage_taken":0,"max_hp_gain":0,"max_hp_loss":0,"event_name":"Bonfire Elementals","floor":4,"gold_loss":0},{"cards_removed":["Heavy Blade"],"damage_healed":5,"gold_gain":0,"player_choice":"Offered Special","damage_taken":0,"max_hp_gain":0,"max_hp_loss":0,"event_name":"Bonfire Elementals","floor":4,"gold_loss":0},{"cards_removed":["Perfected Strike"],"damage_healed":0,"gold_gain":0,"player_choice":"Purged","damage_taken":0,"max_hp_gain":0,"max_hp_loss":0,"event_name":"Purifier","floor":22,"gold_loss":0},{"damage_healed":0,"gold_gain":0,"player_choice":"Forge","damage_taken":0,"max_hp_gain":0,"max_hp_loss":0,"event_name":"Accursed Blacksmith","floor":37,"gold_loss":0,"cards_upgraded":["Armaments"]},{"damage_healed":0,"gold_gain":0,"player_choice":"Bought 0 Potions","damage_taken":0,"max_hp_gain":0,"max_hp_loss":0,"event_name":"The Woman in Blue","floor":45,"gold_loss":0}],"is_beta":false,"boss_relics":[{"not_picked":["Eternal Feather","Runic Dome"],"picked":"Snecko Eye"},{"not_picked":["Philosopher\u0027s Stone","Orrery"],"picked":"Empty Cage"}],"items_purged_floors":[20,38],"is_endless":false,"potions_floor_spawned":[5,7,11,12,13,16,18,28,30,35,36,41,48],"ascension_level":0}