{"gold_per_floor":[110,121,141,46,64,97,97,114,139,139,139,149,182,162,162,258,258,198,198,198,198,198,198,198,198,198,198,198,198,198,198,198,198,198,198,198,198,198,123,123,123,123,123,123,123,123,123,123,123,123],"floor_reached":51,"playtime":6205,"items_purged":["Defend_G"],"score":1001,"play_id":"1f8aafce-b6eb-4889-bde2-f0d062d0aa94","local_time":"20180729170642","is_ascension_mode":true,"campfire_choices":[{"data":"Neutralize","floor":7,"key":"SMITH"},{"data":"Footwork","floor":10,"key":"SMITH"},{"data":"Noxious Fumes","floor":15,"key":"SMITH"},{"data":"After Image","floor":23,"key":"SMITH"},{"data":"All Out Attack","floor":27,"key":"SMITH"},{"floor":32,"key":"REST"},{"floor":42,"key":"REST"},{"data":"A Thousand Cuts","floor":46,"key":"SMITH"},{"data":"A Thousand Cuts","floor":49,"key":"SMITH"}],"neow_cost":"NONE","seed_source_timestamp":423965836808170,"circlet_count":0,"master_deck":["Defend_G","Defend_G","Defend_G","Strike_G","Strike_G","Strike_G+1","Survivor","Neutralize+1","All Out Attack+1","Dash","Dash+1","Footwork+1","Flying Knee","Crippling Poison","Endless Agony","PiercingWail","Noxious Fumes+1","After Image+1","Riddle With Holes+1","Calculated Gamble","A Thousand Cuts+1","A Thousand Cuts+1","Tools of the Trade+1","Terror+1","Tactician+1","Catalyst+1","Leg Sweep","Noxious Fumes+1","Well Laid Plans"],"relics":["Ring of the Snake","Peace Pipe","Regal Pillow","Omamori","Ectoplasm","Enchiridion","Boot","Centennial Puzzle","Astrolabe","Tingsha","Sundial"],"potions_floor_usage":[1,13,16,22,25,25,29,33,41,48,48,50],"damage_taken":[{"damage":0,"enemies":"2 Louse","floor":1,"turns":4},{"damage":0,"enemies":"Cultist","floor":2,"turns":3},{"damage":0,"enemies":"Jaw Worm","floor":3,"turns":4},{"damage":0,"enemies":"Red Slaver","floor":5,"turns":4},{"damage":0,"enemies":"3 Sentries","floor":6,"turns":8},{"damage":0,"enemies":"Blue Slaver","floor":8,"turns":4},{"damage":0,"enemies":"2 Fungi Beasts","floor":12,"turns":4},{"damage":2,"enemies":"Gremlin Nob","floor":13,"turns":3},{"damage":4,"enemies":"The Guardian","floor":16,"turns":11},{"damage":18,"enemies":"2 Thieves","floor":18,"turns":5},{"damage":2,"enemies":"Chosen","floor":19,"turns":6},{"damage":10,"enemies":"Centurion and Healer","floor":22,"turns":8},{"damage":8,"enemies":"Slavers","floor":25,"turns":5},{"damage":0,"enemies":"Chosen and Byrds","floor":28,"turns":4},{"damage":5,"enemies":"Cultist and Chosen","floor":29,"turns":6},{"damage":0,"enemies":"Centurion and Healer","floor":30,"turns":7},{"damage":1,"enemies":"Snecko","floor":31,"turns":5},{"damage":29,"enemies":"Automaton","floor":33,"turns":12},{"damage":4,"enemies":"Flame Bruiser 1 Orb","floor":35,"turns":5},{"damage":13,"enemies":"Orb Walker","floor":36,"turns":5},{"damage":0,"enemies":"Flame Bruiser 2 Orb","floor":37,"turns":5},{"damage":39,"enemies":"Giant Head","floor":40,"turns":9},{"damage":0,"enemies":"3 Darklings","floor":41,"turns":4},{"damage":14,"enemies":"4 Shapes","floor":44,"turns":4},{"damage":3,"enemies":"Flame Bruiser 2 Orb","floor":45,"turns":5},{"damage":5,"enemies":"3 Darklings","floor":48,"turns":4},{"damage":34,"enemies":"Donu and Deca","floor":50,"turns":9}],"seed_played":"-4865269978278055640","potions_obtained":[{"floor":1,"key":"FearPotion"},{"floor":14,"key":"EssenceOfSteel"},{"floor":19,"key":"Poison Potion"},{"floor":21,"key":"Regen Potion"},{"floor":22,"key":"Swift Potion"},{"floor":28,"key":"Strength Potion"},{"floor":35,"key":"PowerPotion"},{"floor":36,"key":"PowerPotion"},{"floor":41,"key":"AttackPotion"},{"floor":45,"key":"SkillPotion"}],"is_trial":false,"path_per_floor":["M","M","M","$","M","E","R","M","T","R","?","M","E","?","R","B",null,"M","M","?","?","M","R","?","E","T","R","M","M","M","M","R","B",null,"M","M","M","?","$","E","M","R","T","M","M","R","?","M","R","B"],"character_chosen":"THE_SILENT","items_purchased":["Footwork","Flying Knee"],"campfire_rested":2,"item_purchase_floors":[4,4],"current_hp_per_floor":[63,63,63,63,63,63,63,63,63,63,49,49,47,47,47,43,63,45,43,27,27,32,32,19,11,11,11,11,6,6,5,42,13,60,56,43,43,75,75,36,36,73,73,59,56,56,75,70,70,36],"gold":123,"neow_bonus":"THREE_SMALL_POTIONS","is_prod":false,"is_daily":false,"chose_seed":false,"campfire_upgraded":7,"win_rate":0,"timestamp":1532848002,"path_taken":["M","M","M","$","M","E","R","M","T","R","?","M","E","?","R","BOSS","M","M","?","?","?","R","?","E","T","R","M","M","M","?","R","BOSS","M","?","M","?","$","E","M","R","T","M","?","R","?","M","R","BOSS"],"build_version":"2018-07-26","purchased_purges":1,"victory":true,"max_hp_per_floor":[70,70,70,70,70,70,70,70,70,70,70,70,70,70,70,70,70,70,70,70,70,70,70,75,75,75,75,75,75,75,75,75,75,75,75,75,75,75,75,75,75,75,75,75,75,75,75,75,75,75],"card_choices":[{"not_picked":["Riddle With Holes","Deflect"],"picked":"All Out Attack","floor":1},{"not_picked":["Deflect","Dagger Throw"],"picked":"Dash","floor":2},{"not_picked":["Predator","Quick Slash"],"picked":"Dash","floor":3},{"not_picked":["Blade Dance","Backflip"],"picked":"Crippling Poison","floor":5},{"not_picked":["Catalyst","Reflex"],"picked":"Endless Agony","floor":6},{"not_picked":["Riddle With Holes","Bouncing Flask","Underhanded Strike"],"picked":"SKIP","floor":8},{"not_picked":["All Out Attack","Crippling Poison"],"picked":"PiercingWail","floor":12},{"not_picked":["Backstab","Slice"],"picked":"Noxious Fumes","floor":13},{"not_picked":["Glass Knife","Doppelganger"],"picked":"After Image","floor":16},{"not_picked":["Predator","Outmaneuver","Choke"],"picked":"SKIP","floor":18},{"not_picked":["Prepared","Reflex"],"picked":"Riddle With Holes+1","floor":19},{"not_picked":["Choke","Concentrate"],"picked":"Calculated Gamble","floor":22},{"not_picked":["Underhanded Strike","PiercingWail","Envenom"],"picked":"SKIP","floor":25},{"not_picked":["Blade Dance","Acrobatics","Sucker Punch"],"picked":"SKIP","floor":28},{"not_picked":["Dash","Prepared","Dodge and Roll"],"picked":"SKIP","floor":29},{"not_picked":["Quick Slash","Flechettes","Riddle With Holes"],"picked":"SKIP","floor":30},{"not_picked":["Expertise","Flying Knee"],"picked":"A Thousand Cuts","floor":31},{"not_picked":["Corpse Explosion","Bullet Time"],"picked":"A Thousand Cuts","floor":33},{"not_picked":["Acrobatics+1","Deadly Poison+1"],"picked":"Tactician+1","floor":35},{"not_picked":["Slice+1","Eviscerate"],"picked":"Catalyst+1","floor":36},{"not_picked":["Terror","Poisoned Stab+1"],"picked":"Leg Sweep","floor":37},{"not_picked":["Outmaneuver+1","Dagger Throw","Crippling Poison"],"picked":"SKIP","floor":40},{"not_picked":["Dagger Throw+1","Backflip+1"],"picked":"Noxious Fumes+1","floor":41},{"not_picked":["Blur","Flying Knee+1"],"picked":"Well Laid Plans","floor":44},{"not_picked":["Accuracy+1","Bane+1","Dagger Throw"],"picked":"SKIP","floor":45},{"not_picked":["Crippling Poison+1","Sucker Punch","Heel Hook+1"],"picked":"SKIP","floor":48}],"player_experience":235037,"relics_obtained":[{"floor":6,"key":"Peace Pipe"},{"floor":9,"key":"Regal Pillow"},{"floor":13,"key":"Omamori"},{"floor":20,"key":"Enchiridion"},{"floor":25,"key":"Boot"},{"floor":26,"key":"Centennial Puzzle"},{"floor":40,"key":"Tingsha"},{"floor":43,"key":"Sundial"}],"event_choices":[{"event_name":"Shining Light","player_choice":"Entered Light","floor":11,"damage_taken":0},{"event_name":"The Woman in Blue","player_choice":"Bought 1 Potion","floor":14,"damage_taken":0},{"event_name":"Cursed Tome","player_choice":"Obtained Book","floor":20,"damage_taken":0},{"event_name":"The Lab","player_choice":"Got Potions","floor":21,"damage_taken":0},{"event_name":"Forgotten Altar","player_choice":"Shed Blood","floor":24,"damage_taken":0},{"event_name":"Bonfire Elementals","player_choice":"UNCOMMON","floor":38,"damage_taken":0},{"event_name":"Winding Halls","player_choice":"Writhe","floor":47,"damage_taken":0}],"is_beta":false,"boss_relics":[{"not_picked":["Busted Crown","Tiny House"],"picked":"Ectoplasm"},{"not_picked":["Runic Pyramid","Eternal Feather"],"picked":"Astrolabe"}],"items_purged_floors":[39],"is_endless":false,"potions_floor_spawned":[1,3,5,6,19,22,28,35,36,41,45],"ascension_level":9}