{"gold_per_floor":[14,14,28,43,60,74,74,74,74,104,54,54,34,60,60,158,158,172,198,198,213,213,213,233,233,233,252,272,115,115,115,115,218,218,237,237,237,89,107,107,127,143,143,143,143,160,160,7,7,7,7,7,7,7],"floor_reached":54,"playtime":3608,"items_purged":["Writhe","Doubt"],"score":647,"play_id":"6e2abc8c-94a0-4d5f-834e-9a7451a2b29e","local_time":"20190328215157","is_ascension_mode":false,"campfire_choices":[{"floor":8,"key":"REST"},{"floor":12,"key":"RECALL"},{"data":"Zap","floor":15,"key":"SMITH"},{"data":"Rainbow","floor":23,"key":"SMITH"},{"data":"Defragment","floor":25,"key":"SMITH"},{"data":"Static Discharge","floor":32,"key":"SMITH"},{"floor":40,"key":"REST"},{"floor":47,"key":"REST"},{"floor":49,"key":"REST"},{"data":"Go for the Eyes","floor":52,"key":"SMITH"}],"neow_cost":"NO_GOLD","seed_source_timestamp":22228238306334,"circlet_count":0,"master_deck":["Defend_B+1","Defend_B","Defend_B","Zap+1","Dualcast","Go for the Eyes+1","Leap","Steam","Rainbow+1","Conserve Battery","Biased Cognition","Redo","Echo Form","Reprogram","Ball Lightning","Bite","Bite","Bite","Bite","Bite","Defragment+1","Barrage+1","Chill","Static Discharge+1","Reboot","Lockon+1","Leap+1","Go for the Eyes+1","Injury","Good Instincts","Writhe"],"relics":["Cracked Core","Torii","Ancient Tea Set","Ginger","Cursed Key","Art of War","Meat on the Bone","Gremlin Horn","Lizard Tail","Letter Opener","Strawberry"],"potions_floor_usage":[14,14,16,16,18,24,30,33,35,50],"damage_taken":[{"damage":1,"enemies":"2 Louse","floor":1,"turns":2},{"damage":0,"enemies":"Cultist","floor":3,"turns":3},{"damage":1,"enemies":"Small Slimes","floor":4,"turns":3},{"damage":1,"enemies":"2 Fungi Beasts","floor":5,"turns":3},{"damage":2,"enemies":"Exordium Wildlife","floor":6,"turns":5},{"damage":1,"enemies":"Lagavulin","floor":10,"turns":7},{"damage":12,"enemies":"Gremlin Nob","floor":14,"turns":4},{"damage":15,"enemies":"Slime Boss","floor":16,"turns":9},{"damage":10,"enemies":"2 Thieves","floor":18,"turns":4},{"damage":14,"enemies":"3 Byrds","floor":21,"turns":4},{"damage":9,"enemies":"Snake Plant","floor":24,"turns":4},{"damage":2,"enemies":"Snecko","floor":27,"turns":5},{"damage":9,"enemies":"Cultist and Chosen","floor":28,"turns":5},{"damage":0,"enemies":"Snake Plant","floor":30,"turns":1},{"damage":38,"enemies":"Collector","floor":33,"turns":9},{"damage":25,"enemies":"3 Darklings","floor":35,"turns":4},{"damage":27,"enemies":"Orb Walker","floor":39,"turns":5},{"damage":18,"enemies":"3 Darklings","floor":41,"turns":3},{"damage":20,"enemies":"Spire Growth","floor":42,"turns":5},{"damage":37,"enemies":"Jaw Worm Horde","floor":46,"turns":6},{"damage":68,"enemies":"Donu and Deca","floor":50,"turns":8},{"damage":67,"enemies":"Shield and Spear","floor":54,"turns":5}],"seed_played":"1859674923860960739","potions_obtained":[{"floor":3,"key":"SpeedPotion"},{"floor":4,"key":"SkillPotion"},{"floor":13,"key":"AttackPotion"},{"floor":14,"key":"Regen Potion"},{"floor":16,"key":"Swift Potion"},{"floor":18,"key":"SkillPotion"},{"floor":27,"key":"Strength Potion"},{"floor":28,"key":"SmokeBomb"},{"floor":33,"key":"SkillPotion"},{"floor":41,"key":"SteroidPotion"},{"floor":46,"key":"GamblersBrew"}],"is_trial":false,"path_per_floor":["?","?","?","T","?","?","?","?","?","?","?"],"character_chosen":"DEFECT","items_purchased":["Static Discharge","Weak Potion","Strawberry"],"campfire_rested":4,"item_purchase_floors":[29,38,48],"current_hp_per_floor":[74,59,59,58,57,55,55,75,75,74,74,74,74,62,62,62,75,65,65,65,51,51,51,45,45,45,52,45,45,47,47,47,38,52,33,33,33,33,26,41,29,29,29,29,42,25,40,47,59,41,59,59,59,0],"gold":7,"neow_bonus":"ONE_RARE_RELIC","is_prod":false,"is_daily":false,"chose_seed":false,"campfire_upgraded":5,"win_rate":0,"timestamp":1553824317,"path_taken":["M","?","M","M","M","M","$","R","T","E","?","R","?","E","R","BOSS","M","?","?","M","?","R","M","R","T","M","M","$","M","?","R","BOSS","M","?","?","$","M","R","M","M","T","?","?","M","R","$","R","BOSS","R","$","E"],"build_version":"2019-01-23","purchased_purges":2,"victory":false,"max_hp_per_floor":[75,75,75,75,75,75,75,75,75,75,75,75,75,75,75,75,75,75,75,75,75,52,52,52,52,52,52,52,52,52,52,52,52,52,52,52,52,52,52,52,52,52,52,52,52,52,52,59,59,59,59,59,59,59],"card_choices":[{"not_picked":["Reinforced Body","Heatsinks"],"picked":"Go for the Eyes","floor":1},{"not_picked":["Streamline","Doom and Gloom"],"picked":"Leap","floor":3},{"not_picked":["Tempest","Hologram"],"picked":"Steam","floor":4},{"not_picked":["Compile Driver","Turbo"],"picked":"Rainbow","floor":5},{"not_picked":["Sweeping Beam","Rebound"],"picked":"Conserve Battery","floor":6},{"not_picked":["Stack","Genetic Algorithm"],"picked":"Biased Cognition","floor":10},{"not_picked":["Conserve Battery","All For One"],"picked":"Redo","floor":14},{"not_picked":["Machine Learning","Thunder Strike"],"picked":"Echo Form","floor":16},{"not_picked":["Leap","Gash"],"picked":"Reprogram","floor":18},{"not_picked":["Chill","Capacitor+1"],"picked":"Ball Lightning","floor":21},{"not_picked":["Compile Driver","Scrape"],"picked":"Defragment","floor":24},{"not_picked":["Streamline","Conserve Battery"],"picked":"Barrage+1","floor":27},{"not_picked":["Multi-Cast","Fusion"],"picked":"Chill","floor":28},{"not_picked":["Hyperbeam","Fission"],"picked":"Reboot","floor":33},{"not_picked":["Sweeping Beam","Compile Driver"],"picked":"Lockon+1","floor":35},{"not_picked":["Tempest+1","Stack+1"],"picked":"Leap+1","floor":39},{"not_picked":["Heatsinks","Sweeping Beam"],"picked":"Go for the Eyes+1","floor":41},{"not_picked":["Streamline+1","Compile Driver+1","Turbo+1"],"picked":"SKIP","floor":42},{"not_picked":["Purity","Secret Weapon"],"picked":"Good Instincts","floor":44},{"not_picked":["Doom and Gloom","Go for the Eyes+1","Storm+1"],"picked":"SKIP","floor":46},{"not_picked":["Doom and Gloom","Go for the Eyes+1","Storm+1"],"picked":"SKIP","floor":46}],"player_experience":82233,"relics_obtained":[{"floor":10,"key":"Ancient Tea Set"},{"floor":14,"key":"Ginger"},{"floor":19,"key":"Art of War"},{"floor":26,"key":"Gremlin Horn"},{"floor":43,"key":"Letter Opener"}],"event_choices":[{"damage_healed":0,"gold_gain":0,"player_choice":"Entered Light","damage_taken":15,"max_hp_gain":0,"max_hp_loss":0,"event_name":"Shining Light","floor":2,"gold_loss":0,"cards_upgraded":["Defend_B","Strike_B"]},{"cards_removed":["Strike_B"],"damage_healed":0,"gold_gain":0,"player_choice":"Card Removal","damage_taken":0,"max_hp_gain":0,"max_hp_loss":0,"event_name":"The Cleric","floor":11,"gold_loss":50},{"damage_healed":0,"gold_gain":0,"player_choice":"Bought 1 Potion","damage_taken":0,"max_hp_gain":0,"max_hp_loss":0,"event_name":"The Woman in Blue","floor":13,"gold_loss":0},{"damage_healed":0,"gold_gain":0,"player_choice":"Opened","damage_taken":0,"relics_obtained":["Meat on the Bone"],"max_hp_gain":0,"max_hp_loss":0,"event_name":"The Mausoleum","floor":20,"gold_loss":0,"cards_obtained":["Writhe"]},{"damage_healed":0,"gold_gain":0,"player_choice":"Became a vampire","damage_taken":0,"max_hp_gain":0,"max_hp_loss":23,"event_name":"Vampires","floor":22,"gold_loss":0,"cards_obtained":["Bite","Bite","Bite","Bite","Bite"]},{"cards_removed":["Writhe"],"damage_healed":0,"gold_gain":0,"player_choice":"Elegance","damage_taken":0,"max_hp_gain":0,"max_hp_loss":0,"event_name":"Back to Basics","floor":31,"gold_loss":0},{"damage_healed":0,"gold_gain":0,"player_choice":"Ignored","damage_taken":0,"max_hp_gain":0,"max_hp_loss":0,"event_name":"Tomb of Lord Red Mask","floor":36,"gold_loss":0},{"cards_removed":["Defend_B"],"damage_healed":0,"gold_gain":0,"player_choice":"Removed Skill","damage_taken":0,"max_hp_gain":0,"max_hp_loss":0,"event_name":"Falling","floor":37,"gold_loss":0},{"damage_healed":0,"gold_gain":0,"player_choice":"Memory 1","damage_taken":0,"max_hp_gain":0,"max_hp_loss":0,"event_name":"SensoryStone","floor":44,"gold_loss":0},{"damage_healed":13,"gold_gain":0,"player_choice":"Writhe","damage_taken":0,"max_hp_gain":0,"max_hp_loss":0,"event_name":"Winding Halls","floor":45,"gold_loss":0,"cards_obtained":["Writhe"]}],"is_beta":false,"boss_relics":[{"not_picked":["Calling Bell","Fusion Hammer"],"picked":"Cursed Key"},{"not_picked":["Runic Pyramid","Nuclear Battery"],"picked":"Lizard Tail"}],"items_purged_floors":[29,38],"is_endless":false,"potions_floor_spawned":[3,4,14,16,18,27,28,33,41,46],"killed_by":"Shield and Spear","ascension_level":0}