{"gold_per_floor":[115,134,134,8,83,83,116,129,129,159,189,189,223,237,237,310,310,327,341,341,352,47,102,102,137,137,137,163,163,85,102,102,178,178,192,292,292,292,292,292],"floor_reached":40,"playtime":7219,"items_purged":["Regret","Strike_G"],"score":889,"play_id":"df3795f8-d24a-44f0-9fec-fffda90d8bc9","local_time":"20190417012012","is_ascension_mode":true,"campfire_choices":[{"data":"Leg Sweep","floor":6,"key":"SMITH"},{"data":"Dagger Spray","floor":12,"key":"SMITH"},{"data":"Skewer","floor":15,"key":"SMITH"},{"data":"Predator","floor":24,"key":"SMITH"},{"data":"Caltrops","floor":27,"key":"SMITH"},{"data":"Cloak And Dagger","floor":29,"key":"SMITH"},{"data":"Noxious Fumes","floor":32,"key":"SMITH"}],"neow_cost":"NONE","seed_source_timestamp":104522760201900,"circlet_count":0,"master_deck":["AscendersBane","Defend_G","Defend_G","Defend_G","Defend_G","Defend_G","Strike_G","Strike_G","Strike_G","Strike_G","Survivor","Neutralize","Cloak And Dagger","Leg Sweep+1","Dagger Throw","Dagger Spray+1","Slice","Caltrops+1","Skewer+1","After Image","Choke","Underhanded Strike+1","Predator+1","Cloak And Dagger+1","Backflip+1","Noxious Fumes+1","Malaise"],"relics":["Ring of the Snake","NeowsBlessing","Meat on the Bone","Pen Nib","Pear","Gremlin Horn","Torii","Boot","Snecko Eye","Lee\u0027s Waffle","Tiny Chest","Pantograph","Du-Vu Doll","Eternal Feather","Bird Faced Urn"],"potions_floor_usage":[13,16,23,33,36,40],"damage_taken":[{"damage":0,"enemies":"2 Louse","floor":1,"turns":1},{"damage":0,"enemies":"Jaw Worm","floor":2,"turns":1},{"damage":0,"enemies":"3 Sentries","floor":7,"turns":2},{"damage":4,"enemies":"Small Slimes","floor":8,"turns":5},{"damage":23,"enemies":"Lagavulin","floor":11,"turns":10},{"damage":2,"enemies":"3 Sentries","floor":13,"turns":7},{"damage":0,"enemies":"3 Louse","floor":14,"turns":1},{"damage":23,"enemies":"Slime Boss","floor":16,"turns":11},{"damage":1,"enemies":"3 Byrds","floor":18,"turns":5},{"damage":0,"enemies":"Shell Parasite","floor":19,"turns":4},{"damage":1,"enemies":"3 Cultists","floor":21,"turns":6},{"damage":8,"enemies":"Slavers","floor":23,"turns":3},{"damage":9,"enemies":"Book of Stabbing","floor":25,"turns":6},{"damage":0,"enemies":"Slavers","floor":28,"turns":4},{"damage":0,"enemies":"Centurion and Healer","floor":31,"turns":3},{"damage":8,"enemies":"Collector","floor":33,"turns":8},{"damage":0,"enemies":"3 Shapes","floor":35,"turns":4},{"damage":0,"enemies":"Mind Bloom Boss Battle","floor":36,"turns":7},{"damage":98,"enemies":"Giant Head","floor":40,"turns":9}],"seed_played":"-8168600232519160743","potions_obtained":[{"floor":7,"key":"GamblersBrew"},{"floor":13,"key":"LiquidBronze"},{"floor":14,"key":"LiquidBronze"},{"floor":21,"key":"AttackPotion"},{"floor":28,"key":"Energy Potion"},{"floor":31,"key":"Fire Potion"},{"floor":35,"key":"FearPotion"}],"is_trial":false,"path_per_floor":["M","M","?","$","?","R","E","M","T","?","E","R","E","M","R","B",null,"M","M","?","M","$","E","R","E","T","R","E","R","$","M","R","B",null,"M","?","?","?","?","E"],"character_chosen":"THE_SILENT","items_purchased":["Dagger Throw","Lee\u0027s Waffle","Noxious Fumes"],"campfire_rested":0,"item_purchase_floors":[4,22,30],"current_hp_per_floor":[59,59,59,59,48,48,48,44,54,54,43,43,41,41,41,30,65,64,64,64,63,83,75,75,66,66,66,66,66,66,66,66,75,81,81,83,83,83,79,0],"gold":292,"neow_bonus":"THREE_ENEMY_KILL","is_prod":false,"is_daily":false,"chose_seed":false,"campfire_upgraded":7,"win_rate":0,"timestamp":1555428012,"path_taken":["M","M","?","$","?","R","E","M","T","?","E","R","E","M","R","BOSS","M","M","?","M","$","E","R","E","T","R","E","R","$","M","R","BOSS","M","?","?","?","?","E"],"build_version":"2019-01-23","purchased_purges":2,"victory":false,"max_hp_per_floor":[66,66,66,66,66,66,66,66,76,76,76,76,76,76,76,76,76,76,76,76,76,83,83,83,83,83,83,83,83,83,83,83,83,83,83,83,83,83,79,79],"card_choices":[{"not_picked":["Underhanded Strike","Tactician"],"picked":"Cloak And Dagger","floor":1},{"not_picked":["Acrobatics","Outmaneuver"],"picked":"Leg Sweep","floor":2},{"not_picked":["Distraction","Slice"],"picked":"Dagger Spray","floor":7},{"not_picked":["Backflip","Dodge and Roll"],"picked":"Slice","floor":8},{"not_picked":["Acrobatics","Reflex"],"picked":"Caltrops","floor":11},{"not_picked":["Quick Slash","Leg Sweep"],"picked":"Skewer","floor":13},{"not_picked":["Flechettes","Prepared","Slice"],"picked":"SKIP","floor":14},{"not_picked":["Wraith Form v2","Doppelganger"],"picked":"After Image","floor":16},{"not_picked":["Tactician","Endless Agony"],"picked":"Choke","floor":18},{"not_picked":["Flying Knee","Prepared","Bane"],"picked":"SKIP","floor":19},{"not_picked":["Escape Plan","Sucker Punch"],"picked":"Underhanded Strike+1","floor":21},{"not_picked":["Caltrops+1","Die Die Die"],"picked":"Predator","floor":23},{"not_picked":["Prepared","Cloak And Dagger","Dagger Spray"],"picked":"SKIP","floor":25},{"not_picked":["Prepared","Dagger Spray"],"picked":"Cloak And Dagger","floor":25},{"not_picked":["Escape Plan","Reflex"],"picked":"Backflip+1","floor":28},{"not_picked":["Flying Knee","Concentrate","Cloak And Dagger"],"picked":"SKIP","floor":31},{"not_picked":["Grand Finale","Adrenaline"],"picked":"Malaise","floor":33},{"not_picked":["Poisoned Stab","Dagger Spray","Flying Knee"],"picked":"SKIP","floor":35}],"player_experience":630968,"relics_obtained":[{"floor":7,"key":"Pen Nib"},{"floor":9,"key":"Pear"},{"floor":11,"key":"Torii"},{"floor":13,"key":"Boot"},{"floor":23,"key":"Tiny Chest"},{"floor":25,"key":"Pantograph"},{"floor":28,"key":"Du-Vu Doll"},{"floor":36,"key":"Bird Faced Urn"}],"event_choices":[{"damage_healed":0,"gold_gain":0,"player_choice":"Box","damage_taken":0,"relics_obtained":["Meat on the Bone"],"max_hp_gain":0,"max_hp_loss":0,"event_name":"Big Fish","floor":3,"gold_loss":0,"cards_obtained":["Regret"]},{"damage_healed":0,"gold_gain":75,"player_choice":"Gather Gold","damage_taken":11,"max_hp_gain":0,"max_hp_loss":0,"event_name":"World of Goop","floor":5,"gold_loss":0},{"damage_healed":0,"gold_gain":30,"player_choice":"Searched \u00272\u0027 times","damage_taken":0,"relics_obtained":["Gremlin Horn"],"max_hp_gain":0,"max_hp_loss":0,"event_name":"Dead Adventurer","floor":10,"gold_loss":0},{"damage_healed":0,"gold_gain":0,"player_choice":"Ignored","damage_taken":0,"max_hp_gain":0,"max_hp_loss":0,"event_name":"Ghosts","floor":20,"gold_loss":0},{"damage_healed":0,"gold_gain":0,"player_choice":"Fight","damage_taken":0,"max_hp_gain":0,"max_hp_loss":0,"event_name":"MindBloom","floor":36,"gold_loss":0},{"damage_healed":0,"gold_gain":0,"player_choice":"Memory 1","damage_taken":0,"max_hp_gain":0,"max_hp_loss":0,"event_name":"SensoryStone","floor":37,"gold_loss":0},{"damage_healed":0,"gold_gain":0,"player_choice":"Ignored","damage_taken":0,"max_hp_gain":0,"max_hp_loss":0,"event_name":"Tomb of Lord Red Mask","floor":38,"gold_loss":0},{"damage_healed":0,"gold_gain":0,"player_choice":"Max HP","damage_taken":0,"max_hp_gain":0,"max_hp_loss":4,"event_name":"Winding Halls","floor":39,"gold_loss":0}],"is_beta":false,"boss_relics":[{"not_picked":["Lizard Tail","Calling Bell"],"picked":"Snecko Eye"},{"not_picked":["Orrery","Tiny House"],"picked":"Eternal Feather"}],"items_purged_floors":[4,22],"is_endless":false,"potions_floor_spawned":[7,13,14,21,28,31,35],"killed_by":"Giant Head","ascension_level":15}